3176 5064
223 278 275 334 346
675 259 678 264 ¹
711 279 814 330 Pmrs
833 279 944 330 Parcius

214 507 392 579 persuasum
421 490 581 564 habebant,
607 508 693 564 quum
723 490 761 549 ad
782 489 980 549 Romanenses
1007 489 1132 562 rediret,
1163 487 1317 549 manifesta
1343 489 1455 549 homi-

222 613 288 656 nem
311 595 439 654 vauitate
459 596 490 653 in
509 611 597 654 causa
617 593 715 654 fuisse.
768 595 870 667 Neque
894 593 969 653 euim
993 593 1184 654 excusabatur
1204 595 1326 668 injuria,
1349 611 1452 668 quam

222 699 365 772 subierat,
398 699 567 773 gravissime
591 715 661 758 sane
691 698 742 757 sed
772 714 837 756 mox
867 703 1013 771 reparata.
1072 697 1191 772 Odimu,
1224 697 1301 771 quod
1324 697 1454 756 tamdiu

223 804 383 876 celaverat,
405 820 483 861 nnnc
505 803 598 862 subito
622 819 792 877 erumpens,
808 804 919 876 justam
941 802 1057 860 illorum
1078 801 1152 860 iram
1174 802 1319 861 excitavit.
1364 802 1451 874 Quis

223 909 301 966 euim
330 905 408 967 ferre
439 911 553 981 poterat
583 905 761 978 transfugam
794 911 824 964 et
852 906 1040 980 proditorem,
1073 907 1122 979 qui
1148 907 1179 964 in
1210 907 1307 966 aliena
1339 911 1452 965 castra

222 1016 370 1084 receptus,
396 1009 559 1084 confestim,
583 1009 720 1084 quidquid
739 1009 882 1069 humanae
904 1007 1079 1070 infirmitatis
1099 1015 1130 1069 et
1144 1010 1343 1083 perversitatis
1357 1009 1448 1084 apud

223 1115 405 1174 Lutherauoe
441 1115 702 1189 animadverterat,
740 1113 917 1173 odiosissime
947 1119 1061 1172 auctum
1092 1115 1257 1186 evulgavit?
1301 1113 1449 1186 Inprimis

223 1236 321 1278 eorum
342 1217 535 1294 vexilliferos,
557 1236 628 1293 quos
649 1220 776 1294 vocavit,
800 1219 957 1277 immodicis
981 1219 1118 1276 conviciis
1140 1219 1295 1278 incessivit.
1347 1217 1448 1276 Eras-

223 1341 284 1383 mus
307 1325 404 1397 aliqum
423 1325 488 1398 jure
510 1323 671 1383 Lutberum
692 1329 860 1398 notaverat,
886 1323 962 1395 quod
983 1323 1078 1382 caecis
1098 1321 1290 1382 sectatoribus
1314 1328 1343 1380 et
1364 1321 1447 1380 adu-

222 1427 361 1488 latoribus
383 1443 441 1486 non
464 1429 534 1486 satis
552 1427 668 1486 fortiter
688 1428 854 1502 resisteret,
876 1426 1005 1486 Vicelius
1027 1433 1059 1485 ut
1080 1427 1234 1500 pessimum
1257 1427 1446 1484 haereticum

223 1537 255 1591 et
290 1537 443 1606 tymnnum
479 1533 559 1591 illum
588 1532 732 1605 depinxit,
769 1531 964 1591 Romanorum
997 1531 1111 1590 seilicet
1144 1531 1268 1604 gratiam
1302 1535 1333 1588 et
1364 1527 1447 1587 fidu·

223 1636 297 1694 ciam
319 1641 551 1710 recuperaturus.
611 1637 701 1696 Simul
730 1651 814 1708 vero,
844 1635 991 1708 Sophistas
1021 1636 1069 1708 qui
1096 1634 1273 1693 vocabantur
1295 1633 1446 1692 audacter

221 1741 435 1814 perstringens,
467 1740 619 1799 Erasmum
648 1745 680 1798 ut
707 1741 906 1815 ,margaritam
935 1737 1200 1813 preciosissimam,‘
1233 1743 1266 1796 ut
1295 1739 1360 1796 aevi
1390 1739 1444 1796 sui

222 1843 413 1918 Phoenicem,
447 1849 480 1903 ut
508 1844 650 1904 ecclesiae
678 1843 824 1903 doctorem
854 1843 1016 1916 Augustino
1045 1849 1075 1901 et
1098 1843 1275 1915 Hieronymo
1298 1841 1444 1914 aequipa-

222 1947 343 2007 randum
385 1948 555 2007 celebravit:
605 1948 698 2020 ,hunc
738 1950 861 2021 primum
904 1948 982 2005 inter
1026 1947 1163 2020 aequales
1205 1946 1368 2004 scholarum
1405 1951 1444 2004 et

223 2053 409 2112 ecclesiarum
440 2051 644 2112 informitatem
678 2052 783 2111 vidisse
814 2056 845 2111 et
873 2050 1064 2125 improbasse,
1105 2051 1157 2110 sed
1189 2055 1311 2109 matrem
1343 2049 1444 2108 ecclc-

221 2157 293 2216 siam
333 2174 391 2217 non
427 2156 615 2216 deseruisse.‘
679 2155 762 2216 Talia
798 2156 903 2214 litteris
936 2155 1106 2214 adulatoriis
1144 2156 1209 2228 plus
1250 2155 1340 2212 semel
1380 2154 1442 2227 ipsi

221 2260 344 2321 Erasmo
378 2261 509 2336 scripsit,
547 2261 598 2320 sed
632 2261 679 2318 bic
711 2276 856 2333 nunquam
885 2261 913 2318 ei
941 2259 1097 2333 respondit.
1148 2259 1292 2318 Nonnulla
1322 2275 1357 2316 ex
1379 2257 1442 2316 illis

222 2365 271 2423 bic
292 2363 420 2427 merum.

311 2465 387 2526 Satis
409 2467 613 2527 declamatorio
635 2483 768 2527 sermone
791 2483 858 2526 usus
885 2467 995 2540 repetit
1017 2467 1122 2540 multa,
1153 2483 1227 2540 quae
1249 2467 1299 2526 ille
1320 2466 1441 2538 saepius

223 2571 345 2644 dixerat,
360 2569 397 2630 de
412 2569 599 2645 ,Germaniae
614 2577 645 2629 ct
661 2571 864 2630 christianismi
880 2569 1040 2644 periculis,‘
1056 2569 1092 2630 de
1108 2570 1218 2645 ,surdis
1234 2569 1343 2630 Rom
1357 2569 1441 2628 auri-

222 2671 301 2746 bus,‘
323 2672 359 2732 de
383 2673 560 2732 convocandi
579 2674 692 2732 concilii
714 2675 900 2733 necessitate.
945 2673 1050 2747 Sperat
1065 2675 1129 2732 fore
1144 2679 1176 2734 ut
1191 2674 1312 2734 Carolus
1327 2673 1439 2733 Caesar

223 2777 351 2836 emolliat
373 2783 423 2837 aut
445 2782 525 2836 certe
546 2774 649 2853 fatiget
671 2777 804 2852 Curiam,
836 2793 891 2850 quo
914 2778 950 2836 ob
972 2777 1113 2852 pudorem
1143 2779 1246 2838 saltem
1269 2779 1439 2838 detrectare

222 2897 280 2939 non
301 2882 392 2955 possit
411 2881 454 2956 id,
477 2881 554 2954 quod
577 2897 630 2940 sua
651 2882 792 2956 imprimis
815 2881 988 2942 interfuerit.
1034 2883 1201 2942 Arbitratur
1223 2884 1312 2942 etiam
1326 2882 1437 2942 Lutbe-

222 3002 309 3045 ranos
330 2986 367 3044 ad
390 2985 574 3046 condiciones
597 3002 705 3059 aequas
727 2984 918 3045 descensuros
941 3002 1017 3045 esse:
1049 2987 1151 3045 borum
1174 2987 1251 3046 enim
1273 2989 1355 3046 multi
1375 2987 1438 3059 jam

222 3091 361 3163 languere
385 3092 412 3150 ei
442 3090 583 3150 videntur.
644 3090 804 3165 ,Ferocia‘,
834 3090 939 3164 inquit,
975 3091 1112 3164 ,auctoris
1143 3091 1263 3152 Lutberi
1294 3093 1439 3166 mitescet,

223 3195 273 3254 ubi
302 3194 529 3254 doctissimorum
561 3195 706 3254 bominum
736 3211 772 3252 ex
801 3195 879 3253 omui
908 3192 1025 3268 Europa
1058 3195 1260 3254 advocatorum
1296 3195 1437 3268 judicium

223 3298 337 3372 audiet,
359 3299 465 3358 cristae
490 3299 713 3372 superbissimae
736 3297 978 3373 conflaccesceut,
1005 3315 1113 3358 cornua
1139 3300 1278 3358 immunia
1299 3298 1439 3359 decident

223 3401 284 3474 illi,
307 3419 393 3474 quum
417 3418 474 3461 uon
496 3403 526 3460 in
547 3403 729 3476 sterquilinio
749 3420 815 3477 suo,
834 3401 887 3461 sed
909 3403 940 3461 in
963 3405 1026 3462 luce
1042 3403 1169 3462 virorum
1184 3405 1344 3463 clarissima
1359 3405 1436 3462 ratio

224 3505 367 3578 opinionis
389 3506 543 3564 besternae
567 3505 716 3566 reddenda
738 3505 834 3567 luerit.
879 3507 924 3566 Tu
947 3506 984 3566 ab
1007 3507 1120 3566 actione
1144 3508 1297 3567 utilissima
1318 3508 1436 3568 minima

224 3609 350 3666 omnium
373 3608 477 3667 aberis.
530 3608 595 3667 Non
624 3608 755 3668 audirem
777 3610 851 3668 tesi
872 3609 980 3669 Caesar
1011 3627 1104 3670 essem
1129 3611 1289 3671 dicentem:
1322 3611 1438 3670 Laboro

224 3711 350 3786 calculo,
373 3712 474 3771 venire
495 3728 553 3771 nou
575 3728 698 3785 possum.
759 3713 849 3772 Immo
870 3713 1005 3788 J'uberem
1037 3720 1067 3774 ct
1089 3731 1189 3776 senem
1211 3722 1243 3775 et
1263 3716 1439 3775 calculonum

223 3815 340 3876 deferri.
399 3814 443 3874 Ob
473 3815 653 3875 concordiam
682 3817 778 3876 omnia
805 3817 945 3877 tentanda
972 3823 1047 3877 sunt.
1106 3819 1171 3878 Non
1202 3826 1247 3878 est
1277 3817 1439 3878 andiendus

224 3920 382 3996 Lutberus,
405 3936 463 3978 uon
486 3926 552 3979 sunt
575 3920 713 3980 audiendi
735 3921 896 3996 sophistae,
925 3921 978 3981 sed
999 3921 1138 3981 Erasmus
1161 3929 1191 3982 ct
1213 3924 1298 3996 hujus
1319 3922 1439 3996 similes,

223 4023 279 4082 hoc
302 4029 347 4082 est
368 4024 404 4096 ii,
436 4025 484 4096 qui
505 4029 637 4082 neutram
659 4029 785 4098 partem,
814 4024 865 4084 sed
888 4025 1128 4086 christianismum
1150 4027 1188 4085 ab
1210 4027 1305 4085 auimo
1328 4031 1358 4084 et
1379 4026 1440 4084 siu·

224 4143 292 4186 cere
310 4129 419 4200 juvant.
467 4127 554 4186 Faxit
568 4129 641 4187 istuc
656 4128 747 4187 bonus
762 4127 868 4188 Christi
888 4129 1024 4203 spiritus}
1068 4129 1171 4204 Addit,
1193 4130 1309 4189 lustum
1323 4130 1439 4205 Jonam,

223 4231 272 4304 qui
303 4230 340 4288 ab
362 4229 484 4288 Erosmo
514 4230 656 4304 quondam
682 4231 814 4290 laudatus
844 4249 920 4290 nunc
950 4235 1013 4307 eius
1042 4233 1174 4292 inimicus
1202 4234 1252 4307 sit,
1283 4239 1383 4293 conus
1405 4250 1439 4293 se

225 4351 338 4408 quoque
359 4333 510 4393 mendacia
533 4340 564 4394 et
586 4335 714 4394 convicia
734 4333 910 4410 scripsisse.¹

311 4561 337 4621 1)
356 4561 400 4610 Er.
420 4575 480 4624 opp.
500 4559 557 4623 111,
576 4577 600 4624 p.
617 4565 682 4612 1255
693 4577 714 4616 s.
731 4560 766 4627 (d.
780 4567 821 4613 ³0.
835 4579 868 4614 m.
881 4564 955 4616 Mart.
968 4581 991 4616 a.
1007 4563 1093 4630 153³).
