3188 5086
669 263 762 314 Carur
782 264 820 313 11.
1312 269 1344 319 77

132 481 157 533 et
184 475 329 537 adversus
364 479 556 552 ,Civilitutem
586 477 772 538 catholieam‘
796 477 992 536 exsurrexisse
1014 480 1249 552 memoravimus,
1280 482 1345 557 lege

129 580 172 637 illa
193 581 256 640 lata
279 599 389 656 pacem
411 584 442 642 in
462 583 549 642 rebus
573 582 610 642 sd
631 583 801 657 religionem
821 579 1034 654 pertinentibus
1054 579 1257 642 labefactatam
1281 601 1345 646 esse

129 687 297 746 exclamarit
310 693 404 762 etque
420 688 529 747 bellum
548 687 714 746 inchoatum
733 685 870 744 adversus
884 688 1043 760 potentiam
1057 687 1217 747 Zolleranis
1233 690 1347 748 Nurim-

127 787 241 863 bergiae
266 791 421 863 quondam
443 791 630 864 Burggraviis
653 790 852 862 antiquiorem.
898 789 987 847 Simul
1008 790 1157 853 Thersites
1178 793 1228 851 ille
1243 793 1346 852 Mone-

125 894 213 952 censis
242 895 277 953 in
310 895 447 969 ,Patria‘
477 911 530 954 aue
559 888 603 975 (id
633 895 710 953 enim
737 893 932 968 ephemeridis
963 889 1082 975 nomen)
1112 896 1201 954 haec⁴
1216 898 1344 970 scripsit:

124 995 269 1066 ,Jesoitae
294 1007 477 1072 supererunt
499 999 622 1072 imperio
638 998 820 1072 Germanico,
843 997 943 1056 liberis
962 1000 1164 1058 caementariis
1180 1006 1210 1058 et
1224 1001 1345 1062 Judaeia

22 1156 23 1169 ,
124 1098 309 1176 destinet03¹
347 1121 397 1164 uos
419 1104 497 1164 istud
519 1105 673 1178 imperium
694 1109 821 1162 vestrum
845 1103 1047 1162 Germanicum
1073 1121 1168 1177 neque
1191 1105 1345 1182 diligimus,

124 1219 213 1278 neque
242 1225 378 1282 unquam
408 1209 585 1283 curarimus,
615 1207 698 1266 nobis
725 1207 797 1266 illud
822 1223 880 1265 uon
910 1213 1003 1267 exstat
1022 1209 1078 1266 nisi
1102 1209 1180 1267 velut
1200 1211 1345 1270 transiens

123 1308 238 1371 nubes‘
288 1312 404 1371 Horum
438 1311 542 1372 similia
575 1318 697 1387 cognata
731 1312 871 1384 quaedem
905 1311 981 1370 illius
1007 1311 1153 1385 ,Patriee‘
1182 1315 1344 1388 ephemeris

123 1409 304 1475 Drasdensis
327 1417 448 1476 desnitis
471 1417 646 1476 amicissima
667 1416 794 1489 protulit.
839 1415 902 1474 lllic
923 1415 953 1473 in
975 1416 1047 1474 urbe
1070 1421 1101 1475 et
1121 1418 1252 1493 civitate,
1284 1425 1346 1479 tota

123 1513 182 1574 lere
205 1521 400 1594 evangelica,
430 1537 530 1580 mense
552 1526 619 1595 post
638 1521 734 1593 legem
763 1520 842 1578 illam
864 1520 954 1578 latam
976 1520 1111 1580 sacerdos
1134 1523 1249 1594 quidam
1273 1525 1346 1583 enli-

125 1634 185 1693 cus,
207 1622 339 1684 Potthof
362 1625 491 1696 nomine,
522 1626 638 1684 missam
666 1625 835 1683 sollemnem
865 1623 912 1698 ,in
935 1624 1075 1684 honorem
1096 1625 1203 1699 ignatii
1226 1628 1344 1702 Lojolae

124 1723 231 1784 ordinis
254 1729 397 1789 Jesuitici
417 1728 586 1788 conditoris‘
608 1728 724 1802 publice
745 1727 856 1788 indixit.
901 1727 948 1786 Sic
967 1728 1057 1787 rerba
1071 1728 1215 1790 debentur
1229 1732 1345 1792 indocto

125 1827 206 1902 vulgo
230 1831 529 1908 Romanocatholico,
552 1833 656 1907 quippe
676 1833 778 1906 ignaro
800 1834 940 1892 malorum
962 1835 1102 1908 omniurn,
1123 1851 1198 1907 quae
1213 1837 1344 1896 Jeseitae

125 1945 174 2000 por
203 1937 295 2008 plura
323 1939 423 1997 secula
452 1937 626 1998 Germaniae
653 1938 820 1997 intulerunt.
872 1938 935 1996 Nec
970 1937 1059 1995 multo
1088 1937 1232 1998 doctiores
1261 1947 1345 1999 erant

127 2034 300 2100 clericorum
330 2043 461 2117 plurimi,
491 2043 521 2100 in
544 2042 707 2100 seminariis
729 2040 938 2116 episcopalibus
962 2041 1091 2114 educati,
1114 2042 1292 2102 scholasticis
1316 2049 1346 2102 et

126 2137 276 2204 lesuitieis
301 2147 441 2206 docuinis
462 2145 579 2220 imbuti,
605 2147 641 2205 ab
665 2163 762 2205 amore
785 2145 912 2218 patriae,
940 2144 1022 2215 cujus
1043 2143 1193 2203 historiam
1216 2152 1246 2204 et
1268 2148 1346 2206 litte·

128 2257 172 2302 res
194 2247 287 2310 altius
310 2268 368 2310 non
392 2250 571 2326 didicerant,
598 2252 689 2326 magia
711 2250 861 2323 magisque
884 2247 1049 2306 abalienati.
1095 2247 1161 2322 Ipse
1184 2249 1266 2322 Papa
1284 2252 1344 2322 jam

129 2361 225 2410 mense
255 2355 348 2414 Junio
380 2356 562 2430 implacabile
593 2357 659 2413 novi
685 2355 801 2429 imperii
828 2353 926 2412 odium
952 2352 1065 2426 publice
1092 2351 1238 2427 professus
1271 2361 1344 2430 erat,

130 2453 232 2530 quippe
257 2460 298 2520 ad
320 2459 479 2519 Germanos
503 2459 640 2534 quosdam
663 2461 705 2518 sui
729 2459 995 2518 observantissimos
1016 2463 1162 2516 mutuatus
1184 2461 1345 2534 prophetae

131 2570 285 2626 personam
308 2565 381 2624 haee
402 2565 493 2625 verba
515 2564 643 2622 dixerat:
666 2563 809 2636 ‚Animosi
833 2569 863 2622 et
884 2563 1042 2623 concordes
1065 2568 1167 2638 estote,
1189 2580 1256 2624 nem
1271 2566 1345 2640 lapis

131 2661 213 2724 cadet
240 2669 279 2730 de
311 2675 409 2728 monte
437 2675 467 2728 et
489 2670 664 2728 comminuet
688 2669 778 2742 pedes
806 2667 927 2728 colossi‘
972 2667 1068 2726 Etiam
1090 2673 1193 2742 postea
1214 2670 1344 2744 ejusdem

131 2761 320 2838 impotentiae
356 2773 445 2832 verbe
471 2791 571 2833 serere
605 2791 664 2832 non
697 2773 791 2832 desiit.
842 2772 923 2843 Quae
950 2777 1089 2846 quantum
1119 2774 1195 2846 apud
1222 2775 1345 2834 rusticos

131 2865 209 2946 illos,
232 2893 308 2950 quos
330 2877 466 2952 diximus,
490 2877 621 2936 tribunos
643 2877 736 2952 plebis
752 2877 917 2950 similesque
932 2877 1062 2936 homines
1081 2876 1238 2952 valuerint,
1258 2878 1345 2936 secde

133 2971 167 3030 od
195 2978 422 3056 intelligendum
454 2987 507 3040 est.
552 2981 592 3040 Et
615 2981 832 3055 ephemeridem
856 2982 980 3055 chartis,
1004 2987 1035 3039 et
1056 2982 1169 3053 magnis
1192 2997 1227 3038 ec
1248 2983 1346 3054 parvis

132 3085 320 3144 conventibus
342 3085 625 3144 Remanocatholicis
647 3085 743 3145 oleum
767 3086 879 3144 camino
902 3083 1072 3144 addebatur.

214 3188 404 3250 Habebamus
426 3190 517 3264 igitur
539 3189 648 3250 bellum
663 3187 893 3261 Pontificiorum,
915 3187 965 3260 qui
987 3186 1167 3245 Jesuitarum
1188 3201 1345 3245 romanam

132 3299 191 3347 rom
220 3293 460 3368 declaraverunt,
490 3294 521 3352 in
543 3300 646 3367 aperto
676 3295 815 3354 adversus
842 3308 945 3350 novam
968 3287 1154 3349 Germaniam
1175 3291 1280 3364 ubique
1301 3291 1345 3348 in·

133 3387 281 3472 choatmm
309 3399 422 3458 occulte
444 3401 506 3472 jam
529 3404 618 3466 antea
640 3396 823 3474 flagraverat.
868 3396 1006 3470 Episcopi
1028 3411 1116 3471 vero,
1143 3396 1254 3457 Fuldae
1278 3413 1346 3456 con-

134 3503 259 3577 erogati,
296 3508 475 3562 contractum
516 3505 563 3562 his
602 3503 687 3562 aunis
727 3502 854 3562 dedecus
888 3518 997 3576 augere
1038 3517 1097 3560 non
1131 3501 1345 3561 dubitaverunt.

134 3594 243 3680 Quippe
266 3607 381 3666 litteras
404 3613 435 3665 ot
461 3607 498 3666 ad
521 3624 645 3666 summos
673 3608 798 3666 omnium
822 3607 972 3666 civitatum
995 3605 1233 3665 Germanicarum
1256 3607 1345 3680 magi-

134 3707 241 3770 stratus
260 3711 419 3786 miserunt,
449 3717 479 3770 et
498 3711 575 3785 typis
593 3711 799 3784 exprimendas
818 3717 1009 3784 curaverunt,
1040 3711 1143 3784 quibus
1167 3709 1346 3769 sollemniter

134 3820 229 3874 Omnes
253 3831 423 3876 asseverare
442 3817 504 3876 ausi
528 3823 606 3890 sunt,
629 3815 716 3889 plane
737 3817 953 3890 inexspectatas
975 3814 1030 3873 sihi
1052 3819 1221 3887 praesentes
1244 3811 1345 3869 turbas

135 3919 261 3992 venisse,
291 3920 373 3992 quasi
402 3921 497 3979 subito
527 3921 640 3979 scilicet
663 3921 802 3994 ecclesie,
834 3921 897 3980 sine
920 3919 980 3978 ulle
1002 3934 1054 3976 sue
1077 3917 1178 3987 eulpa,
1200 3913 1345 3988 injuriae

133 4023 346 4096 lllogistretihus
378 4025 510 4083 civilibus
544 4023 719 4084 afficeretur.
771 4023 861 4098 quue
891 4041 940 4082 eoa
964 4021 1092 4080 scribere
1122 4033 1180 4075 non
1208 4016 1346 4093 pudebat,

134 4135 250 4192 luorum
274 4129 388 4202 plures,
411 4129 521 4188 Rornae
544 4135 730 4203 praesentes,
753 4128 860 4188 factam
879 4129 1027 4202 ingentem
1050 4122 1192 4180 ecclesiae
1210 4123 1344 4182 mutatio-

134 4239 213 4308 nem,
236 4233 349 4291 civitati
371 4250 552 4308 nequequam
575 4232 806 4305 indifferentem,
829 4231 988 4289 clarissime
1011 4232 1238 4301 perspexerant,
1257 4228 1343 4286 irnmo

291 4385 385 4394 ..—

218 4466 244 4528 1)
266 4463 338 4528 ,Dea
357 4463 475 4513 deutsche
494 4464 574 4514 Reich
601 4463 642 4512 fur
661 4463 822 4512 Freimaurcr
841 4460 892 4510 und
910 4458 1016 4508 Judan.“
1056 4457 1093 4507 Cf.
1114 4457 1180 4507 Karl
1198 4457 1267 4506 Here
1285 4457 1302 4507 l.
1322 4474 1342 4507 c.

136 4555 158 4604 Ρ·
174 4553 213 4600 ³0.
