3194 5042
691 269 779 324 (lurur
798 267 830 322 V.
1325 272 1374 326 151

140 471 200 531 tati
231 470 514 548 philosophantium.
570 470 759 532 Christianus
791 475 891 532 tamen
924 489 1003 546 sum,
1041 471 1184 532 eeclesiae
1214 472 1310 548 tilius,
1347 477 1377 533 et

141 578 309 638 doctrinam
337 577 546 653 00110110111,ῑ
573 583 718 656 quantum
745 579 811 656 ejus
838 579 875 638 ad
902 579 979 639 bunc
1005 596 1101 658 usque
1128 598 1224 640 meam
1250 584 1376 640 aetatem

142 704 250 764 capere
272 685 370 764 potui,
394 699 454 745 non
476 685 630 746 voluntate
651 690 767 746 tantum
790 686 964 764 amplector,
988 687 1040 747 sed
1063 688 1151 747 etiam
1167 687 1279 764 judicio
1297 705 1376 748 oom-

142 794 244 872 probo.
301 792 427 870 Culpam
459 811 528 853 vero
559 811 656 853 meam
688 793 816 870 ingenue
847 795 951 870 fateor,
984 795 1036 872 qui
1068 795 1254 856 cunctatione
1285 795 1377 856 nimia

141 919 279 961 meorum
316 917 439 978 operum
470 900 706 978 philosophiam·
720 901 891 962 defensione
923 920 977 962 sua
1008 902 1180 962 destitutam
1210 904 1376 980 praeveniri

142 1027 213 1068 sum
236 1025 351 1085 passus.
395 1007 471 1067 Nam
494 1009 624 1084 proiecto
647 1009 703 1069 hoc
722 1008 899 1086 judicabunt
920 1010 996 1070 lecto
1019 1011 1075 1070 hoo
1097 1028 1184 1088 opere
1206 1011 1375 1072 harmonico

140 1116 316 1176 Italicorum
338 1119 369 1175 et
390 1115 634 1193 philosophorum
656 1117 847 1177 doctissimus
865 1121 895 1176 et
913 1118 1116 1195 theologorum
1134 1117 1376 1195 religiosissimus

143 1224 286 1302 quisque,
309 1227 421 1283 1111011
445 1241 511 1282 esse
534 1225 718 1300 majestatem
736 1224 827 1301 hujus
846 1243 969 1302 operum
987 1225 1155 1285 divinorum
1174 1225 1376 1303 dispositionis

142 1331 344 1406 harmonicae,
379 1335 413 1390 ut
441 1330 623 1408 Cepernicus
655 1337 724 1392 ante
755 1333 1021 1410 promulgationem
1048 1333 1139 1410 hujus
1167 1334 1264 1410 operis
1293 1334 1376 1394 suffi-

143 1439 258 1499 cienter
286 1437 382 1497 audiri
411 1455 629 1516 nequamquam
657 1439 793 1516 potuerit.
839 1439 918 1499 Petit
945 1440 1046 1516 itaque
1072 1439 1273 1518 philosophia,
1301 1442 1377 1518 petit

145 1546 328 1623 Oopernious
365 1545 541 1606 beneficium
577 1547 776 1607 restitutionis
812 1547 844 1606 in
880 1547 1030 1624 integrum
1062 1566 1079 1607 a
1110 1548 1257 1625 principe,
1295 1547 1376 1608 01110

144 1653 256 1713 honore
275 1652 422 1730 judicum,
447 1653 567 1713 eosdem
589 1653 668 1714 enim
692 1654 760 1714 illos
783 1672 894 1714 norum
914 1655 1062 1732 judicium
1082 1655 1277 1732 judicaturos,
1300 1674 1377 1716 nova

146 1778 201 1820 sua
228 1761 403 1820 documenta
430 1750 623 1821 ventitaturos
651 1766 682 1821 et
708 1762 837 1839 patietur
864 1767 894 1822 et
920 1763 999 1822 ultra
1022 1762 1167 1840 implorat
1213 1763 1275 1823 Vos
1298 1781 1375 1838 vero,

146 1867 335 1945 bibliopolae,
363 1873 442 1928 recte
470 1869 589 1946 quidem
617 1873 648 1928 01
675 1870 777 1930 ordine
804 1870 932 1944 facietis,
961 1869 987 1930 si
1010 1871 1192 1947 exemplaria
1212 1871 1377 1930 reverentia

143 1975 250 2053 judicii
272 1993 332 2036 non
354 1975 445 2052 vulgo
467 1993 578 2036 renum
600 1977 769 2054 exponatis,
793 1981 824 2036 at
845 1977 921 2036 illud
942 1977 1062 2037 interim
1081 1978 1197 2052 scitote,
1221 1978 1304 2036 datos
1323 1995 1375 2037 vos

145 2101 212 2144 esse
244 2083 460 2161 philosophiae,
494 2083 577 2144 datos
605 2084 690 2144 bonis
717 2085 885 2144 auctoribus
913 2084 996 2144 10111
1022 2084 1195 2144 tabelliones
1222 2083 1375 2144 mittendis

145 2191 182 2250 ad
202 2191 319 2267 judices
342 2191 576 2263 defensionibns;
606 2191 705 2270 itaque
726 2191 862 2252 vendetis
885 2191 1065 2270 exemplaria
1088 2191 1206 2251 nonnisi
1228 2191 1375 2268 theologis

146 2299 285 2374 summis,
313 2293 439 2358 nonnisi
455 2298 700 2376 philosophorum
723 2299 910 2374 clarissimis,
937 2299 1210 2359 mathematicorum
1233 2299 1375 2360 exercitu-

145 2407 284 2482 tissimis,
307 2405 579 2484 metaphysioorum
601 2406 855 2484 profundissimis,
878 2407 916 2466 ad
939 2425 1013 2485 quos
1036 2407 1109 2466 mihi
1132 2405 1286 2484 Copernici
1308 2425 1375 2484 pro·

145 2513 272 2573 curatori
299 2513 358 2572 alia
384 2513 433 2572 110
460 2531 520 2573 non
546 2518 629 2591 patet
655 2514 766 2589 editus,
795 2514 842 2574 his
871 2513 991 2592 quidem
1017 2519 1051 2573 ut
1074 2513 1245 2592 dispiciant,
1275 2514 1375 2574 sintne

145 2621 203 2682 ista
225 2639 341 2681 merum
363 2620 544 2680 luxuriantis
566 2621 679 2698 ingenii
702 2627 913 2697 commentum,
939 2640 977 2680 an
1000 2622 1100 2699 potius
1123 2639 1162 2681 ex
1183 2621 1249 2699 ipsa
1270 2627 1376 2681 natura

145 2729 318 2806 deprompta
340 2729 429 2788 rebus
452 2728 684 2789 evidentissimis
708 2730 889 2807 comprobari
912 2730 1044 2807 possint3
1069 2729 1131 2790 illis
1153 2747 1222 2790 vero
1245 2734 1280 2788 ut
1301 2729 1375 2790 deli·

145 2837 262 2911 berent,
290 2855 363 2895 num
390 2836 536 2896 immense
557 2836 631 2896 haec
653 2837 822 2896 divinorum
844 2855 967 2915 operum
989 2837 1084 2913 gloria
1106 2837 1139 2896 in
1161 2837 1270 2914 vulgus
1294 2854 1375 2914 spar-

144 2944 254 3021 gende,
282 2962 321 3002 an
348 2944 448 3021 potius
476 2944 675 3004 contrahenda
701 2949 731 3003 et
758 2945 836 3003 fama
863 2945 928 3020 ejus
956 2943 1374 3020 001101110011111011110011.ι

251 3050 321 3110 Non
356 3052 469 3112 minore
505 3052 597 3129 igitur
633 3051 791 3128 prudentia
827 3069 917 3128 quam
952 3051 1060 3110 fiducia
1091 3050 1238 3127 Keplems
1274 3067 1375 3127 sepem

145 3159 229 3218 illam
251 3159 329 3218 inter
350 3163 507 3238 utramque
529 3163 648 3236 gentem
672 3163 854 3218 exsuuotam
876 3158 1012 3234 frangere
1035 3157 1154 3234 incepit.
1196 3157 1301 3234 Neque
1318 3156 1374 3217 hoc

144 3267 209 3326 loco
232 3266 525 3344 praetermittendum
548 3266 622 3325 mibi
643 3266 773 3340 videtur,
798 3283 887 3343 quam
910 3265 1026 3325 sincera
1049 3271 1079 3325 et
1101 3264 1247 3341 profunda
1265 3263 1374 3340 pietate

145 3373 315 3450 evangelica
342 3391 468 3450 magnus
495 3373 548 3434 ille
576 3373 681 3446 111111
708 3373 788 3433 omni
811 3372 961 3449 cogitandi
984 3377 1014 3432 et
1035 3371 1143 3448 egendi
1165 3372 1278 3431 ratione
1299 3389 1374 3431 usus

145 3481 244 3541 luerit.
282 3481 331 3542 Sic
350 3481 481 3541 Blanoho
504 3480 596 3540 nimio
614 3481 758 3540 laudatori
777 3497 831 3540 suo
849 3479 973 3558 pulchre
990 3479 1185 3557 respondem,
1210 3479 1265 3554 ,Te
1283 3481 1373 3554 rero‘,

144 3588 256 3666 inquit,
285 3588 435 3666 ,quisquis
462 3606 508 3664 ee,
536 3607 586 3648 010
613 3593 643 3648 01
670 3589 801 3663 obsecro,
836 3587 862 3647 si
889 3605 958 3647 1010
986 3592 1016 3646 01
1043 3587 1171 3662 ingenuo
1199 3586 1296 3647 animo
1323 3590 1374 3646 tun

123 3691 218 3754 'mihi
251 3696 392 3772 obsequia
423 3700 454 3756 et
487 3695 584 3756 studia
615 3695 726 3770 defers,
764 3701 823 3755 tam
855 3695 1003 3773 exquisito
1036 3695 1190 3754 verborum
1222 3699 1373 3771 apparatu,

145 3803 236 3862 tantis
258 3803 397 3862 laudibus
421 3803 569 3863 abstineas
592 3821 689 3880 nequo
711 3803 875 3880 pessimum
898 3801 1068 3879 exemplum
1087 3801 1165 3860 inter
1183 3801 1373 3878 philosophos

145 3915 270 3970 statuas:
294 3910 349 3970 tibi
372 3929 441 3970 1010
464 3911 643 3987 persuadens
663 3910 736 3988 ipsi,
760 3929 807 3970 me
827 3910 890 3970 siro
908 3909 1030 3969 interior
1048 3909 1105 3968 eim
1123 3908 1213 3967 tantis
1232 3907 1373 3968 encomiis

143 4017 334 4077 vehementer
356 4017 395 4076 iis
417 4018 540 4092 offendi,
568 4018 632 4078 sive
654 4037 708 4095 par
730 4017 762 4076 in
785 4017 908 4076 minima
930 4035 974 4092 re,
1002 4017 1159 4076 tamenab
1182 4015 1220 4075 iis
1243 4019 1374 4075 metuere

145 4125 306 4185 sinceritati
329 4124 603 4202 philosophantium
625 4125 743 4204 ipsique
761 4125 833 4185 adeo
851 4125 966 4202 pietati,
990 4141 1028 4183 ne
1047 4123 1118 4183 dum
1136 4128 1256 4200 propter
1273 4122 1373 4198 cogni-

143 4233 255 4292 tionem
278 4250 401 4309 operum
419 4233 587 4292 divinarum
610 4237 726 4294 nostras
745 4233 878 4310 ipsorum
896 4248 1158 4292 commemoramus
1177 4231 1373 4308 audimusque

253 4477 460 4548 1110101111
483 4481 536 4548 est,
560 4477 633 4532 illius
657 4477 716 4532 aeui
738 4477 950 4532 Protestantibus
974 4477 1051 4532 sicuti
1075 4476 1192 4531 Luthero
1215 4475 1374 4531 catholicam

145 4567 292 4624 doctrinam
309 4568 381 4623 idem
400 4567 549 4638 significare
568 4570 647 4638 etque
666 4567 843 4622 christianam.
