3134 5054
250 301 303 362 270
735 303 839 357 Puarrs
857 300 972 356 Parosta

334 521 502 579 Fridericus
519 520 639 580 Elector
660 520 757 580 omnia
771 519 886 578 Erasmi
903 521 1012 594 scripta
1027 520 1166 594 colligere
1182 519 1342 578 studuerat.
1378 517 1462 575 Illius

247 625 305 686 noir
327 631 438 684 tautum
462 625 666 700 eruditionem,
693 625 854 698 ingenium,
879 624 1022 697 judicium
1045 623 1098 684 sed
1123 625 1211 682 etiam
1233 621 1408 696 probitatem
1429 627 1463 678 et

247 731 444 790 sinceritatem
473 730 622 804 permagni
651 727 832 788 assumebat
877 729 1013 802 Alioquin
1044 729 1196 802 Princeps
1209 729 1241 786 in
1262 723 1462 786 discernendis

138 822 144 838 ⁶
247 835 411 896 hominibus
443 833 595 892 admodum
630 837 731 892 cantus
765 838 795 890 et
828 833 978 907 providne,
1013 851 1099 906 quum
1135 832 1172 891 ad
1201 833 1279 890 illius
1309 829 1462 904 epistolam

250 937 466 999 mundaum&
489 936 691 1012 responderet,
714 953 772 995 non
793 941 853 994 tam
875 942 977 1011 aperte
998 937 1035 996 de
1051 954 1084 995 re
1101 937 1270 1010 gravissima
1285 935 1463 993 sententiam

130 1051 133 1066 '
248 1060 330 1103 suam
363 1041 537 1116 protulisset.
605 1040 726 1113 Scripsit
763 1040 840 1098 enim
877 1056 956 1113 sese,
994 1041 1085 1113 ,quod
1115 1040 1236 1098 Lutheri
1270 1039 1463 1113 patrocinium

249 1147 436 1220 suscepisset,
468 1143 499 1202 id
528 1160 633 1202 causae
657 1142 772 1201 dedisse
795 1135 893 1202 verius
914 1161 1000 1216 quam
1021 1159 1179 1218 personae,
1207 1159 1302 1216 usque
1327 1159 1359 1200 se
1384 1158 1465 1199 com-

248 1253 414 1324 missurum,
444 1255 476 1307 ut
495 1249 526 1306 in
554 1265 606 1306 sna
628 1247 742 1306 dicione
765 1249 994 1321 supprimeretur
1018 1249 1185 1308 innocentia
1215 1263 1314 1306 eorum
1340 1247 1464 1318 malitia,

249 1357 299 1430 qui
329 1369 381 1412 sua
411 1357 600 1427 quaererent,
627 1369 685 1410 uon
714 1368 789 1424 quae
817 1353 888 1411 Jesu
913 1351 1039 1412 Christi‘
1087 1353 1226 1412 Erasmus
1258 1352 1384 1410 vicimim
1415 1352 1463 1407 rix

250 1460 339 1518 alium
368 1458 533 1530 Principem
561 1461 621 1514 tam
651 1455 766 1516 sincera
792 1457 959 1515 reverentia
985 1463 1155 1530 prosecutus
1186 1461 1230 1516 est
1252 1472 1336 1529 quam
1359 1453 1465 1512 Fride·

249 1563 356 1636 riuum,
379 1562 425 1618 cui
440 1561 572 1620 Suetonii
596 1559 752 1619 editionem
775 1559 971 1620 dedicaverat.
1008 1561 1093 1620 Hunc
1115 1561 1241 1634 patrueli
1256 1562 1319 1632 ejus
1334 1558 1463 1632 Georgia

250 1667 339 1740 Duei,
377 1681 463 1738 quem
495 1664 639 1737 quondam
675 1664 922 1724 admInistraudae
956 1663 1096 1724 finitimae
1134 1665 1248 1724 Frisiae
1281 1662 1463 1737 praefectum

250 1776 439 1844 cognoverat,
460 1769 540 1827 velut
561 1769 824 1841 praeclarissimum
844 1769 1006 1842 exemplum
1028 1771 1186 1843 proposuit.
1220 1769 1365 1828 Admonet
1385 1785 1464 1840 eum,

249 1880 282 1934 ut
319 1874 446 1933 scholam
478 1872 643 1945 Lipsiacam
682 1873 816 1931 similiter
848 1873 965 1948 evehat,
1009 1877 1095 1946 atque
1129 1875 1179 1932 ille
1212 1872 1465 1946 Vitebergensem,

248 1993 335 2053 quam
363 1977 518 2052 perpaucis
546 1977 629 2035 anuis
657 1977 735 2034 omui
764 1981 795 2036 et
822 1977 985 2048 linguarum
1013 1983 1044 2036 et
1065 1977 1229 2036 litterarum
1256 1993 1374 2049 genere·
1394 1973 1467 2033 red-

250 2081 358 2142 diderit
385 2080 627 2142 florentissimam.
685 2080 766 2140 Idem
800 2081 902 2140 laudat
929 2081 1126 2157 Fridericum,
1156 2081 1233 2155 quod
1264 2097 1299 2140 ca
1329 2079 1467 2138 modera-

249 2189 329 2246 tione
357 2185 463 2246 laverit
492 2186 609 2259 optimis
639 2173 756 2259 studiis,
793 2191 826 2244 nt
856 2203 913 2244 nou
939 2187 978 2245 stt
1007 2188 1116 2246 veteris
1142 2186 1293 2244 doctrinae
1323 2185 1467 2258 patronis,

251 2291 327 2364 quod
348 2291 385 2350 de
408 2291 459 2349 illo
480 2295 648 2364 querantur.
692 2288 830 2348 Celebrat
851 2291 966 2363 ,miram
987 2290 1170 2364 prudentiam
1193 2290 1468 2361 dexteritatemqne,

252 2411 309 2467 qua
336 2393 481 2452 dicionem
503 2410 584 2452 suam
614 2397 699 2451 ornet
721 2398 753 2452 et
772 2393 945 2469 locupletet,
976 2394 1056 2452 nulla
1075 2392 1262 2453 finitimorum
1282 2393 1390 2467 injuria
1413 2391 1469 2450 sed

250 2498 377 2557 omnium
405 2498 499 2570 potius
527 2495 643 2570 publico
673 2496 767 2555 bono‘
811 2497 944 2571 Denique
975 2499 1091 2572 saepius
1120 2499 1151 2556 id
1178 2498 1263 2557 valde
1295 2497 1465 2570 admiratur,

253 2601 329 2674 quod
349 2601 401 2658 ille
424 2617 489 2674 ,pro
511 2600 709 2674 magnitudine
729 2601 818 2659 animi
839 2603 903 2675 plus
926 2620 1011 2676 quam
1030 2602 1148 2661 heroica
1163 2601 1368 2675 contempserit
1386 2601 1468 2658 ultro

251 2703 381 2793 delatum
410 2703 563 2777 imperium
593 2708 624 2763 et
652 2714 705 2776 pro
734 2705 874 2778 singulari
900 2703 957 2765 fide
986 2709 1017 2765 et
1042 2706 1212 2778 iutegritatc
1236 2706 1264 2763 ei
1286 2705 1341 2763 hoc
1362 2705 1468 2762 decre·

250 2810 338 2882 verit,
367 2823 453 2880 quem
474 2809 558 2867 oneri
580 2806 700 2867 ferendo
720 2809 880 2882 judicasset
904 2827 994 2869 uuum
1015 2811 1141 2869 omnium
1162 2810 1286 2869 mamma
1308 2809 1468 2868 idoneum.‘

251 2909 361 2983 Quibus
388 2911 515 2970 narratis
544 2911 618 2970 haec
648 2911 742 2971 addit:
779 2912 838 2988 ,Ob
865 2913 941 2972 huuc
970 2914 1113 2988 insignem
1141 2914 1267 2973 animum
1295 2913 1332 2972 ab
1359 2913 1469 2971 nostris

251 3016 349 3076 oblata
375 3015 495 3090 triginta
521 3013 696 3074 florenorum
718 3016 810 3075 millia
832 3019 1063 3077 constantissime
1086 3019 1197 3092 rejecit
1243 3017 1391 3090 Quumque
1417 3033 1470 3074 nr·

251 3125 384 3196 geretur,
410 3125 442 3179 ut
464 3120 566 3180 saltem
587 3119 690 3180 decem
713 3121 804 3180 millia
825 3127 976 3196 pateretur
997 3121 1061 3182 dari
1083 3122 1212 3196 famulis,
1240 3122 1399 3195 acciplunt,
1421 3121 1471 3179 in·

251 3226 326 3300 quit,
355 3211 387 3284 si
406 3226 510 3301 velint,
542 3230 671 3284 attammr
699 3241 784 3284 nemo
813 3227 943 3286 manebit
972 3227 1112 3300 postridie
1140 3226 1217 3301 apud
1245 3243 1308 3300 me,
1341 3226 1391 3300 qui
1418 3227 1470 3284 vel

251 3345 372 3388 aureum
394 3331 554 3404 acceperit:
577 3347 613 3390 ac
632 3329 772 3404 postridie
796 3332 960 3391 conscensis
979 3332 1060 3406 equis
1082 3331 1218 3391 subduxit
1235 3347 1314 3406 sese,
1336 3345 1375 3388 ne
1399 3346 1471 3403 pcr-

252 3439 356 3506 gerent
376 3449 440 3493 esse
459 3430 613 3494 molesti.‘²

340 3536 388 3598 Sic
412 3537 501 3611 igitur
520 3537 673 3596 Erasmum
696 3553 767 3613 erga
789 3539 983 3616 Fridericum,
1008 3543 1050 3601 sic
1072 3541 1254 3602 Friderieum
1280 3555 1352 3613 erga
1376 3537 1471 3598 Eras-

251 3656 329 3698 mum
358 3639 517 3698 auimatum
549 3639 638 3699 fuisse
672 3643 821 3703 recordari
854 3649 985 3720 oportet,
1016 3651 1048 3704 ut
1081 3647 1181 3718 quanti
1213 3644 1352 3704 momenti
1377 3641 1472 3702 luerit

248 3745 389 3819 judicium
403 3743 490 3819 illud,
513 3744 589 3818 quod
606 3745 734 3804 omnium
749 3749 912 3820 aequalium
935 3749 1145 3808 eruditissimus
1167 3755 1198 3808 et
1218 3747 1471 3822 ingeniosissimus

250 3849 430 3909 sollemniter
463 3847 500 3908 ab
534 3865 569 3908 eo
606 3849 783 3923 postulatum
814 3851 943 3926 Princtpi
971 3853 1184 3926 sapientissImo
1215 3852 1363 3927 paulisper
1395 3857 1470 3910 aute

251 3955 368 4014 comitia
389 3953 618 4014 Wormatieusia
639 3953 768 4030 dederit,
789 3961 873 4016 recte
895 3957 1090 4031 intellegatur.
1135 3957 1276 4018 Nimirum
1298 3955 1471 4014 Fridericus

249 4057 370 4118 Elector
397 4057 442 4116 vir
471 4063 537 4118 erat
564 4059 675 4132 pietate
703 4059 838 4136 insignis,
867 4059 1017 4123 Romanae
1039 4061 1103 4122 sodi
1122 4062 1341 4122 addictissimus.
1386 4059 1472 4120 Jam-

341 4321 367 4387 1)
385 4321 591 4374 Amantissimam
609 4323 732 4376 Erasmus
755 4326 821 4376 hanc
844 4326 979 4392 epistolam
1002 4334 1088 4392 vocat,
1112 4327 1165 4393 ipsi
1186 4327 1281 4378 iterum
1300 4321 1469 4389 respondens.

251 4407 322 4472 Bpp.
334 4407 367 4470 V,
381 4411 414 4459 ³5
428 4407 493 4476 (td).

340 4493 367 4560 2)
385 4493 454 4559 Epp.
481 4493 604 4555 x111‚r.
654 4495 713 4546 Hoc
741 4499 971 4562 compertissimum
999 4499 1051 4550 sibi
1078 4499 1197 4551 retulisse
1223 4497 1287 4549 dicit
1315 4496 1470 4561 episcopum

250 4577 433 4640 Leodisussru,
448 4579 492 4644 qui
507 4579 618 4630 adfuerit
634 4580 663 4630 in
679 4582 790 4632 comitiis
805 4583 867 4636 iuis.
904 4583 943 4638 (ll.
957 4583 1032 4648 XIII,
1044 4591 1087 4638 to.
