3176 5064
125 339 128 346 Ι
237 277 289 332 336
728 281 831 331 Pharus
850 280 963 331 Paucum

237 489 376 550 oiliarunt
397 487 448 564 iis,
471 505 542 562 quos
565 489 653 549 exitio
675 489 777 564 dignos
797 490 974 564 judicabant.
1030 490 1139 549 Rursus
1160 491 1210 564 qui
1238 489 1290 549 sub
1312 488 1454 563 evangelii

237 593 385 668 plausibili
414 594 498 652 titulo
524 593 683 652 moliuntur
713 611 760 668 ea,
790 611 865 667 quae
897 611 932 654 ex
960 594 1102 653 diametro
1128 599 1260 668 pugnant
1282 610 1345 652 oum
1367 609 1454 651 euon-

153 694 154 698 ’
238 698 328 774 gello,
358 696 547 757 uehementer
569 697 742 771 adjuverunt
771 705 871 772 partes
897 713 1010 772 eorum,
1040 714 1112 772 qnos
1132 713 1284 772 oppressos
1310 697 1452 756 uolebant

238 802 342 876 ltaque
365 801 433 861 dom
457 801 499 860 illi
524 801 597 860 nihil
619 803 736 862 omnino
757 804 907 876 patiuntur
928 803 1076 878 innovari,
1099 803 1128 861 hi
1149 803 1221 860 nihil
1244 804 1342 861 sinunt
1366 802 1453 860 relin-

238 907 301 980 qui,
333 911 492 980 tempestas
523 911 568 966 cst
594 912 659 966 orto
688 923 782 980 paene
814 907 999 980 insedabilis,
1030 913 1060 965 et
1082 906 1149 965 dnm
1172 907 1313 979 utrimque
1336 907 1452 964 nimium

238 1010 367 1070 tenditur
389 1009 532 1070 funiculus
555 1011 763 1084 contentionis,
794 1007 826 1069 lit
859 1015 890 1068 ut
910 1017 1033 1084 utraque
1058 1027 1125 1084 pars
1149 1015 1233 1083 rupto
1258 1008 1325 1069 lune
1345 1010 1376 1068 iu
1395 1015 1452 1068 ter-

238 1133 304 1192 gum
333 1115 426 1176 cadat.
486 1114 552 1174 Non
583 1115 658 1188 quod
684 1116 808 1176 ecclesio
839 1116 985 1188 concidat,
1016 1131 1090 1189 quoe
1120 1115 1188 1173 nixa
1218 1131 1287 1174 saxo
1317 1113 1452 1172 immobili

239 1219 353 1278 Christo
376 1218 462 1278 nullis
484 1218 646 1278 turbinibus
662 1221 835 1294 concutitur,
859 1219 962 1278 sedda
983 1219 1153 1293 quibusdam
1167 1218 1329 1277 bominibus
1345 1217 1453 1291 loquor,

238 1324 287 1398 qui
311 1337 428 1383 censam
460 1324 602 1382 ecclesiae
625 1328 756 1398 tuentpr,
787 1340 891 1397 magno
921 1323 1037 1397 quidem
1059 1323 1139 1396 zelo,
1172 1340 1229 1382 non
1253 1323 1346 1382 dicam
1369 1323 1452 1396 malo,

239 1429 292 1488 sed
314 1444 372 1486 non
393 1427 551 1487 secondum
574 1428 736 1488 scientiam.
753 1461 794 1469 —-
844 1428 909 1487 lam
933 1428 1052 1486 nimium
1074 1426 1123 1485 diu
1147 1429 1217 1486 rixis
1239 1426 1385 1485 indultum·
1402 1431 1452 1497 est,

239 1531 285 1591 vel
306 1529 444 1590 delassati
463 1545 637 1604 quaeramus
655 1531 846 1591 concordiam.
902 1531 1035 1590 Nondum
1055 1548 1090 1590 oo
1113 1531 1205 1590 morbi
1228 1531 1281 1589 hoc
1304 1529 1451 1604 prooessit,

238 1641 271 1694 ut
300 1635 339 1694 sit
367 1633 588 1694 immedicabile.
655 1635 807 1710 Exstiugui
834 1640 931 1709 potest
960 1635 1015 1693 hoc
1041 1635 1220 1709 incendium,
1252 1635 1277 1692 si
1303 1635 1452 1692 materiam

240 1739 300 1814 igni
323 1738 532 1798 subtrahamus.
592 1738 771 1814 Praecipuus
800 1746 898 1800 autem
926 1741 1010 1815 hujus
1032 1740 1171 1799 tumultus
1199 1737 1263 1798 lons
1286 1743 1353 1796 sunt
1374 1737 1452 1811 impii

239 1859 333 1903 mores
355 1842 509 1902 hominum.
555 1842 622 1902 Nou
647 1849 690 1902 est
713 1844 790 1917 quod
812 1845 864 1903 alii
884 1845 914 1902 in
937 1844 1011 1903 alios
1034 1845 1146 1916 culpam
1174 1843 1346 1916 rejiciamus.
1391 1842 1453 1900 Pri·

239 1963 315 2008 mum
344 1947 398 2006 boc
430 1947 548 2006 humani
583 1949 700 2023 generis
729 1953 882 2020 parentum
915 1950 1077 2021 exemplum
1109 1953 1170 2022 est,
1197 1946 1249 2007 sed
1280 1952 1313 2005 nt
1341 1963 1394 2019 per
1422 1962 1451 2003 so

239 2067 358 2128 pravum
392 2052 434 2111 ita
466 2051 550 2111 nobis
583 2051 698 2111 infelix:
732 2052 836 2111 molior
864 2053 981 2126 decepit
1007 2069 1066 2126 me,
1101 2069 1220 2125 serpeus
1252 2050 1370 2125 decepit
1399 2067 1452 2108 me.

238 2156 414 2217 Placebilior
436 2156 493 2216 erit
515 2157 619 2216 alienis
643 2158 761 2231 erratis,
788 2159 837 2230 qui
859 2158 939 2231 prius
962 2174 1014 2216 sua
1036 2158 1204 2231 inspexerit.
1264 2155 1452 2228 Praecipuum

239 2267 284 2320 est
317 2259 478 2320 discordiae
513 2262 712 2334 seminarium,
746 2260 822 2334 quod
858 2261 974 2321 sinistro
1003 2266 1115 2321 tontum
1150 2260 1233 2320 oculo
1263 2261 1452 2332 proximorum

237 2363 309 2424 vitia
330 2365 484 2425 intuemur.
545 2363 704 2423 Claudatur
734 2365 784 2423 ille
813 2365 930 2424 sinister
958 2370 988 2424 et
1014 2365 1117 2425 dexter
1139 2365 1263 2424 vicissim
1295 2364 1333 2422 ad
1357 2379 1452 2421 eorum

239 2469 359 2528 virtutos
383 2469 539 2544 aperiatur.
552 2501 594 2510 -
639 2467 745 2528 Omnes
764 2469 835 2528 iram
859 2469 915 2530 Dei
939 2471 1166 2544 provocerimuS,
1190 2474 1282 2528 restat
1303 2473 1335 2526 nt
1356 2483 1453 2526 omues

240 2573 277 2632 ad
298 2572 379 2630 illum
398 2571 482 2631 amul
502 2573 615 2632 sincero
637 2573 723 2631 corde
747 2579 961 2648 convertamur,
983 2575 1033 2633 illo
1056 2579 1156 2632 otest
1179 2571 1349 2645 exorabilis,
1373 2573 1451 2629 vicis·

239 2677 293 2736 sim
316 2681 501 2735 convertetur
532 2677 567 2736 ad
597 2693 649 2736 uos
680 2683 767 2750 utque
799 2677 850 2738 bos
880 2679 1043 2738 inconditos
1074 2695 1172 2738 rerum
1195 2683 1287 2738 motus
1310 2682 1406 2736 vertet
1426 2677 1453 2733 in

240 2780 486 2854 monqoillitatem.
532 2781 595 2840 Huc
619 2783 643 2840 ui
664 2797 763 2840 onmes
785 2783 960 2842 intendimus
982 2785 1122 2858 animum,
1146 2799 1193 2842 res
1209 2783 1327 2856 auspice
1343 2781 1454 2840 Christo

239 2881 364 2944 feliciter
394 2899 512 2943 cessura
540 2891 599 2960 est,
629 2885 674 2948 sin
704 2885 820 2944 Domini
847 2887 954 2946 lenitas
986 2903 1038 2945 nos
1066 2893 1204 2960 provocat
1230 2885 1268 2945 ad
1297 2885 1453 2956 licentium,

240 2987 398 3049 verendum
418 2993 481 3062 ost,
505 3005 557 3063 oe,
580 2989 654 3062 quod
679 2989 715 3048 de
738 2990 858 3050 Judaeis
881 2991 997 3064 scripsit
1024 2991 1144 3065 Paulus,
1173 2991 1327 3064 perveniat
1349 2991 1380 3047 in
1404 3004 1453 3046 nos

238 3095 282 3154 ira
302 3092 361 3152 Dei
383 3091 413 3152 in
431 3089 538 3152 finem‘

326 3197 360 3256 In
383 3197 522 3272 eiusmodi
544 3213 612 3257 vero
635 3197 878 3258 admonitionibus
897 3199 1035 3259 Erasmus
1056 3215 1114 3258 non
1137 3198 1283 3270 subsistit,
1307 3197 1361 3256 sed
1384 3213 1451 3269 pro-

239 3301 371 3376 greditur
401 3301 438 3361 ed
468 3301 739 3376 demonstrandum,
771 3303 912 3376 quomodo
945 3303 1053 3362 sedatis
1086 3310 1116 3362 et
1151 3303 1317 3376 expurgatis
1352 3301 1454 3359 animis

240 3405 321 3464 rixae
344 3404 465 3478 posthac
495 3406 541 3464 vel
565 3406 669 3464 evitari
692 3407 739 3464 vel
761 3408 894 3480 componi
916 3408 1035 3481 possint.
1081 3407 1144 3465 Hoc
1167 3411 1198 3464 ot
1219 3403 1270 3464 fiat
1293 3404 1453 3464 firmissime

239 3509 335 3568 teneri
374 3507 474 3582 jubet,
516 3508 593 3580 quod
627 3509 785 3582 spiritualis
819 3509 1029 3570 Christianismi
1061 3512 1177 3570 nomine
1206 3512 1292 3569 toties
1326 3508 1453 3568 celebra·

240 3618 330 3672 vorat
375 3611 450 3686 ,illic
472 3617 582 3670 autum
603 3627 701 3672 veram
724 3629 788 3673 esse
811 3615 1007 3674 concordiam‘
1031 3615 1114 3688 dicit,
1136 3615 1200 3688 ,ubi
1222 3615 1268 3673 lex
1284 3619 1315 3671 et
1330 3611 1453 3687 propbe-

238 3723 287 3778 tae
310 3716 526 3778 consentientes
548 3714 692 3775 Christum
722 3719 789 3776 novi
820 3720 986 3778 testamenti
1012 3720 1173 3778 ministrnm
1200 3735 1257 3776 nou
1280 3718 1381 3776 littera
1402 3715 1453 3774 sed

238 3823 341 3897 spiritu
363 3819 559 3896 praedicent:
591 3837 685 3894 neque
708 3838 777 3880 vero
797 3823 858 3881 illic
876 3823 1000 3882 inveniri
1023 3839 1087 3882 mm
1107 3839 1206 3896 posse,
1236 3822 1285 3881 nbi
1304 3821 1452 3880 Judaistae
1560 3865 1561 3870 1

238 3925 438 3996 dominentur,
471 3940 542 3999 quos
578 3925 619 3984 ait
651 3923 734 3998 ,loris
768 3941 911 3998 quaerero
941 3925 1016 4000 quod
1057 3928 1135 3985 intus
1166 3925 1361 3998 quaerendum
1398 3922 1453 3980 sia‘

237 4029 364 4102 Romus,
393 4029 479 4089 sicuti
500 4031 617 4104 saepius
639 4035 742 4102 antea,
773 4031 878 4090 iterum
900 4037 1117 4103 commemorat,
1148 4031 1290 4089 ecclesiae
1313 4029 1451 4086 unitatem

240 4141 269 4196 et
292 4132 474 4194 concordiam
497 4134 571 4192 tanti
592 4133 679 4207 pretii
701 4133 865 4194 habendam
888 4151 967 4208 esse,
999 4141 1029 4194 ut
1059 4135 1097 4192 ad
1122 4133 1292 4194 sementiam
1315 4149 1380 4192 eam
1402 4133 1452 4189 im

237 4237 363 4316 perlecti
397 4237 508 4310 aliquid
541 4238 571 4296 in
605 4237 750 4298 ecelesiae
784 4239 921 4299 membris
950 4241 1069 4299 tolerari
1098 4239 1214 4298 debeat
1273 4237 1356 4296 Hanc
1390 4251 1451 4295 esse

239 4345 428 4404 humanarum
456 4357 554 4401 rernm
583 4347 729 4415 umorum,
764 4347 796 4400 ut
824 4349 916 4403 mutet
944 4359 1033 4417 saepe
1063 4344 1147 4416 uitia,
1180 4349 1270 4415 ponat
1299 4355 1450 4414 nunquum.

237 4448 327 4520 ,Quid
350 4445 464 4518 igitur,⁴
495 4446 607 4518 inquit,
630 4453 793 4519 ,superest
820 4448 876 4504 nisi
890 4455 927 4506 ut
950 4463 982 4506 se
1002 4451 1123 4520 quisque
1146 4445 1281 4505 discutiat
1303 4451 1333 4504 et
1353 4458 1451 4504 omnes

238 4549 276 4606 od
298 4547 406 4605 Christi
425 4545 655 4606 misericordiam
677 4546 895 4621 coniugiumue?
947 4551 1096 4621 Quaedam
1118 4553 1227 4608 leuiora
1249 4549 1320 4606 mua
1341 4551 1450 4606 minore
