3244 5032
782 229 871 285 Carus
888 231 921 285 V.

346 434 415 495 lllic
442 433 604 510 Galilaeae,
637 439 811 513 provocatus
837 453 856 493 a
882 433 993 509 Sarsio,
1026 434 1078 511 qui
1105 433 1276 510 Tyohonem
1307 433 1345 492 de
1373 432 1477 492 Brahe

161 539 165 549 '
241 547 361 603 secutus
398 548 472 618 erat,
510 543 599 603 etiam
635 542 837 620 quaestionem
873 542 910 602 dc
945 541 1155 602 constitutione
1186 541 1289 600 mundi
1322 540 1475 616 tetigerat

239 651 388 710 Nimirum
411 650 539 710 breviter
558 651 620 727 jam
643 651 745 710 eadem
768 650 809 710 ibi
833 648 916 724 dicit,
947 668 1022 728 quae
1044 653 1147 727 postea
1169 649 1201 707 in
1223 645 1476 726 praeclarissimis

240 757 365 836 dialogis
388 758 485 818 fusius
508 763 597 836 atque
619 758 709 817 altius
731 758 867 835 exposita
884 757 1088 817 tristissimam
1105 756 1220 817 cladem
1239 755 1267 816 ei
1284 758 1476 816 conhaetura

240 870 336 925 erant:
359 865 500 924 nimirum
518 865 635 925 nullum
655 865 774 926 omnino
793 883 860 925 esse
878 865 962 943 quasi
981 863 1112 925 medium
1130 864 1206 924 illud
1224 867 1366 940 systema,
1389 862 1474 940 quod

241 973 343 1048 Tycha
371 973 539 1050 promiserit
565 973 678 1051 potius,
705 991 795 1051 quam
822 977 981 1034 exsecutus
1008 972 1110 1050 fuerit;
1138 973 1196 1032 duo
1223 975 1338 1031 tantum
1362 989 1474 1046 magua

242 1085 403 1156 systemata
434 1081 531 1140 adhue
562 1099 658 1158 usque
690 1085 841 1140 exstructa
867 1086 897 1141 et
925 1099 1042 1140 summo
1068 1098 1137 1140 oum
1164 1079 1287 1140 artificio
1314 1079 1352 1138 ad
1379 1079 1472 1138 finem

241 1189 383 1266 perducta
405 1206 484 1264 esse,
507 1187 720 1248 Ptolemaieum
743 1193 773 1248 et
792 1189 1039 1266 Copemieauum;
1063 1187 1235 1248 Ptolemaioi
1258 1205 1385 1248 errorem
1405 1188 1471 1249 suis

241 1296 366 1373 repertis
391 1297 476 1374 quasi
498 1296 535 1355 ad
558 1296 659 1356 oculos
682 1296 914 1356 demonstratum
938 1314 1016 1372 esse,
1044 1295 1165 1356 concedi
1187 1301 1217 1356 et
1239 1315 1257 1355 a
1279 1295 1378 1356 Saraio
1401 1302 1431 1356 et
1453 1316 1470 1356 a

242 1403 395 1481 Tyohone;
428 1403 507 1481 quod
533 1403 571 1462 ad
600 1403 834 1481 Capernieanum
865 1404 1024 1481 pertineat,
1056 1404 1117 1463 nisi
1145 1403 1288 1464 Catholici
1319 1404 1471 1481 superiore

243 1509 387 1588 sapientia
414 1526 512 1571 errore
539 1511 654 1571 liberati
682 1517 711 1571 et
734 1511 895 1570 illuminati
918 1517 1030 1586 essent,
1059 1529 1091 1572 se
1113 1511 1232 1571 eredere
1253 1529 1313 1571 non
1335 1512 1472 1570 futurum

243 1618 338 1677 fuisse
374 1623 408 1677 ut
444 1618 589 1694 ejusmodi
620 1619 744 1694 gratiam
776 1623 806 1678 et
837 1619 1014 1679 beneficium
1046 1618 1195 1695 Tychoms
1226 1619 1409 1695 argumentis
1441 1625 1473 1679 et

243 1725 406 1785 rationibus
434 1725 612 1803 obtinerent;
640 1726 741 1804 itaque
767 1726 844 1785 nihii
871 1745 952 1787 nunc
974 1727 1043 1786 sciri
1066 1727 1103 1786 de
1125 1727 1230 1786 mundi
1252 1726 1472 1786 constitutione.

244 1832 282 1892 ut
309 1831 366 1893 alio
394 1833 457 1893 loco
485 1833 569 1908 dicit,
598 1833 743 1909 Snrsium,
775 1834 828 1912 qui
850 1833 971 1912 Kepleri
999 1835 1176 1894 sententiam
1203 1835 1351 1913 quandam
1376 1839 1473 1896 terrae

243 1945 325 2000 motu
352 1941 455 2000 nixam
482 1941 531 2018 pie
559 1945 588 2001 et
616 1947 716 2002 sancte
742 1941 837 2001 teneri
864 1959 923 2001 uon
951 1959 1038 2019 posse
1061 1943 1255 2017 contenderit,
1282 1942 1390 2002 melius
1414 1943 1473 2002 for-

243 2054 323 2108 tasse
355 2049 502 2108 foetuum
534 2049 640 2124 luisse,
674 2049 700 2108 si
731 2049 962 2126 propositionem
993 2050 1029 2109 ab
1061 2050 1186 2110 ecclesia
1216 2051 1355 2126 rejectam
1381 2050 1474 2110 etiem

244 2156 370 2216 natmuli
397 2157 510 2216 ratione
536 2156 671 2216 refellere
698 2161 820 2216 conatus
849 2155 951 2217 esset¹
996 2157 1033 2216 In
1055 2157 1103 2216 his
1126 2158 1276 2232 omnibus,
1303 2176 1363 2218 non
1386 2157 1475 2216 aliter

244 2269 333 2342 atque
360 2264 392 2322 in
419 2264 527 2324 litteris
555 2264 592 2323 ad
614 2264 796 2342 leopoldum
819 2264 1016 2324 Archiducem
1040 2265 1173 2342 scriptis,
1200 2266 1294 2325 ironia
1315 2265 1475 2324 manifesta

245 2376 298 2431 est.
350 2369 479 2431 Offendit
510 2390 565 2432 nos
597 2372 629 2430 in
659 2377 741 2431 tanto
772 2372 836 2431 viro
869 2372 1008 2431 simulata
1038 2372 1106 2450 piae
1137 2391 1172 2432 ao
1204 2373 1335 2433 sincerae
1361 2372 1474 2433 mentis

244 2479 434 2540 oboedientia.
486 2478 559 2552 Quis
591 2497 650 2538 non
682 2479 827 2556 optaverit
857 2480 981 2539 eandem
1011 2480 1044 2538 in
1071 2480 1124 2539 illo
1150 2479 1242 2539 animi
1269 2480 1474 2540 fortitudinem

245 2585 390 2645 heroicam
425 2585 602 2663 conspicari,
639 2605 728 2662 quam
762 2587 877 2646 Aonius
909 2587 1060 2647 Palearius
1096 2607 1149 2665 pro
1181 2587 1346 2664 evangelio,
1383 2605 1474 2665 quam

245 2691 391 2751 londanus
413 2692 534 2752 Brunus
561 2711 615 2770 pro
642 2693 693 2768 iis,
722 2710 797 2770 quae
824 2694 1028 2772 philosophice
1050 2713 1119 2755 vara
1141 2713 1207 2756 ease
1228 2695 1361 2773 putabat,
1390 2713 1474 2772 prae·

246 2799 383 2872 stiterati
426 2799 484 2860 Sed
507 2799 686 2874 Galilaeum,
718 2806 861 2878 quantum
888 2802 989 2862 videre
1015 2820 1187 2880 possumus,
1219 2803 1298 2862 intra
1324 2803 1475 2862 Romanae

247 2906 389 2968 ecelesiae
426 2906 572 2968 cancellos
604 2925 722 2986 semper
753 2909 922 2970 constitisse
953 2911 1165 2970 recordandum
1196 2916 1249 2970 est.
1304 2909 1373 2970 Illic
1403 2927 1474 2969 vero

248 3015 349 3076 stricta
381 3015 564 3076 oboedientia
591 3015 728 3076 Pontifici
760 3021 790 3076 et
817 3016 923 3078 Sancto
955 3017 1035 3096 quod
1060 3019 1217 3078 vocabatur
1244 3015 1349 3078 Officio
1376 3012 1475 3076 debita

246 3123 340 3183 multo
366 3123 436 3201 plus
464 3123 581 3184 valebat
609 3142 698 3202 quam
725 3125 787 3185 veri
810 3124 989 3185 conscientia
1011 3129 1042 3186 et
1063 3126 1215 3203 professio.
1260 3125 1342 3185 Haec
1363 3125 1434 3184 inde
1456 3143 1475 3184 a

246 3230 293 3290 Pii
311 3230 349 3290 V.
372 3231 554 3309 temporibus
583 3232 655 3300 satis
677 3233 762 3309 parri
784 3232 872 3309 pretii
894 3233 1061 3292 habebatur.
1107 3233 1259 3294 Mendacio
1282 3237 1402 3310 propter
1423 3233 1473 3292 ob-

247 3337 423 3398 oedientiam
450 3339 534 3398 illam
560 3339 742 3399 admittendo
764 3339 813 3399 vel
835 3340 959 3400 dicendo
981 3359 1127 3401 carcerem
1150 3345 1180 3400 et
1201 3358 1305 3418 rogum
1327 3341 1474 3417 praeferre

247 3461 344 3522 neque
374 3444 524 3505 Galilaeus
551 3464 648 3524 neque
675 3445 803 3524 piissimi
830 3447 1058 3525 probissimique
1085 3449 1150 3524 ejus
1176 3448 1264 3507 amici
1290 3447 1381 3507 officii
1408 3463 1475 3507 esse

247 3569 335 3629 posse
370 3570 502 3630 unquam
538 3555 703 3613 censebant.
759 3553 832 3612 'lam
868 3554 1002 3631 egregios
1037 3555 1130 3630 viros,
1167 3555 1269 3633 quales
1302 3553 1474 3628 Castellum,

249 3657 452 3734 Caesarium,
487 3659 685 3738 Ciampolum,
719 3661 841 3721 Casium
873 3661 967 3722 fuisse
994 3667 1121 3738 mnatat,
1155 3660 1319 3722 Galilaeum
1347 3661 1475 3739 saepius,

248 3770 282 3826 ut
312 3767 487 3844 prudentiae
518 3785 607 3827 eausa
638 3773 761 3844 taceret,
797 3769 961 3844 monuisse,
997 3787 1162 3847 nunquam,
1196 3770 1274 3847 quod
1306 3769 1475 3828 simulatam

248 3874 328 3951 piam
350 3875 560 3934 obaedientiam
583 3875 690 3936 invola
712 3893 782 3953 prae
805 3877 958 3951 ecferret,
981 3877 1205 3954 reprehendisse
1223 3877 1359 3953 legimus.
1397 3875 1475 3950 an

249 3981 338 4042 immo
365 3981 470 4042 ironici
497 3981 544 4040 illi
570 3983 727 4042 verborum
753 3983 818 4042 ludi
845 3983 1006 4060 singularis
1033 3985 1187 4044 audentiae
1213 3985 1389 4044 documenta
1410 4001 1476 4043 esse

249 4087 287 4146 iis
310 4088 375 4148 visa
397 4093 481 4164 sunt,
510 4107 585 4166 quaa
608 4089 696 4149 etiam
719 4089 797 4149 ultra
820 4095 934 4150 montes
958 4091 1101 4168 ,ingeniis
1124 4091 1268 4152 libertatis
1291 4096 1322 4152 et
1343 4091 1475 4151 veniatis

248 4195 442 4256 avidissimis‘
466 4196 650 4256 innotescere
673 4197 837 4257 voluerunt.
879 4199 979 4276 Atque
1000 4199 1078 4258 inter
1100 4199 1182 4276 ipsos
1204 4198 1361 4260 acerrimos
1384 4197 1476 4258 domi-

249 4301 377 4362 nationis
399 4303 570 4364 Pontifioiae
593 4303 726 4364 vindices
749 4305 784 4380 ii,
808 4305 860 4382 qui
878 4305 1074 4382 ingenuarum
1093 4306 1292 4367 doctrinarum
1310 4307 1477 4384 artiumque

251 4443 464 4453 ——-

359 4531 384 4598 1)
404 4527 452 4597 Op.
473 4529 499 4582 di
519 4529 575 4584 Gal.
595 4529 634 4582 IV
653 4530 712 4583 172.
734 4529 785 4584 182
800 4545 821 4584 s.
