3222 5034
194 287 197 294 ’
225 289 262 344 90
768 293 856 347 Caror
875 293 907 346 V.

225 491 363 552 fectionis
385 493 508 569 gradum
532 512 578 570 ea,
607 513 666 573 qua
688 513 768 556 nunc
790 496 915 572 utimur,
939 495 1113 557 Germaniae
1135 495 1292 571 dialectos,
1315 495 1451 573 quamvis

225 599 406 660 admirabilis
441 601 474 660 in
510 619 545 662 ea
576 602 737 662 excolenda
768 603 918 663 Lutberus
950 604 1069 678 luisset,
1106 603 1238 662 nondum
1268 607 1449 680 pervenerat.

226 706 311 767 Unde
342 707 453 768 factum
485 714 531 770 est
560 715 595 769 ut
621 709 768 788 Keplerus
796 710 951 771 Germanis
978 729 1039 770 non
1065 729 1158 788 aeque
1184 715 1273 788 atque
1300 709 1450 771 Galilaeus

225 813 310 874 Italis
336 815 491 876 familiaris
518 817 551 876 in
577 823 753 895 perpetuum
781 819 907 896 scriptor
933 819 1075 878 erederet.
1122 818 1187 878 Etsi
1215 817 1295 878 enim
1322 817 1450 895 plurima

225 921 257 980 in
285 921 409 984 Galilaei
441 924 526 984 libris
557 925 737 985 abstrusiora
769 931 851 1000 sunt,
884 943 973 1003 quarn
1004 931 1038 985 ut
1069 925 1106 985 ab
1137 925 1275 985 omnibus
1305 925 1447 1001 legantm,

225 1035 324 1090 tamon
351 1035 381 1090 61
408 1031 440 1090 in
462 1019 649 1106 11116,’61111
672 1033 807 1110 epistolis
830 1033 895 1110 ejus
918 1032 1012 1092 multa
1034 1033 1238 1108 inveniuntur,
1267 1050 1343 1110 qnae
1365 1031 1449 1110 quasi

225 1137 373 1200 viventem
403 1139 502 1215 magni
529 1139 585 1198 viri
612 1140 742 1216 effigiem
770 1139 908 1200 universo
935 1139 1045 1218 populo
1068 1158 1122 1200 suo
1145 1141 1310 1200 exhibeant
1356 1139 1450 1200 idda

226 1246 328 1322 paucis
346 1246 397 1322 iis,
421 1265 496 1323 quae
514 1245 662 1324 Keplerus
681 1247 801 1325 scripsit
818 1247 998 1324 germanice,
1021 1265 1108 1308 uerno
1126 1247 1312 1326 praedicabit
1355 1245 1450 1320 Quare

227 1352 363 1412 similiter
380 1359 470 1431 atqua
487 1353 642 1430 Erasmus,
665 1353 887 1426 Melanchthon,
910 1355 975 1431 aiii,
999 1356 1051 1434 qui
1069 1355 1319 1432 praeclarissimos
1337 1353 1450 1430 ingenii

225 1459 340 1520 inlotus
362 1465 477 1520 1661166
500 1466 616 1521 tantum
634 1461 736 1538 lingua
754 1463 921 1538 ediderunt,
944 1481 1013 1522 vere
1032 1462 1184 1540 popularis
1201 1479 1267 1522 esse
1285 1467 1315 1521 61
1333 1479 1451 1520 manere

226 1584 285 1626 non
313 1572 435 1644 poterat
482 1567 566 1642 Quod
586 1570 654 1646 jme
675 1569 785 1648 aliquis
808 1569 1012 1648 deploraverit.
1058 1569 1135 1630 Sunt
1156 1569 1237 1630 enim
1259 1570 1292 1628 in
1314 1567 1450 1646 Keplero,

225 1691 301 1751 quae
332 1675 446 1734 notiora
478 1693 544 1736 esse
575 1677 756 1737 nostratibus
784 1683 964 1753 mereantur,
996 1677 1133 1755 inprimis
1160 1677 1205 1752 id,
1237 1695 1295 1754 quo
1322 1680 1451 1754 praestat

225 1780 368 1858 Galilaea,
396 1783 577 1843 fortissimus
604 1784 636 1843 in
662 1785 795 1845 adversis
822 1787 910 1846 rebus
933 1785 1063 1860 animus,
1091 1785 1128 1845 de
1156 1801 1294 1862 suprema
1316 1783 1449 1842 veritatis

224 1889 346 1949 victoria
371 1909 525 1968 nunquam
551 1891 702 1967 dubitans,
729 1892 874 1954 libertatis
899 1893 993 1953 veluti
1015 1892 1124 1952 summi
1147 1891 1215 1952 boni
1239 1895 1446 1968 propugnator.

225 1997 318 2074 Cujus
348 1997 439 2058 animi
466 1999 555 2058 robur
581 2017 620 2059 ex
648 2000 762 2060 sincera
788 2005 877 2079 atque
904 2000 963 2060 alta
990 1999 1099 2078 pietate
1126 1998 1289 2058 christiana
1310 1998 1450 2058 haustum

224 2122 289 2166 csse
312 2105 439 2184 quisque
461 2106 579 2168 videbit.

330 2213 441 2291 Ingens
460 2213 581 2292 Kepleri
603 2215 770 2292 ingenium,
793 2215 931 2293 inprimis
949 2215 987 2275 od
1004 2233 1053 2275 166
1072 2213 1293 2274 mathematicas
1311 2217 1450 2274 6166116-

224 2320 356 2380 nomicas
382 2326 499 2399 aptum,
529 2322 591 2398 jam
617 2321 649 2380 in
676 2322 866 2383 adulescente
892 2341 911 2382 a
937 2322 1176 2400 praeceptoribus
1202 2321 1350 2398 agnitum,
1372 2331 1451 2380 'mox

223 2429 259 2487 ab
290 2428 439 2504 omnibus,
471 2429 640 2507 quicunque
672 2431 836 2490 eorundum
864 2430 1029 2490 studiorum
1057 2433 1208 2507 compotes
1234 2428 1334 2506 aliquo
1363 2427 1447 2487 modo

223 2539 320 2610 crant,
343 2535 521 2596 celebratum
544 2541 597 2597 661
638 2535 744 2616 Neque
766 2538 832 2615 ipse
854 2538 898 2613 id,
922 2555 980 2616 quo
1003 2542 1119 2596 1661661
1142 2535 1248 2596 ceteris
1270 2535 1449 2609 antecelluit,

224 2637 507 2725 ignorat-effictam.
552 2643 754 2704 Nihilominus
781 2645 971 2722 incorruptus
994 2661 1111 2722 semper
1135 2643 1245 2703 mansit
1267 2643 1376 2703 candor
1397 2642 1450 2701 ille

109 2801 112 2808 .
223 2748 312 2808 animi
336 2750 373 2808 ab
395 2751 476 2809 omni
499 2751 628 2811 vanitate
646 2757 788 2828 remotus,
812 2770 901 2830 quem
919 2752 951 2810 in
969 2770 1003 2812 eo
1021 2751 1109 2812 amici
1128 2751 1301 2828 saepissime
1319 2749 1448 2809 16616111.

223 2856 271 2916 Ex
298 2856 406 2934 quibus
430 2857 661 2936 christophorus
689 2859 725 2918 16
749 2859 960 2936 Schellenberg
981 2859 1019 2918 ad
1041 2877 1110 2919 eum
1133 2858 1266 2936 scripsit:
1296 2857 1449 2932 ,Animum

224 2969 309 3024 tuum
327 2964 505 3043 introspexi,
529 2965 632 3044 utqui
651 2965 754 3026 mundi
774 2967 932 3042 vanitates,
950 2967 1044 3042 rixas,
1067 2965 1171 3026 laudes
1190 2970 1220 3025 et
1237 2966 1336 3025 fumos
1355 2963 1450 3023 rideas

224 3077 253 3131 ct
284 3072 322 3132 ad
354 3073 488 3133 sedulam
515 3073 643 3134 horteris
670 3073 760 3134 officii
787 3073 910 3134 verioris
937 3074 1084 3134 culturam
1111 3078 1141 3133 et
1168 3073 1206 3132 ad
1233 3071 1449 3132 concordiam.‘1

224 3179 294 3256 Ipse
321 3180 434 3256 ingenii
461 3180 610 3244 laboribus
638 3181 771 3242 officium
793 3199 863 3258 erga
885 3181 983 3241 Deum
1005 3186 1035 3240 et
1056 3180 1192 3240 homines
1215 3179 1339 3256 implere
1362 3196 1449 3256 quam

224 3287 348 3362 gloriam
370 3289 508 3348 affectare
530 3289 643 3349 meluit.
684 3287 789 3367 Neque
811 3307 956 3366 unquam,
979 3288 1030 3347 ubi
1053 3289 1186 3348 confecto
1208 3305 1296 3364 opere
1318 3287 1356 3346 ad
1374 3285 1450 3345 veri·

223 3393 293 3454 tatis
316 3395 480 3471 proiectum
503 3395 606 3456 eximii
628 3396 741 3474 aliquid
761 3414 793 3456 66
812 3396 997 3473 praestitisse
1016 3395 1158 3472 speravit,
1182 3413 1253 3454 suae
1271 3399 1305 3454 ut
1322 3392 1451 3454 hominis

224 3500 384 3561 debilitatis
407 3502 517 3563 oblitus
539 3509 597 3579 661,
628 3503 660 3562 in
683 3503 814 3581 qualibet
836 3503 969 3562 doctrina
991 3502 1065 3562 alios
1087 3501 1211 3562 aliorum
1235 3500 1398 3561 6166111116
1421 3505 1451 3559 et

223 3607 402 3667 correctione
425 3627 510 3685 egere
533 3627 621 3687 saepe
643 3611 769 3686 monuit,
793 3609 890 3669 alieno
910 3609 1015 3669 merita
1031 3609 1199 3686 gratissimo
1218 3625 1335 3685 semper
1353 3607 1450 3666 animo

223 3715 411 3791 praedicavit.
457 3715 536 3776 Μ616
562 3715 620 3776 1616
645 3718 778 3793 ambitio,
808 3735 867 3794 qua
894 3717 973 3776 viros
996 3715 1126 3776 eruditos
1146 3716 1209 3793 jam
1231 3715 1263 3774 in
1286 3719 1384 3775 vetere
1406 3731 1451 3773 16-

223 3821 343 3898 publica
364 3822 507 3882 littoraria
525 3823 651 3884 libenter
670 3824 726 3884 sibi
744 3824 873 3884 invicem
891 3823 1024 3884 adulatos
1044 3841 1110 3883 esse
1127 3822 1271 3896 vidimus,
1293 3821 1451 3882 admodum

224 3947 314 3988 exosa
337 3929 365 3990 ei
388 3935 458 3991 erat
500 3929 597 4005 Quare
620 3949 712 4010 quum
735 3932 781 3990 vir
802 3931 1006 3992 nobilissimus
1029 3936 1060 3990 et
1077 3929 1279 4006 doctissimus,
1303 3947 1338 3989 eo
1356 3945 1452 4006 usque

223 4055 345 4114 prorsus
368 4037 396 4097 ei
418 4037 538 4114 ignotus
557 4039 708 4099 Blanobus
727 4037 833 4100 Comes
851 4037 997 4114 Venetus,
1019 4037 1058 4098 ad
1080 4037 1243 4098 ineundum
1261 4035 1451 4114 epistolarum

223 4145 432 4205 commercium
459 4146 487 4205 61
515 4146 696 4224 scripsisset,
723 4146 817 4206 nimio
840 4163 928 4224 quem
950 4147 1073 4223 putabat
1094 4145 1239 4206 laudatori
1260 4143 1450 4222 respondens,

224 4249 279 4325 ,Te
301 4255 397 4327 vero‘,
425 4253 534 4331 iuquit,
558 4253 710 4332 ,quisquis
733 4271 765 4314 es
788 4271 837 4314 om
860 4257 949 4330 atque
971 4253 1104 4328 obsecro,
1128 4254 1154 4313 si
1177 4271 1246 4313 vero
1269 4257 1300 4312 et
1322 4251 1451 4328 ingenuo

331 4498 358 4572 1)
376 4497 484 4567 Keplsn'
507 4497 635 4567 epistolae
657 4497 754 4568 (Caroli
772 4497 819 4552 VI.
842 4496 1013 4566 Imperatoris
1036 4495 1117 4565 jussu
1139 4497 1171 4551 ab
1195 4495 1331 4552 Hanscbio
1354 4493 1451 4562 editae)

223 4599 248 4653 p.
268 4583 329 4639 639.
