3188 5086
221 336 256 389 36
709 326 812 375 Pnnrrs
830 324 947 373 Paronrs

222 550 351 608 Romano
372 549 494 620 poterat.
539 544 639 616 Longe
660 535 885 614 praeferendum
908 539 990 609 erat,
1012 534 1037 592 si
1056 537 1176 606 propter
1197 536 1295 604 spreta
1309 529 1438 604 pertina-

222 651 297 708 citer
318 650 389 708 talia
407 651 488 720 jussa
511 652 542 705 et
558 646 704 718 postulata
726 641 853 715 episcopi
875 640 905 697 in
928 635 1085 696 custodiam
1101 635 1205 694 inclusi
1221 639 1332 708 essent,
1352 649 1438 707 quam

224 753 432 826 quodpropter
454 752 561 809 iterata
582 749 694 806 minuta
714 745 821 804 delicta
836 743 940 817 civilia,
962 747 1063 800 contra
1076 741 1156 812 leges
1168 735 1264 812 Majas
1279 737 1437 809 commissa,

223 872 309 929 quum
338 856 472 928 ingentes
501 854 623 912 mulctas
650 851 780 925 legitime
802 850 946 922 irrogatas
969 847 1081 905 solvere
1105 860 1161 902 non
1183 847 1312 916 possent,
1335 841 1436 899 eadem

224 975 319 1033 poena
340 957 551 1016 afficiebantur.
596 955 677 1028 Quod
699 969 755 1028 qua
777 953 954 1012 necessitate
974 956 1004 1008 et
1020 966 1077 1022 quo
1093 950 1160 1022 jure
1181 944 1281 1017 fieret,
1303 945 1439 1018 imperita

224 1045 375 1120 multitudo
402 1078 460 1120 non
488 1061 575 1120 facile
604 1059 796 1133 intellegebat
829 1073 924 1129 neque
956 1055 1054 1113 curiae
1082 1058 1111 1111 et
1141 1051 1213 1110 cleri
1238 1051 1438 1124 pertinaciam,

224 1181 281 1239 qua
308 1164 446 1238 populum
472 1163 634 1236 pastoribus
661 1162 759 1221 orbari
781 1177 867 1234 quam
890 1157 1008 1217 Caesari
1030 1155 1107 1230 quod
1125 1155 1260 1214 Caesaris
1291 1159 1354 1212 erat
1376 1153 1439 1211 dari

225 1269 389 1340 voluerant,
412 1265 471 1323 nllo
493 1267 577 1325 modo
600 1265 803 1339 perspiciebat.
835 1264 879 1323 Eo
895 1263 1033 1322 libentius
1047 1261 1084 1319 iis
1099 1259 1247 1332 credebat,
1270 1259 1329 1332 qui,
1351 1273 1439 1330 quum

226 1387 331 1431 revera
359 1385 410 1443 pro
439 1369 561 1441 imperio
582 1369 680 1426 mnndi
702 1369 801 1441 papali
819 1367 981 1425 novissimis
1004 1365 1130 1424 decretis
1153 1363 1308 1421 constituto
1329 1377 1439 1435 pugna-

227 1480 308 1548 rent,
325 1479 445 1546 propter
466 1471 587 1530 defensa
609 1475 719 1527 tantum
741 1472 838 1544 prisca
856 1470 1012 1528 sacerdotii
1031 1473 1062 1528 et
1085 1467 1267 1541 episcopatus
1283 1469 1351 1541 jura
1372 1482 1439 1539 per·

228 1580 406 1638 secutionem
428 1593 460 1635 se
481 1577 543 1650 pati
566 1574 757 1646 testabantur,
779 1590 872 1645 panca
885 1573 936 1630 illa
950 1579 1166 1646 praetexentes,
1189 1588 1264 1645 quae
1281 1571 1312 1628 in
1328 1569 1440 1644 legibus

228 1683 316 1756 Majis
348 1682 444 1739 minus
477 1685 561 1738 caute
600 1679 758 1736 constituta
788 1693 852 1735 csse
886 1676 1022 1748 diximus,
1058 1676 1238 1748 eandemque
1277 1681 1440 1734 ceterarum

229 1786 355 1845 omnium
377 1783 501 1842 indolem
521 1771 588 1842 esse'
606 1779 677 1839 salso
695 1781 873 1854 jactitantes.
918 1779 1020 1850 ltaque
1041 1779 1127 1850 vulgo
1145 1795 1314 1851 persuasum
1333 1778 1439 1852 passim

230 1895 291 1963 cst,
325 1893 355 1947 et
388 1903 420 1946 se
448 1888 542 1960 ipsum
570 1891 601 1943 et
629 1884 798 1943 sacerdotes
826 1899 892 1941 snos
922 1887 1106 1940 externarum
1134 1886 1163 1940 at
1184 1883 1439 1940 minutissimarum

229 1991 407 2066 quarundam
429 2006 527 2048 rernm
548 1989 664 2048 nomine
686 1989 760 2046 mira
780 1988 937 2046 severitate
962 1991 992 2044 et
1013 1986 1165 2058 iniquitate
1187 2000 1206 2043 a
1226 1985 1439 2059 magistratibus

229 2096 358 2155 tractari.
411 2093 501 2153 Simul
540 2094 715 2168 principales
746 2092 832 2165 illae,
866 2091 902 2150 de
938 2072 1041 2164 quibus
1071 2091 1225 2166 agebatur,
1256 2093 1440 2164 quaestiones

229 2198 436 2274 quodammodo
464 2199 634 2258 obscuratae
659 2203 689 2256 et
710 2215 746 2255 or
768 2196 859 2255 ocnlis
881 2201 1010 2255 remotae
1033 2201 1108 2254 sunt.
1152 2195 1234 2267 Quas
1256 2197 1280 2254 si
1303 2196 1441 2255 audacter

229 2305 260 2363 in
293 2303 389 2362 medio
422 2304 536 2376 positae
566 2309 679 2376 essent,
714 2306 757 2360 tot
791 2299 917 2359 nefanda
943 2297 1055 2374 flagitia
1086 2299 1122 2357 iis
1155 2300 1275 2372 similia,
1309 2315 1383 2373 quae
1411 2302 1442 2359 in

231 2407 374 2466 Amaliarn
397 2406 434 2464 de
455 2406 582 2465 Lasaulx
605 2407 757 2463 commissa
778 2409 878 2477 erant,
908 2404 1099 2476 loquebantur
1125 2405 1207 2477 quasi
1234 2403 1272 2462 ad
1294 2405 1442 2463 conscien-
1467 2467 1474 2478 ,

230 2511 317 2582 tiam,
349 2510 417 2568 novi
443 2509 585 2581 dogmatis
610 2509 733 2566 stultitia
759 2525 793 2566 ac
823 2508 997 2581 perversitas
1019 2509 1126 2567 iterum
1147 2509 1311 2580 iterumque
1332 2509 1443 2583 agitata

231 2613 337 2671 clarius
368 2613 519 2685 permultis
552 2611 768 2685 innotescebat,
801 2619 937 2684 proterva
969 2611 1072 2685 syllabi
1099 2617 1277 2686 commenta,
1308 2611 1443 2686 dogmate

233 2714 415 2790 confirmata,
435 2715 644 2789 areipublieae
659 2715 874 2789 magistratibus
886 2718 952 2789 jnre
972 2713 1129 2790 repudiari,
1151 2716 1266 2774 facilius
1276 2718 1444 2791 apparebat

320 2818 367 2878 Sic
390 2835 426 2878 ea
447 2835 559 2893 qnoque
582 2820 686 2878 evimri
707 2819 876 2893 potuissent,
897 2835 981 2894 qnae,
1000 2826 1033 2878 ut
1047 2820 1145 2892 inique
1164 2821 1301 2879 adversus
1321 2837 1446 2893 evange·

233 2923 320 2981 boam
343 2923 495 2982 ecclesiam
517 2927 596 2997 acta,
619 2925 699 2996 Justo
721 2924 816 2981 acrius
847 2923 991 2982 interdum
1010 2923 1062 2982 sed
1084 2940 1142 2982 non
1164 2924 1227 2982 sine
1251 2939 1339 2983 causa
1361 2937 1446 2983 accu-

234 3031 298 3084 sata
321 3031 394 3084 sunt
436 3027 550 3100 Nempe
585 3026 661 3100 quod
694 3027 723 3084 in
758 3026 1002 3100 inspiciendarum
1028 3027 1190 3086 scholarum
1219 3028 1337 3100 negotio
1358 3044 1446 3100 snpra

233 3129 408 3203 notavimus,
431 3131 508 3189 idem
529 3137 631 3204 postea
652 3131 683 3188 in
706 3131 771 3189 aliis
790 3130 902 3204 legibus
925 3131 1042 3204 saepius
1061 3129 1168 3189 factum
1190 3131 1327 3190 videmus.
1372 3131 1448 3191 (lon-

235 3249 347 3293 oessum
369 3238 423 3307 est,
445 3235 599 3293 conedam
621 3235 820 3310 evangelicam
842 3235 1036 3294 novandarum
1060 3235 1156 3308 legum
1171 3236 1323 3294 materiam
1338 3235 1447 3294 nnllam

234 3337 363 3408 dedisse;
396 3337 581 3398 nibilominus
614 3341 700 3414 leges·
735 3347 766 3399 et
796 3341 851 3413 ipsi
886 3340 1023 3399 molestas
1052 3345 1140 3413 atque
1168 3355 1204 3398 ex
1233 3346 1318 3414 parto
1346 3341 1448 3399 noxias

235 3439 332 3498 subire
347 3445 448 3498 coacta
464 3448 514 3501 est.
541 3443 678 3502 Paritatis
694 3443 906 3503 confessionum
921 3445 1005 3517 ratio,
1027 3459 1102 3518 quae
1116 3443 1229 3516 dicitur,
1251 3445 1293 3502 ita
1309 3445 1448 3517 explicari

235 3543 397 3617 videbatur,
429 3549 463 3601 ut
484 3545 509 3602 si
531 3548 626 3605 altera
648 3549 772 3608 ecclesia
793 3550 886 3620 justas
907 3549 1107 3620 querimoniae
1130 3565 1166 3606 ao
1187 3549 1358 3622 suspicionis
1380 3565 1449 3606 cau-

235 3663 297 3706 sam
319 3645 464 3722 dedisset,
488 3649 580 3708 altera
602 3651 685 3709 simul
709 3651 811 3711 eodem
833 3657 962 3711 mutatae
985 3653 1161 3712 condicionis
1181 3651 1326 3712 dedecore
1349 3649 1449 3710 allice-

236 3756 324 3812 retur.
370 3749 452 3821 Quod
481 3753 573 3810 omnis
599 3755 749 3827 religionis
776 3755 904 3814 hostibus
933 3756 1144 3815 incredibiliter
1165 3757 1282 3830 placuit
1327 3755 1449 3814 Falkins

236 3854 365 3930 quidem,
401 3856 543 3915 ecclesiae
574 3861 760 3932 evangelicae
793 3860 1000 3935 deditissimus,
1024 3862 1048 3919 si
1076 3860 1145 3934 qnid
1169 3860 1245 3936 juris
1273 3861 1301 3919 ei
1329 3839 1465 3933 propter

237 3961 337 4018 civiles
360 3959 490 4018 rationes
512 3959 639 4018 ablatum
661 3970 737 4036 erat,
760 3965 813 4022 hoc
833 3965 961 4038 suppleri
984 3965 1122 4024 censebat
1142 3965 1236 4023 libera
1258 3965 1321 4036 ejus
1343 3963 1451 4021 consti·

237 4064 350 4122 tutione
380 4062 528 4137 synodali,
555 4079 642 4136 quam
663 4065 712 4124 diu
732 4068 924 4127 desideratam
952 4085 986 4127 ac
1006 4073 1209 4142 praeparatam
1232 4067 1357 4139 denique
1379 4081 1451 4138 qno·

239 4165 276 4223 ad
306 4171 438 4238 tempora
465 4166 652 4240 patiebantur
680 4169 718 4227 ad
748 4169 834 4230 finem
868 4171 1018 4246 perduxit,
1048 4173 1154 4244 insigni
1181 4175 1336 4244 propterea
1361 4167 1449 4228 laude

238 4267 358 4342 dignus,
385 4285 469 4341 quam
500 4267 599 4329 futura
620 4277 703 4330 aetas
725 4272 895 4349 largiorem,
918 4281 1054 4350 utputo,
1083 4289 1168 4348 quam
1196 4275 1333 4347 aequales
1354 4273 1451 4332 diver·

237 4372 356 4431 cissimis
379 4374 531 4433 sententiis
554 4373 690 4448 disjuncti
714 4375 742 4433 ei
764 4375 949 4447 adjudicabit.
989 4377 1048 4436 Sed
1069 4379 1111 4437 ita
1132 4378 1183 4436 ille
1199 4377 1310 4436 damnis
1332 4374 1451 4434 inflictis

237 4475 348 4534 mederi
379 4483 503 4550 repente
539 4479 685 4553 nequivit3
721 4495 795 4552 quae
827 4481 852 4537 si
881 4483 926 4540 vel
953 4485 1015 4556 ipse
1042 4483 1090 4541 vel
1122 4483 1162 4556 ii,
1193 4497 1264 4555 quos
1296 4479 1452 4554 consuluit,

236 4579 307 4638 satis
327 4580 558 4656 perspexissent,
587 4581 725 4656 quasdam
746 4581 870 4642 sortasse
891 4599 940 4642 res
963 4586 1074 4645 cautius
1093 4589 1277 4644 uacussent.
1320 4583 1454 4642 Excusa-
