3188 5086
237 271 289 326 144
715 273 818 324 Psaurs
835 273 949 326 Paroars

237 483 373 544 Ceterum
401 481 487 542 facile
512 488 592 559 erat,
619 485 712 544 multa
737 485 796 544 alia
827 484 950 561 uddere,
976 502 1051 560 quae
1074 486 1196 546 eandem
1217 485 1333 545 Erasufi
1352 501 1452 544 curam

236 604 271 648 ac
293 587 418 648 studium
441 587 554 647 scholas
576 589 650 647 varii
673 589 789 664 generis
811 589 991 663 propagandi
1010 591 1207 653 ostenderent.

322 693 418 752 Multo
444 692 531 750 etiam
558 693 675 766 saepius
703 692 893 766 praedicandi
925 694 1070 768 evangelii
1097 711 1213 769 munus,
1244 699 1313 752 tuuc
1344 693 1450 766 ubique

237 795 300 857 iere
326 799 355 856 iu
389 796 514 855 ecclesia
542 796 626 854 ualde
657 796 836 871 neglectum,
867 797 997 856 celebrat
1024 803 1056 856 et
1078 797 1267 858 commendat
1311 797 1351 856 Ut
1373 797 1452 855 enim

236 902 337 976 vulgus
361 915 474 959 sacram
496 901 670 974 scripturam
690 905 770 959 recte
793 901 924 974 bonoque
947 919 1012 960 cum
1031 901 1127 960 fructu
1147 903 1240 976 legat,
1272 901 1452 975 praedicato·

237 1006 317 1065 ribus
339 1022 411 1078 opus
433 1020 499 1064 esse
522 1005 593 1064 dicit
614 1005 686 1079 ipsis
708 1005 872 1078 scripturae
894 1006 999 1080 spiritu
1021 1005 1146 1066 imbutis.
1191 1005 1316 1078 Quorum
1339 1021 1453 1080 munus,

238 1116 271 1170 ut
289 1108 397 1169 Christi
418 1125 609 1184 praeconum,
632 1109 656 1168 si
677 1109 769 1183 probe
784 1110 916 1185 oheutur,
938 1111 1038 1184 quavis
1060 1111 1118 1170 ulia
1129 1110 1277 1170 iunctione
1293 1109 1340 1168 vel
1358 1109 1451 1168 eccle·

237 1215 354 1276 siastico
372 1213 419 1274 vel
448 1213 526 1272 ciuili
553 1213 702 1272 sublimius
724 1219 754 1272 et
776 1214 917 1273 excelsius
946 1230 1019 1274 esse.
1063 1215 1158 1274 Probe
1181 1221 1278 1274 autem
1297 1230 1355 1272 nou
1376 1213 1452 1272 obiri

237 1320 276 1379 ab
309 1321 359 1394 iis,
393 1319 441 1392 qui
472 1317 658 1376 scholasticas
692 1318 821 1392 argutias
852 1319 900 1377 uel
939 1317 1052 1378 fabulas
1082 1317 1260 1378 auditoribus
1288 1317 1452 1391 propinent.

237 1421 387 1498 Eiusmodi
421 1421 509 1480 rebus
548 1435 643 1495 neque
681 1420 809 1480 iudaeos
843 1421 989 1480 Turcasuc
1025 1421 1139 1482 Christo
1172 1421 1320 1481 conciliari
1356 1437 1451 1494 posse,

238 1543 332 1600 neque
363 1523 589 1584 Chmstmuorum
620 1525 847 1584 communionem
876 1524 1033 1586 aedificari.
1090 1525 1171 1596 Quod
1200 1542 1259 1585 uon
1284 1523 1362 1598 fieri,
1394 1523 1452 1582 nisi

237 1647 325 1706 purus
354 1635 384 1690 et
410 1629 530 1702 simplex
558 1627 688 1688 Christus
714 1629 913 1704 praedicetur,
943 1634 976 1688 ut
1002 1647 1089 1704 ,uuus
1113 1629 1230 1703 spiritus
1255 1645 1320 1687 cum
1349 1627 1452 1702 spiritu

238 1736 314 1810 eius,
337 1749 425 1792 uuum
448 1747 551 1806 corpus
574 1748 639 1790 cum
658 1747 779 1805 corpore
802 1734 865 1806 eJus
887 1731 1003 1808 fiamus,
1033 1739 1066 1792 ut
1086 1735 1118 1792 in
1139 1735 1220 1793 illum
1242 1730 1451 1807 quodammodo

238 1836 475 1912 uunsfiguremur
493 1837 599 1910 etjam
621 1837 715 1894 miuus
737 1835 888 1910 minusque
910 1837 1046 1896 innubis
1068 1838 1139 1912 ipsis
1161 1833 1331 1897 ιὶιιιιιιέ1

326 1942 419 2014 Quum
441 1941 530 2014 igitur
555 1939 610 1998 hoc
638 1940 734 1998 animo
763 1941 944 2015 evaugeHum
966 1941 1072 2016 populo
1098 1943 1232 2001 uuuciari
1253 1941 1337 2016 veit,
1366 1946 1399 2000 ut
1419 1941 1450 2000 id

240 2045 365 2120 iaciant,
402 2061 586 2119 quoscunque
620 2049 704 2118 aptos
737 2045 896 2119 existimat,
930 2045 1250 2121 hortatur,·sthuulat‚
1291 2043 1450 2105 confirmat

239 2151 382 2226 Lupreto,
420 2165 508 2223 quum
541 2149 601 2208 vita
642 2147 772 2208 defuncti
809 2150 941 2224 magistri
972 2150 1110 2224 piissimi,
1148 2149 1255 2224 Coleti,
1292 2165 1386 2210 mores
1419 2151 1450 2208 iu

240 2257 368 2316 externis
390 2255 477 2314 rebus
499 2253 653 2314 imitandos
675 2253 730 2312 sihi
751 2255 965 2328 proposuisset,
984 2255 1016 2313 in
1030 2255 1197 2315 memoriam
1214 2259 1348 2330 reuocat,
1369 2253 1449 2313 illum

239 2361 382 2420 sinceram
404 2357 511 2418 Christi
533 2357 742 2432 philosophiam
767 2374 784 2416 e
806 2358 967 2432 purissimis
994 2359 1208 2432 evaugehorum
1234 2359 1366 2419 heustam
1387 2358 1449 2417 ion-

241 2464 319 2524 tibus
350 2463 441 2538 gratis
468 2461 631 2535 impertisse
660 2461 782 2534 populo:
817 2461 905 2535 ,Eum
935 2461 974 2521 ad
1001 2462 1088 2538 rem,‘
1126 2464 1236 2538 inquit,
1265 2465 1306 2538 ,si
1334 2468 1364 2523 te
1391 2469 1451 2522 toto

240 2566 335 2628 studio
358 2565 530 2639 contuleris,
553 2569 603 2622 ιιι
622 2579 676 2638 ego
698 2565 785 2638 plane
801 2563 895 2638 iallor,
916 2571 966 2624 aut
985 2564 1087 2625 Coleto
1100 2583 1158 2627 uon
1176 2565 1298 2627 inferior
1309 2562 1450 2628 evades.‘²

240 2672 280 2730 Et
307 2671 364 2744 ipsi
386 2667 488 2728 Coleto
514 2684 565 2726 suo
584 2683 688 2726 novem
710 2669 793 2726 aunis
815 2673 884 2727 aute
907 2669 1076 2744 scripserat:
1107 2671 1264 2746 ,Equidem
1285 2674 1399 2747 cupiam
1419 2676 1451 2730 te

240 2779 377 2850 quantum
406 2777 503 2847 potest
530 2773 696 2844 longissime
727 2789 745 2831 a
777 2771 929 2831 mundanis
957 2775 1080 2849 negotiis
1107 2778 1262 2848 semoveri,
1292 2793 1350 2835 nou
1376 2775 1453 2850 quod

241 2895 353 2953 verear,
372 2895 410 2938 ue
427 2875 550 2936 muudus
572 2875 636 2951 hio,
659 2881 692 2935 ut
713 2881 758 2936 est
777 2877 922 2950 humatus,
944 2883 975 2936 te
994 2879 1050 2938 sibi
1072 2879 1197 2940 vindicet
1216 2897 1251 2940 ιι
1271 2897 1372 2940 ιιιιιι
1386 2881 1452 2955 inji-

241 2985 314 3060 ciat,
336 2983 389 3043 sed
410 2981 487 3056 quod
508 2981 607 3040 malim
626 2981 703 3040 istud
725 2983 888 3055 ingenium,
907 2982 993 3042 istam
1016 2985 1225 3061 eloquentiam,
1247 2988 1334 3045 istam
1356 2986 1453 3045 erudi·

238 3091 348 3150 bouem
369 3089 401 3146 iu
422 3085 545 3146 solidum
567 3085 695 3159 impendi
717 3084 872 3148 Christo.‘³
916 3089 1026 3148 Bouillo
1048 3089 1093 3146 h'm
1114 3091 1210 3149 verbis
1232 3093 1343 3150 animos
1365 3089 1451 3150 iacit:

239 3194 338 3272 ,Quod
362 3193 541 3252 concionaris
563 3190 641 3266 apud
657 3193 808 3267 populum,
837 3195 928 3266 probo
949 3199 1028 3251 tuum
1050 3194 1226 3254 institutum:
1254 3195 1331 3268 quod
1353 3212 1453 3255 succe·

240 3301 283 3359 dit
311 3298 455 3372 gratulor,
484 3297 656 3370 praesertim
683 3313 770 3369 quum
798 3295 943 3356 Christum
973 3314 1046 3371 pure
1072 3299 1193 3374 doceas,
1222 3316 1279 3358 non
1308 3301 1453 3360 hominum

237 3405 332 3476 jactes
352 3407 403 3459 aut
424 3403 554 3458 ostentes
576 3397 746 3472 arguimur*
790 3399 929 3460 Similiter
944 3401 1062 3460 Borsalo
1085 3403 1197 3461 scribit:
1220 3403 1302 3474 ,Non
1320 3405 1453 3478 deerunt,

240 3506 291 3580 qui
311 3504 388 3564 Scoti
411 3501 596 3574 Thomaeque
626 3503 746 3561 decreta
772 3505 958 3580 praedicent,
985 3522 1060 3578 quae
1091 3523 1146 3565 uec
1174 3523 1229 3581 ego
1253 3523 1371 3580 prorsus
1400 3509 1453 3566 im·

240 3609 339 3684 probo.
385 3607 428 3666 Tu
451 3623 553 3680 purum
576 3605 657 3664 illum
679 3611 710 3664 et
727 3608 872 3667 sincerum
883 3608 1027 3670 Christum
1041 3611 1185 3670 mentibus
1200 3617 1316 3670 tuorum
1334 3613 1454 3686 instilla,

240 3712 354 3790 qmudo
376 3711 407 3771 id
429 3728 448 3768 a
469 3711 569 3785 paucis
590 3709 654 3770 fieri
676 3710 813 3771 videmus
859 3713 979 3774 Gaudeo
999 3715 1052 3774 tibi
1067 3721 1127 3774 tum
1149 3714 1293 3775 fortunam
1312 3717 1454 3792 obtigisse

241 3837 307 3879 cum
336 3817 478 3891 dignitate
509 3817 704 3891 conjunctam,
737 3821 798 3874 tum
825 3823 924 3877 autem
944 3820 1096 3878 materiem
1125 3825 1156 3879 et
1177 3827 1306 3895 segetem
1326 3819 1455 3878 oblatam

239 3923 316 3984 hene
338 3921 469 3981 merendi
488 3919 524 3979 de
546 3935 636 3994 grege
659 3917 858 3981 christiano.‘⁶
1578 3909 1579 3994 J

327 4026 373 4086 Ex
394 4025 440 4084 his
462 4031 493 4084 et
515 4023 656 4084 similibus
676 4031 773 4100 patet,
798 4025 968 4102 Erasmum,
997 4044 1084 4100 quum
1107 4027 1144 4086 ed
1166 4027 1363 4087 sustinendum
1386 4043 1458 4087 con·
1578 4023 1579 4078 ἒ

240 4131 395 4190 cionatoris
421 4145 524 4188 munus
548 4133 609 4187 tum
636 4129 735 4202 lingua
763 4145 868 4189 sonora
896 4137 927 4189 et
955 4131 1116 4206 popularis,
1144 4137 1205 4191 tum
1228 4132 1356 4205 corporis
1377 4132 1459 4192 uires
1578 4113 1579 4140 ³

239 4236 333 4310 ipsum
359 4231 534 4308 delicerent,
562 4249 599 4292 eo
628 4233 793 4307 religiosius
815 4234 896 4310 aliis,
926 4241 1064 4308 quantum
1088 4253 1140 4310 pro
1164 4253 1217 4296 sua
1237 4235 1335 4296 indole
1352 4236 1459 4312 potuit,

331 4472 358 4538 1)
377 4471 417 4522 lix
435 4468 576 4520 euchiridio
593 4468 684 4521 militis
701 4469 852 4526 Christiani.
932 4471 960 4536 a)
977 4471 1046 4536 Epp.
1065 4469 1139 4535 xlv,
1157 4477 1182 4522 4.
1260 4470 1288 4538 8)
1306 4471 1375 4536 lipp.
1392 4467 1459 4536 ΧΠ,

241 4563 411 4612 ilaltlt.
480 4555 844 4624 s)1tpp.11‚run1s1u.
916 4557 942 4624 b)
963 4557 1032 4623 Epp.
1052 4557 1101 4621 VI,
1123 4563 1155 4609 lt
1174 4573 1197 4608 ι.
1217 4563 1292 4610 1519.
