<?xml version="1.0" encoding="UTF-8"?>
<!DOCTYPE html PUBLIC "-//W3C//DTD XHTML 1.0 Transitional//EN"
    "http://www.w3.org/TR/xhtml1/DTD/xhtml1-transitional.dtd">
<html xmlns="http://www.w3.org/1999/xhtml" xml:lang="en" lang="en">
 <head>
  <title>
</title>
<meta http-equiv="Content-Type" content="text/html;charset=utf-8" />
  <meta name='ocr-system' content='tesseract 3.04.00' />
  <meta name='ocr-capabilities' content='ocr_page ocr_carea ocr_par ocr_line ocrx_word'/>
</head>
<body>
  <div class='ocr_page' id='page_1' title='image "./erasmusredivivu00schlgoog_0148.png"; bbox 0 0 3188 5086; ppageno 0'>
   <div class='ocr_carea' id='block_1_1' title="bbox 670 320 1347 383">
    <p class='ocr_par' dir='ltr' id='par_1_1' title="bbox 670 320 1347 383">
     <span class='ocr_line' id='line_1_1' title="bbox 670 320 1347 383; baseline 0.01 -7"><span class='ocrx_word' id='word_1_1' title='bbox 670 322 762 376; x_wconf 73' lang='lat' dir='ltr'><strong>Carnu</strong></span> <span class='ocrx_word' id='word_1_2' title='bbox 780 320 811 378; x_wconf 82' lang='lat' dir='ltr'><strong>V.</strong></span> <span class='ocrx_word' id='word_1_3' title='bbox 1297 323 1347 383; x_wconf 86' lang='lat'><strong>131</strong></span> 
     </span>
    </p>
   </div>
   <div class='ocr_carea' id='block_1_2' title="bbox 134 539 1350 929">
    <p class='ocr_par' dir='ltr' id='par_1_2' title="bbox 134 539 1350 929">
     <span class='ocr_line' id='line_1_2' title="bbox 218 539 1348 614; baseline 0.006 -16"><span class='ocrx_word' id='word_1_4' title='bbox 218 539 317 600; x_wconf 87' lang='lat' dir='ltr'><strong>Etiam</strong></span> <span class='ocrx_word' id='word_1_5' title='bbox 345 540 382 600; x_wconf 90' lang='lat' dir='ltr'><strong>dc</strong></span> <span class='ocrx_word' id='word_1_6' title='bbox 413 541 607 614; x_wconf 75' lang='lat' dir='ltr'><strong>scholasticis,</strong></span> <span class='ocrx_word' id='word_1_7' title='bbox 631 541 756 612; x_wconf 71' lang='lat' dir='ltr'><strong>&#39;quorum</strong></span> <span class='ocrx_word' id='word_1_8' title='bbox 778 539 931 598; x_wconf 75' lang='lat' dir='ltr'><strong>sententiis</strong></span> <span class='ocrx_word' id='word_1_9' title='bbox 951 541 1074 600; x_wconf 87' lang='lat' dir='ltr'><strong>maxime</strong></span> <span class='ocrx_word' id='word_1_10' title='bbox 1097 543 1266 604; x_wconf 75' lang='lat' dir='ltr'><strong>nitebantur</strong></span> <span class='ocrx_word' id='word_1_11' title='bbox 1288 561 1348 605; x_wconf 92' lang='lat' dir='ltr'><strong>mo·</strong></span> 
     </span>
     <span class='ocr_line' id='line_1_3' title="bbox 134 644 1348 723; baseline 0.005 -19"><span class='ocrx_word' id='word_1_12' title='bbox 134 646 231 722; x_wconf 77' lang='lat' dir='ltr'><strong>mohi,</strong></span> <span class='ocrx_word' id='word_1_13' title='bbox 258 647 338 718; x_wconf 75' lang='lat' dir='ltr'><strong>iuste</strong></span> <span class='ocrx_word' id='word_1_14' title='bbox 370 652 402 705; x_wconf 89' lang='lat' dir='ltr'><strong>et</strong></span> <span class='ocrx_word' id='word_1_15' title='bbox 430 661 526 718; x_wconf 87' lang='lat' dir='ltr'><strong>aeque</strong></span> <span class='ocrx_word' id='word_1_16' title='bbox 550 645 683 720; x_wconf 88' lang='lat' dir='ltr'><strong>jndicare</strong></span> <span class='ocrx_word' id='word_1_17' title='bbox 712 644 834 718; x_wconf 82' lang='lat' dir='ltr'><strong>studuit,</strong></span> <span class='ocrx_word' id='word_1_18' title='bbox 866 645 1016 704; x_wconf 74' lang='lat' dir='ltr'><strong>historiam</strong></span> <span class='ocrx_word' id='word_1_19' title='bbox 1043 647 1150 706; x_wconf 90' lang='lat' dir='ltr'><strong>iterum</strong></span> <span class='ocrx_word' id='word_1_20' title='bbox 1178 651 1348 723; x_wconf 83' lang='lat' dir='ltr'><strong>magistram</strong></span> 
     </span>
     <span class='ocr_line' id='line_1_4' title="bbox 134 749 1349 828; baseline 0.004 -19"><span class='ocrx_word' id='word_1_21' title='bbox 134 756 262 824; x_wconf 88' lang='lat' dir='ltr'><strong>secutus,</strong></span> <span class='ocrx_word' id='word_1_22' title='bbox 285 752 368 822; x_wconf 88' lang='lat' dir='ltr'><strong>cujus</strong></span> <span class='ocrx_word' id='word_1_23' title='bbox 391 751 536 826; x_wconf 81' lang='lat' dir='ltr'><strong>notitiam,</strong></span> <span class='ocrx_word' id='word_1_24' title='bbox 563 766 651 822; x_wconf 92' lang='lat' dir='ltr'><strong>quum</strong></span> <span class='ocrx_word' id='word_1_25' title='bbox 673 749 851 823; x_wconf 89' lang='lat' dir='ltr'><strong>reipublicae</strong></span> <span class='ocrx_word' id='word_1_26' title='bbox 876 750 1052 810; x_wconf 89' lang='lat' dir='ltr'><strong>christianae</strong></span> <span class='ocrx_word' id='word_1_27' title='bbox 1076 753 1261 828; x_wconf 89' lang='lat' dir='ltr'><strong>,primordia‚</strong></span> <span class='ocrx_word' id='word_1_28' title='bbox 1283 771 1349 828; x_wconf 93' lang='lat' dir='ltr'><strong>pro·</strong></span> 
     </span>
     <span class='ocr_line' id='line_1_5' title="bbox 134 853 1350 929; baseline 0.005 -17"><span class='ocrx_word' id='word_1_29' title='bbox 134 871 273 929; x_wconf 65' lang='lat' dir='ltr'><strong>pomum,</strong></span> <span class='ocrx_word' id='word_1_30' title='bbox 295 854 467 927; x_wconf 87' lang='lat' dir='ltr'><strong>deliqninm‘</strong></span> <span class='ocrx_word' id='word_1_31' title='bbox 496 860 528 913; x_wconf 91' lang='lat' dir='ltr'><strong>ut</strong></span> <span class='ocrx_word' id='word_1_32' title='bbox 554 870 639 913; x_wconf 91' lang='lat' dir='ltr'><strong>nemo</strong></span> <span class='ocrx_word' id='word_1_33' title='bbox 670 854 834 926; x_wconf 85' lang='lat' dir='ltr'><strong>aequalium</strong></span> <span class='ocrx_word' id='word_1_34' title='bbox 864 853 979 912; x_wconf 89' lang='lat' dir='ltr'><strong>assidue</strong></span> <span class='ocrx_word' id='word_1_35' title='bbox 1009 860 1040 913; x_wconf 94' lang='lat' dir='ltr'><strong>et</strong></span> <span class='ocrx_word' id='word_1_36' title='bbox 1066 861 1203 914; x_wconf 87' lang='lat' dir='ltr'><strong>accurate</strong></span> <span class='ocrx_word' id='word_1_37' title='bbox 1230 858 1350 918; x_wconf 88' lang='lat' dir='ltr'><strong>investi·</strong></span> 
     </span>
    </p>
   </div>
   <div class='ocr_carea' id='block_1_3' title="bbox 20 938 1349 1346">
    <p class='ocr_par' dir='ltr' id='par_1_3' title="bbox 20 938 1349 1346">
     <span class='ocr_line' id='line_1_6' title="bbox 20 938 1349 1034; baseline 0.002 -16"><span class='ocrx_word' id='word_1_38' title='bbox 20 938 21 976; x_wconf 65' lang='lat'>³</span> <span class='ocrx_word' id='word_1_39' title='bbox 133 965 228 1032; x_wconf 86' lang='lat' dir='ltr'><strong>garet,</strong></span> <span class='ocrx_word' id='word_1_40' title='bbox 251 974 287 1016; x_wconf 88' lang='lat' dir='ltr'><strong>ex</strong></span> <span class='ocrx_word' id='word_1_41' title='bbox 305 959 419 1032; x_wconf 79' lang='lat' dir='ltr'><strong>ingenti</strong></span> <span class='ocrx_word' id='word_1_42' title='bbox 440 957 562 1017; x_wconf 83' lang='lat' dir='ltr'><strong>fontium</strong></span> <span class='ocrx_word' id='word_1_43' title='bbox 584 959 668 1030; x_wconf 92' lang='lat' dir='ltr'><strong>copia</strong></span> <span class='ocrx_word' id='word_1_44' title='bbox 690 959 839 1016; x_wconf 84' lang='lat' dir='ltr'><strong>hauserat.</strong></span> <span class='ocrx_word' id='word_1_45' title='bbox 883 958 1053 1018; x_wconf 89' lang='lat' dir='ltr'><strong>Doctrinam</strong></span> <span class='ocrx_word' id='word_1_46' title='bbox 1070 961 1268 1034; x_wconf 88' lang='lat' dir='ltr'><strong>evangelicam</strong></span> <span class='ocrx_word' id='word_1_47' title='bbox 1283 978 1349 1021; x_wconf 93' lang='lat' dir='ltr'><strong>oum</strong></span> 
     </span>
     <span class='ocr_line' id='line_1_7' title="bbox 20 1049 1348 1136; baseline 0.005 -16"><span class='ocrx_word' id='word_1_48' title='bbox 20 1049 21 1082; x_wconf 64' lang='lat'><em>³</em></span> <span class='ocrx_word' id='word_1_49' title='bbox 131 1063 258 1135; x_wconf 82' lang='lat' dir='ltr'><strong>priorum</strong></span> <span class='ocrx_word' id='word_1_50' title='bbox 287 1063 451 1122; x_wconf 90' lang='lat' dir='ltr'><strong>seculorum</strong></span> <span class='ocrx_word' id='word_1_51' title='bbox 479 1063 640 1136; x_wconf 89' lang='lat' dir='ltr'><strong>apologetis</strong></span> <span class='ocrx_word' id='word_1_52' title='bbox 669 1062 879 1136; x_wconf 88' lang='lat' dir='ltr'><strong>philosophiam</strong></span> <span class='ocrx_word' id='word_1_53' title='bbox 909 1062 1096 1122; x_wconf 89' lang='lat' dir='ltr'><strong>christianam</strong></span> <span class='ocrx_word' id='word_1_54' title='bbox 1129 1079 1234 1122; x_wconf 87' lang='lat' dir='ltr'><strong>vocare</strong></span> <span class='ocrx_word' id='word_1_55' title='bbox 1265 1065 1348 1126; x_wconf 90' lang='lat' dir='ltr'><strong>solet</strong></span> 
     </span>
     <span class='ocr_line' id='line_1_8' title="bbox 132 1166 1349 1243; baseline 0.003 -16.663"><span class='ocrx_word' id='word_1_56' title='bbox 132 1167 254 1242; x_wconf 82' lang='lat' dir='ltr'><strong>,llaec‘,</strong></span> <span class='ocrx_word' id='word_1_57' title='bbox 276 1168 384 1242; x_wconf 90' lang='lat' dir='ltr'><strong>iuquit,</strong></span> <span class='ocrx_word' id='word_1_58' title='bbox 415 1167 498 1240; x_wconf 93' lang='lat' dir='ltr'><strong>,olim</strong></span> <span class='ocrx_word' id='word_1_59' title='bbox 521 1167 710 1240; x_wconf 81' lang='lat' dir='ltr'><strong>credebatur,</strong></span> <span class='ocrx_word' id='word_1_60' title='bbox 732 1183 791 1226; x_wconf 90' lang='lat' dir='ltr'><strong>nou</strong></span> <span class='ocrx_word' id='word_1_61' title='bbox 813 1166 1030 1240; x_wconf 85' lang='lat' dir='ltr'><strong>disputabatur,</strong></span> <span class='ocrx_word' id='word_1_62' title='bbox 1053 1173 1084 1226; x_wconf 93' lang='lat' dir='ltr'><strong>et</strong></span> <span class='ocrx_word' id='word_1_63' title='bbox 1105 1169 1155 1240; x_wconf 89' lang='lat' dir='ltr'><strong>pia</strong></span> <span class='ocrx_word' id='word_1_64' title='bbox 1179 1169 1349 1243; x_wconf 84' lang='lat' dir='ltr'><strong>simplicitas</strong></span> 
     </span>
     <span class='ocr_line' id='line_1_9' title="bbox 20 1265 1349 1346; baseline 0.005 -17"><span class='ocrx_word' id='word_1_65' title='bbox 20 1265 21 1286; x_wconf 60' lang='lat'>³</span> <span class='ocrx_word' id='word_1_66' title='bbox 131 1271 277 1330; x_wconf 91' lang='lat' dir='ltr'><strong>hominum</strong></span> <span class='ocrx_word' id='word_1_67' title='bbox 300 1287 448 1331; x_wconf 86' lang='lat' dir='ltr'><strong>sacrorum</strong></span> <span class='ocrx_word' id='word_1_68' title='bbox 471 1272 646 1330; x_wconf 91' lang='lat' dir='ltr'><strong>voluminum</strong></span> <span class='ocrx_word' id='word_1_69' title='bbox 668 1272 794 1330; x_wconf 89' lang='lat' dir='ltr'><strong>oraculis</strong></span> <span class='ocrx_word' id='word_1_70' title='bbox 818 1275 882 1328; x_wconf 89' lang='lat' dir='ltr'><strong>erat</strong></span> <span class='ocrx_word' id='word_1_71' title='bbox 900 1276 1052 1344; x_wconf 78' lang='lat' dir='ltr'><strong>contenta3</strong></span> <span class='ocrx_word' id='word_1_72' title='bbox 1071 1289 1126 1331; x_wconf 88' lang='lat' dir='ltr'><strong>nec</strong></span> <span class='ocrx_word' id='word_1_73' title='bbox 1141 1274 1349 1346; x_wconf 87' lang='lat' dir='ltr'><strong>egebatvariis</strong></span> 
     </span>
    </p>
   </div>
   <div class='ocr_carea' id='block_1_4' title="bbox 129 1375 1420 4478">
    <p class='ocr_par' dir='ltr' id='par_1_4' title="bbox 130 1375 1350 3017">
     <span class='ocr_line' id='line_1_10' title="bbox 131 1375 1348 1450; baseline 0.003 -16"><span class='ocrx_word' id='word_1_74' title='bbox 131 1377 319 1450; x_wconf 79' lang='lat' dir='ltr'><strong>praescriptis</strong></span> <span class='ocrx_word' id='word_1_75' title='bbox 349 1377 426 1435; x_wconf 92' lang='lat' dir='ltr'><strong>ultro</strong></span> <span class='ocrx_word' id='word_1_76' title='bbox 454 1382 588 1450; x_wconf 87' lang='lat' dir='ltr'><strong>prompta</strong></span> <span class='ocrx_word' id='word_1_77' title='bbox 615 1378 736 1448; x_wconf 89' lang='lat' dir='ltr'><strong>caritas,</strong></span> <span class='ocrx_word' id='word_1_78' title='bbox 766 1376 863 1434; x_wconf 93' lang='lat' dir='ltr'><strong>omnia</strong></span> <span class='ocrx_word' id='word_1_79' title='bbox 886 1375 1021 1449; x_wconf 89' lang='lat' dir='ltr'><strong>credens,</strong></span> <span class='ocrx_word' id='word_1_80' title='bbox 1052 1393 1193 1450; x_wconf 91' lang='lat' dir='ltr'><strong>nusquam</strong></span> <span class='ocrx_word' id='word_1_81' title='bbox 1214 1379 1348 1440; x_wconf 90' lang='lat' dir='ltr'><strong>haerens.</strong></span> 
     </span>
     <span class='ocr_line' id='line_1_11' title="bbox 131 1479 1349 1560; baseline 0.003 -22"><span class='ocrx_word' id='word_1_82' title='bbox 131 1479 202 1539; x_wconf 84' lang='lat' dir='ltr'><strong>Mox</strong></span> <span class='ocrx_word' id='word_1_83' title='bbox 230 1480 395 1555; x_wconf 87' lang='lat' dir='ltr'><strong>theologiae</strong></span> <span class='ocrx_word' id='word_1_84' title='bbox 424 1481 616 1554; x_wconf 88' lang='lat' dir='ltr'><strong>patrocinium</strong></span> <span class='ocrx_word' id='word_1_85' title='bbox 642 1480 835 1554; x_wconf 86' lang='lat' dir='ltr'><strong>capessebant</strong></span> <span class='ocrx_word' id='word_1_86' title='bbox 860 1480 994 1538; x_wconf 91' lang='lat' dir='ltr'><strong>humanis</strong></span> <span class='ocrx_word' id='word_1_87' title='bbox 1020 1481 1153 1540; x_wconf 90' lang='lat' dir='ltr'><strong>instructi</strong></span> <span class='ocrx_word' id='word_1_88' title='bbox 1178 1483 1349 1560; x_wconf 90' lang='lat' dir='ltr'><strong>disciplinis,</strong></span> 
     </span>
     <span class='ocr_line' id='line_1_12' title="bbox 131 1583 1348 1662; baseline 0.004 -20"><span class='ocrx_word' id='word_1_89' title='bbox 131 1584 185 1644; x_wconf 93' lang='lat' dir='ltr'><strong>sed</strong></span> <span class='ocrx_word' id='word_1_90' title='bbox 207 1583 298 1643; x_wconf 82' lang='lat' dir='ltr'><strong>terme</strong></span> <span class='ocrx_word' id='word_1_91' title='bbox 321 1585 460 1658; x_wconf 86' lang='lat' dir='ltr'><strong>hisquae</strong></span> <span class='ocrx_word' id='word_1_92' title='bbox 482 1585 569 1644; x_wconf 88' lang='lat' dir='ltr'><strong>hodie</strong></span> <span class='ocrx_word' id='word_1_93' title='bbox 593 1585 754 1643; x_wconf 88' lang='lat' dir='ltr'><strong>rhetoricas</strong></span> <span class='ocrx_word' id='word_1_94' title='bbox 777 1585 878 1657; x_wconf 89' lang='lat' dir='ltr'><strong>vulgus</strong></span> <span class='ocrx_word' id='word_1_95' title='bbox 901 1584 1036 1658; x_wconf 88' lang='lat' dir='ltr'><strong>appellat.</strong></span> <span class='ocrx_word' id='word_1_96' title='bbox 1088 1585 1233 1645; x_wconf 85' lang='lat' dir='ltr'><strong>Paulatim</strong></span> <span class='ocrx_word' id='word_1_97' title='bbox 1256 1589 1348 1662; x_wconf 88' lang='lat' dir='ltr'><strong>magis</strong></span> 
     </span>
     <span class='ocr_line' id='line_1_13' title="bbox 132 1689 1349 1764; baseline 0.003 -16"><span class='ocrx_word' id='word_1_98' title='bbox 132 1703 166 1748; x_wconf 91' lang='lat' dir='ltr'><strong>ac</strong></span> <span class='ocrx_word' id='word_1_99' title='bbox 191 1689 282 1762; x_wconf 87' lang='lat' dir='ltr'><strong>magis</strong></span> <span class='ocrx_word' id='word_1_100' title='bbox 304 1689 438 1749; x_wconf 86' lang='lat' dir='ltr'><strong>adhiberi</strong></span> <span class='ocrx_word' id='word_1_101' title='bbox 460 1690 557 1762; x_wconf 90' lang='lat' dir='ltr'><strong>coepit</strong></span> <span class='ocrx_word' id='word_1_102' title='bbox 586 1689 780 1763; x_wconf 87' lang='lat' dir='ltr'><strong>philosophia,</strong></span> <span class='ocrx_word' id='word_1_103' title='bbox 810 1691 934 1762; x_wconf 91' lang='lat' dir='ltr'><strong>primurn</strong></span> <span class='ocrx_word' id='word_1_104' title='bbox 957 1689 1121 1764; x_wconf 87' lang='lat' dir='ltr'><strong>Platonica,</strong></span> <span class='ocrx_word' id='word_1_105' title='bbox 1151 1707 1216 1749; x_wconf 86' lang='lat' dir='ltr'><strong>mor</strong></span> <span class='ocrx_word' id='word_1_106' title='bbox 1236 1691 1349 1752; x_wconf 75' lang='lat' dir='ltr'><strong>Ariam-</strong></span> 
     </span>
     <span class='ocr_line' id='line_1_14' title="bbox 131 1793 1349 1868; baseline 0.002 -16"><span class='ocrx_word' id='word_1_107' title='bbox 131 1793 237 1868; x_wconf 87' lang='lat' dir='ltr'><strong>telica;</strong></span> <span class='ocrx_word' id='word_1_108' title='bbox 266 1798 399 1867; x_wconf 90' lang='lat' dir='ltr'><strong>coeptum</strong></span> <span class='ocrx_word' id='word_1_109' title='bbox 422 1795 523 1867; x_wconf 89' lang='lat' dir='ltr'><strong>quaeri</strong></span> <span class='ocrx_word' id='word_1_110' title='bbox 548 1793 585 1852; x_wconf 93' lang='lat' dir='ltr'><strong>de</strong></span> <span class='ocrx_word' id='word_1_111' title='bbox 608 1793 718 1866; x_wconf 87' lang='lat' dir='ltr'><strong>multis,</strong></span> <span class='ocrx_word' id='word_1_112' title='bbox 747 1808 823 1864; x_wconf 91' lang='lat' dir='ltr'><strong>quae</strong></span> <span class='ocrx_word' id='word_1_113' title='bbox 846 1793 893 1852; x_wconf 90' lang='lat' dir='ltr'><strong>vel</strong></span> <span class='ocrx_word' id='word_1_114' title='bbox 915 1793 953 1852; x_wconf 93' lang='lat' dir='ltr'><strong>ad</strong></span> <span class='ocrx_word' id='word_1_115' title='bbox 974 1809 1081 1864; x_wconf 90' lang='lat' dir='ltr'><strong>mores,</strong></span> <span class='ocrx_word' id='word_1_116' title='bbox 1111 1795 1159 1852; x_wconf 92' lang='lat' dir='ltr'><strong>vel</strong></span> <span class='ocrx_word' id='word_1_117' title='bbox 1181 1795 1349 1856; x_wconf 89' lang='lat' dir='ltr'><strong>coelestium</strong></span> 
     </span>
     <span class='ocr_line' id='line_1_15' title="bbox 131 1895 1349 1972; baseline 0.003 -16"><span class='ocrx_word' id='word_1_118' title='bbox 131 1913 232 1956; x_wconf 90' lang='lat' dir='ltr'><strong>rernm</strong></span> <span class='ocrx_word' id='word_1_119' title='bbox 253 1899 482 1972; x_wconf 88' lang='lat' dir='ltr'><strong>speculationem</strong></span> <span class='ocrx_word' id='word_1_120' title='bbox 504 1899 652 1971; x_wconf 91' lang='lat' dir='ltr'><strong>pertinere</strong></span> <span class='ocrx_word' id='word_1_121' title='bbox 674 1895 854 1956; x_wconf 90' lang='lat' dir='ltr'><strong>videbantur.</strong></span> <span class='ocrx_word' id='word_1_122' title='bbox 900 1897 981 1968; x_wconf 80' lang='lat' dir='ltr'><strong>Quae</strong></span> <span class='ocrx_word' id='word_1_123' title='bbox 1004 1913 1052 1956; x_wconf 92' lang='lat' dir='ltr'><strong>res</strong></span> <span class='ocrx_word' id='word_1_124' title='bbox 1074 1899 1198 1972; x_wconf 90' lang='lat' dir='ltr'><strong>primum</strong></span> <span class='ocrx_word' id='word_1_125' title='bbox 1220 1901 1282 1959; x_wconf 88' lang='lat' dir='ltr'><strong>visa</strong></span> <span class='ocrx_word' id='word_1_126' title='bbox 1305 1907 1349 1960; x_wconf 90' lang='lat' dir='ltr'><strong>est</strong></span> 
     </span>
     <span class='ocr_line' id='line_1_16' title="bbox 132 2001 1349 2080; baseline 0.003 -20"><span class='ocrx_word' id='word_1_127' title='bbox 132 2001 340 2075; x_wconf 90' lang='lat' dir='ltr'><strong>propemodum</strong></span> <span class='ocrx_word' id='word_1_128' title='bbox 361 2003 537 2063; x_wconf 88' lang='lat' dir='ltr'><strong>necessaria.</strong></span> <span class='ocrx_word' id='word_1_129' title='bbox 582 2002 622 2061; x_wconf 86' lang='lat' dir='ltr'><strong>At</strong></span> <span class='ocrx_word' id='word_1_130' title='bbox 641 2002 749 2060; x_wconf 90' lang='lat' dir='ltr'><strong>sensim</strong></span> <span class='ocrx_word' id='word_1_131' title='bbox 768 2018 803 2060; x_wconf 93' lang='lat' dir='ltr'><strong>eo</strong></span> <span class='ocrx_word' id='word_1_132' title='bbox 821 2001 977 2075; x_wconf 84' lang='lat' dir='ltr'><strong>succrevit,</strong></span> <span class='ocrx_word' id='word_1_133' title='bbox 1000 2007 1034 2060; x_wconf 93' lang='lat' dir='ltr'><strong>nt</strong></span> <span class='ocrx_word' id='word_1_134' title='bbox 1047 2003 1191 2080; x_wconf 91' lang='lat' dir='ltr'><strong>plerique,</strong></span> <span class='ocrx_word' id='word_1_135' title='bbox 1213 2005 1349 2078; x_wconf 89' lang='lat' dir='ltr'><strong>neglecta</strong></span> 
     </span>
     <span class='ocr_line' id='line_1_17' title="bbox 132 2105 1349 2180; baseline 0.003 -16"><span class='ocrx_word' id='word_1_136' title='bbox 132 2106 296 2178; x_wconf 86' lang='lat' dir='ltr'><strong>linguarum</strong></span> <span class='ocrx_word' id='word_1_137' title='bbox 330 2111 361 2165; x_wconf 92' lang='lat' dir='ltr'><strong>et</strong></span> <span class='ocrx_word' id='word_1_138' title='bbox 393 2107 535 2180; x_wconf 87' lang='lat' dir='ltr'><strong>politioris</strong></span> <span class='ocrx_word' id='word_1_139' title='bbox 569 2107 753 2164; x_wconf 88' lang='lat' dir='ltr'><strong>litteraturae</strong></span> <span class='ocrx_word' id='word_1_140' title='bbox 791 2105 911 2178; x_wconf 88' lang='lat' dir='ltr'><strong>peritia,</strong></span> <span class='ocrx_word' id='word_1_141' title='bbox 952 2105 1039 2164; x_wconf 91' lang='lat' dir='ltr'><strong>immo</strong></span> <span class='ocrx_word' id='word_1_142' title='bbox 1067 2108 1209 2180; x_wconf 82' lang='lat' dir='ltr'><strong>neglectis</strong></span> <span class='ocrx_word' id='word_1_143' title='bbox 1245 2109 1349 2168; x_wconf 79' lang='lat' dir='ltr'><strong>divims</strong></span> 
     </span>
     <span class='ocr_line' id='line_1_18' title="bbox 132 2209 1348 2289; baseline 0.004 -21"><span class='ocrx_word' id='word_1_144' title='bbox 132 2210 340 2286; x_wconf 88' lang='lat' dir='ltr'><strong>voluminibus,</strong></span> <span class='ocrx_word' id='word_1_145' title='bbox 373 2212 402 2269; x_wconf 93' lang='lat' dir='ltr'><strong>in</strong></span> <span class='ocrx_word' id='word_1_146' title='bbox 433 2211 571 2283; x_wconf 88' lang='lat' dir='ltr'><strong>curiosis,</strong></span> <span class='ocrx_word' id='word_1_147' title='bbox 604 2210 827 2284; x_wconf 88' lang='lat' dir='ltr'><strong>supervacaneis</strong></span> <span class='ocrx_word' id='word_1_148' title='bbox 859 2215 889 2267; x_wconf 90' lang='lat' dir='ltr'><strong>et</strong></span> <span class='ocrx_word' id='word_1_149' title='bbox 919 2209 1080 2268; x_wconf 88' lang='lat' dir='ltr'><strong>immodicis</strong></span> <span class='ocrx_word' id='word_1_150' title='bbox 1109 2215 1348 2289; x_wconf 89' lang='lat' dir='ltr'><strong>quaestiunculis,</strong></span> 
     </span>
     <span class='ocr_line' id='line_1_19' title="bbox 132 2314 1350 2392; baseline 0.005 -21"><span class='ocrx_word' id='word_1_151' title='bbox 132 2315 214 2374; x_wconf 91' lang='lat' dir='ltr'><strong>velut</strong></span> <span class='ocrx_word' id='word_1_152' title='bbox 246 2314 283 2374; x_wconf 87' lang='lat' dir='ltr'><strong>ad</strong></span> <span class='ocrx_word' id='word_1_153' title='bbox 316 2315 452 2376; x_wconf 79' lang='lat' dir='ltr'><strong>sireneos</strong></span> <span class='ocrx_word' id='word_1_154' title='bbox 486 2317 632 2389; x_wconf 88' lang='lat' dir='ltr'><strong>scopulos,</strong></span> <span class='ocrx_word' id='word_1_155' title='bbox 667 2319 917 2373; x_wconf 88' lang='lat' dir='ltr'><strong>consenescerent.</strong></span> <span class='ocrx_word' id='word_1_156' title='bbox 975 2314 1041 2372; x_wconf 89' lang='lat' dir='ltr'><strong>Jam</strong></span> <span class='ocrx_word' id='word_1_157' title='bbox 1074 2330 1122 2374; x_wconf 86' lang='lat' dir='ltr'><strong>ars</strong></span> <span class='ocrx_word' id='word_1_158' title='bbox 1157 2333 1220 2376; x_wconf 86' lang='lat' dir='ltr'><strong>esse</strong></span> <span class='ocrx_word' id='word_1_159' title='bbox 1253 2319 1350 2392; x_wconf 92' lang='lat' dir='ltr'><strong>coepit</strong></span> 
     </span>
     <span class='ocr_line' id='line_1_20' title="bbox 132 2419 1349 2493; baseline 0.006 -18"><span class='ocrx_word' id='word_1_160' title='bbox 132 2419 281 2493; x_wconf 88' lang='lat' dir='ltr'><strong>theologia</strong></span> <span class='ocrx_word' id='word_1_161' title='bbox 314 2421 410 2492; x_wconf 91' lang='lat' dir='ltr'><strong>potius</strong></span> <span class='ocrx_word' id='word_1_162' title='bbox 438 2435 525 2493; x_wconf 90' lang='lat' dir='ltr'><strong>quam</strong></span> <span class='ocrx_word' id='word_1_163' title='bbox 553 2419 714 2492; x_wconf 88' lang='lat' dir='ltr'><strong>sapientia,</strong></span> <span class='ocrx_word' id='word_1_164' title='bbox 743 2419 890 2478; x_wconf 90' lang='lat' dir='ltr'><strong>theatrica</strong></span> <span class='ocrx_word' id='word_1_165' title='bbox 919 2419 1032 2492; x_wconf 87' lang='lat' dir='ltr'><strong>verius,</strong></span> <span class='ocrx_word' id='word_1_166' title='bbox 1071 2435 1157 2492; x_wconf 90' lang='lat' dir='ltr'><strong>quam</strong></span> <span class='ocrx_word' id='word_1_167' title='bbox 1187 2423 1225 2481; x_wconf 90' lang='lat' dir='ltr'><strong>ad</strong></span> <span class='ocrx_word' id='word_1_168' title='bbox 1250 2438 1349 2482; x_wconf 90' lang='lat' dir='ltr'><strong>varam</strong></span> 
     </span>
     <span class='ocr_line' id='line_1_21' title="bbox 131 2524 1350 2599; baseline 0.004 -17"><span class='ocrx_word' id='word_1_169' title='bbox 131 2525 272 2597; x_wconf 86' lang='lat' dir='ltr'><strong>pietatem</strong></span> <span class='ocrx_word' id='word_1_170' title='bbox 302 2525 501 2598; x_wconf 84' lang='lat' dir='ltr'><strong>accommoda;</strong></span> <span class='ocrx_word' id='word_1_171' title='bbox 532 2524 607 2582; x_wconf 90' lang='lat' dir='ltr'><strong>hauc</strong></span> <span class='ocrx_word' id='word_1_172' title='bbox 629 2529 749 2597; x_wconf 89' lang='lat' dir='ltr'><strong>praeter</strong></span> <span class='ocrx_word' id='word_1_173' title='bbox 770 2524 956 2583; x_wconf 88' lang='lat' dir='ltr'><strong>ambitionem</strong></span> <span class='ocrx_word' id='word_1_174' title='bbox 979 2525 1186 2599; x_wconf 88' lang='lat' dir='ltr'><strong>avaritiamque</strong></span> <span class='ocrx_word' id='word_1_175' title='bbox 1208 2527 1350 2587; x_wconf 83' lang='lat' dir='ltr'><strong>vitiarunt</strong></span> 
     </span>
     <span class='ocr_line' id='line_1_22' title="bbox 132 2629 1350 2705; baseline 0.005 -19"><span class='ocrx_word' id='word_1_176' title='bbox 132 2635 163 2687; x_wconf 91' lang='lat' dir='ltr'><strong>et</strong></span> <span class='ocrx_word' id='word_1_177' title='bbox 186 2629 263 2688; x_wconf 90' lang='lat' dir='ltr'><strong>aliae</strong></span> <span class='ocrx_word' id='word_1_178' title='bbox 285 2635 396 2705; x_wconf 86' lang='lat' dir='ltr'><strong>pestes,</strong></span> <span class='ocrx_word' id='word_1_179' title='bbox 418 2629 563 2704; x_wconf 84' lang='lat' dir='ltr'><strong>adulatio,</strong></span> <span class='ocrx_word' id='word_1_180' title='bbox 586 2629 735 2688; x_wconf 89' lang='lat' dir='ltr'><strong>contentio</strong></span> <span class='ocrx_word' id='word_1_181' title='bbox 759 2643 794 2686; x_wconf 93' lang='lat' dir='ltr'><strong>ao</strong></span> <span class='ocrx_word' id='word_1_182' title='bbox 816 2629 992 2701; x_wconf 87' lang='lat' dir='ltr'><strong>superstitio.</strong></span> <span class='ocrx_word' id='word_1_183' title='bbox 1045 2630 1155 2700; x_wconf 79' lang='lat' dir='ltr'><strong>Quibus</strong></span> <span class='ocrx_word' id='word_1_184' title='bbox 1177 2633 1264 2691; x_wconf 92' lang='lat' dir='ltr'><strong>rebus</strong></span> <span class='ocrx_word' id='word_1_185' title='bbox 1287 2639 1350 2692; x_wconf 86' lang='lat' dir='ltr'><strong>tan·</strong></span> 
     </span>
     <span class='ocr_line' id='line_1_23' title="bbox 131 2731 1348 2808; baseline 0.005 -18"><span class='ocrx_word' id='word_1_186' title='bbox 131 2731 201 2790; x_wconf 92' lang='lat' dir='ltr'><strong>dem</strong></span> <span class='ocrx_word' id='word_1_187' title='bbox 228 2749 264 2792; x_wconf 89' lang='lat' dir='ltr'><strong>eo</strong></span> <span class='ocrx_word' id='word_1_188' title='bbox 285 2739 402 2792; x_wconf 89' lang='lat' dir='ltr'><strong>ventum</strong></span> <span class='ocrx_word' id='word_1_189' title='bbox 424 2739 482 2808; x_wconf 88' lang='lat' dir='ltr'><strong>est,</strong></span> <span class='ocrx_word' id='word_1_190' title='bbox 512 2739 544 2791; x_wconf 91' lang='lat' dir='ltr'><strong>ut</strong></span> <span class='ocrx_word' id='word_1_191' title='bbox 566 2732 697 2792; x_wconf 83' lang='lat' dir='ltr'><strong>Christus</strong></span> <span class='ocrx_word' id='word_1_192' title='bbox 719 2734 769 2792; x_wconf 90' lang='lat' dir='ltr'><strong>ille</strong></span> <span class='ocrx_word' id='word_1_193' title='bbox 792 2749 880 2806; x_wconf 88' lang='lat' dir='ltr'><strong>purus</strong></span> <span class='ocrx_word' id='word_1_194' title='bbox 901 2735 1106 2807; x_wconf 89' lang='lat' dir='ltr'><strong>propemodum</strong></span> <span class='ocrx_word' id='word_1_195' title='bbox 1130 2741 1208 2795; x_wconf 89' lang='lat' dir='ltr'><strong>esset</strong></span> <span class='ocrx_word' id='word_1_196' title='bbox 1230 2737 1348 2796; x_wconf 90' lang='lat' dir='ltr'><strong>obrutus</strong></span> 
     </span>
     <span class='ocr_line' id='line_1_24' title="bbox 131 2837 1347 2914; baseline 0.005 -19"><span class='ocrx_word' id='word_1_197' title='bbox 131 2837 265 2896; x_wconf 89' lang='lat' dir='ltr'><strong>humanis</strong></span> <span class='ocrx_word' id='word_1_198' title='bbox 285 2837 581 2913; x_wconf 87' lang='lat' dir='ltr'><strong>argumentationibus</strong></span> <span class='ocrx_word' id='word_1_199' title='bbox 604 2844 635 2898; x_wconf 90' lang='lat' dir='ltr'><strong>et</strong></span> <span class='ocrx_word' id='word_1_200' title='bbox 656 2837 848 2911; x_wconf 90' lang='lat' dir='ltr'><strong>limpidissimi</strong></span> <span class='ocrx_word' id='word_1_201' title='bbox 871 2839 1014 2912; x_wconf 91' lang='lat' dir='ltr'><strong>quondam</strong></span> <span class='ocrx_word' id='word_1_202' title='bbox 1034 2841 1222 2914; x_wconf 89' lang='lat' dir='ltr'><strong>evangelicae</strong></span> <span class='ocrx_word' id='word_1_203' title='bbox 1243 2841 1347 2901; x_wconf 75' lang='lat' dir='ltr'><strong>dochi-</strong></span> 
     </span>
     <span class='ocr_line' id='line_1_25' title="bbox 130 2941 828 3017; baseline 0.001 -17"><span class='ocrx_word' id='word_1_204' title='bbox 130 2958 190 3000; x_wconf 89' lang='lat' dir='ltr'><strong>nae</strong></span> <span class='ocrx_word' id='word_1_205' title='bbox 211 2941 305 3002; x_wconf 83' lang='lat' dir='ltr'><strong>tontes</strong></span> <span class='ocrx_word' id='word_1_206' title='bbox 328 2943 551 3002; x_wconf 89' lang='lat' dir='ltr'><strong>Philistaeorum</strong></span> <span class='ocrx_word' id='word_1_207' title='bbox 573 2943 676 3002; x_wconf 89' lang='lat' dir='ltr'><strong>scrobe</strong></span> <span class='ocrx_word' id='word_1_208' title='bbox 699 2942 828 3017; x_wconf 84' lang='lat' dir='ltr'><strong>oppleti‘</strong></span> 
     </span>
    </p>

    <p class='ocr_par' dir='ltr' id='par_1_5' title="bbox 129 3045 1420 4478">
     <span class='ocr_line' id='line_1_26' title="bbox 220 3045 1347 3122; baseline 0.001 -17"><span class='ocrx_word' id='word_1_209' title='bbox 220 3047 302 3106; x_wconf 89' lang='lat' dir='ltr'><strong>Haec</strong></span> <span class='ocrx_word' id='word_1_210' title='bbox 335 3047 436 3106; x_wconf 91' lang='lat' dir='ltr'><strong>scribit</strong></span> <span class='ocrx_word' id='word_1_211' title='bbox 467 3049 505 3106; x_wconf 90' lang='lat' dir='ltr'><strong>ad</strong></span> <span class='ocrx_word' id='word_1_212' title='bbox 535 3045 708 3120; x_wconf 87' lang='lat' dir='ltr'><strong>Carpegium</strong></span> <span class='ocrx_word' id='word_1_213' title='bbox 739 3046 951 3107; x_wconf 83' lang='lat' dir='ltr'><strong>Gardinalem.¹</strong></span> <span class='ocrx_word' id='word_1_214' title='bbox 1001 3045 1105 3122; x_wconf 85' lang='lat' dir='ltr'><strong>Addit,</strong></span> <span class='ocrx_word' id='word_1_215' title='bbox 1138 3047 1213 3121; x_wconf 91' lang='lat' dir='ltr'><strong>qnod</strong></span> <span class='ocrx_word' id='word_1_216' title='bbox 1243 3054 1273 3106; x_wconf 89' lang='lat' dir='ltr'><strong>et</strong></span> <span class='ocrx_word' id='word_1_217' title='bbox 1304 3049 1347 3107; x_wconf 92' lang='lat' dir='ltr'><strong>illi</strong></span> 
     </span>
     <span class='ocr_line' id='line_1_27' title="bbox 130 3149 1346 3226; baseline 0.002 -17"><span class='ocrx_word' id='word_1_218' title='bbox 130 3149 346 3226; x_wconf 89' lang='lat' dir='ltr'><strong>agnoscendum</strong></span> <span class='ocrx_word' id='word_1_219' title='bbox 361 3157 438 3226; x_wconf 88' lang='lat' dir='ltr'><strong>erat,</strong></span> <span class='ocrx_word' id='word_1_220' title='bbox 461 3154 491 3210; x_wconf 94' lang='lat' dir='ltr'><strong>in</strong></span> <span class='ocrx_word' id='word_1_221' title='bbox 514 3151 694 3211; x_wconf 88' lang='lat' dir='ltr'><strong>scholasticis</strong></span> <span class='ocrx_word' id='word_1_222' title='bbox 714 3153 758 3210; x_wconf 91' lang='lat' dir='ltr'><strong>sui</strong></span> <span class='ocrx_word' id='word_1_223' title='bbox 780 3151 918 3223; x_wconf 89' lang='lat' dir='ltr'><strong>temporis</strong></span> <span class='ocrx_word' id='word_1_224' title='bbox 933 3150 1065 3210; x_wconf 91' lang='lat' dir='ltr'><strong>diatribis</strong></span> <span class='ocrx_word' id='word_1_225' title='bbox 1080 3151 1145 3224; x_wconf 91' lang='lat' dir='ltr'><strong>plus</strong></span> <span class='ocrx_word' id='word_1_226' title='bbox 1161 3167 1225 3210; x_wconf 89' lang='lat' dir='ltr'><strong>esse</strong></span> <span class='ocrx_word' id='word_1_227' title='bbox 1241 3151 1346 3226; x_wconf 88' lang='lat' dir='ltr'><strong>dentis,</strong></span> 
     </span>
     <span class='ocr_line' id='line_1_28' title="bbox 129 3254 1420 3330; baseline 0.002 -16"><span class='ocrx_word' id='word_1_228' title='bbox 129 3271 218 3328; x_wconf 88' lang='lat' dir='ltr'><strong>quam</strong></span> <span class='ocrx_word' id='word_1_229' title='bbox 241 3255 425 3330; x_wconf 89' lang='lat' dir='ltr'><strong>eruditionis,</strong></span> <span class='ocrx_word' id='word_1_230' title='bbox 446 3257 509 3329; x_wconf 91' lang='lat' dir='ltr'><strong>plus</strong></span> <span class='ocrx_word' id='word_1_231' title='bbox 530 3257 652 3316; x_wconf 90' lang='lat' dir='ltr'><strong>convicii</strong></span> <span class='ocrx_word' id='word_1_232' title='bbox 667 3271 751 3329; x_wconf 91' lang='lat' dir='ltr'><strong>quam</strong></span> <span class='ocrx_word' id='word_1_233' title='bbox 771 3254 881 3328; x_wconf 90' lang='lat' dir='ltr'><strong>judicii,</strong></span> <span class='ocrx_word' id='word_1_234' title='bbox 901 3255 965 3328; x_wconf 91' lang='lat' dir='ltr'><strong>plus</strong></span> <span class='ocrx_word' id='word_1_235' title='bbox 981 3255 1138 3314; x_wconf 89' lang='lat' dir='ltr'><strong>studiorum</strong></span> <span class='ocrx_word' id='word_1_236' title='bbox 1154 3271 1238 3328; x_wconf 91' lang='lat' dir='ltr'><strong>quam</strong></span> <span class='ocrx_word' id='word_1_237' title='bbox 1260 3255 1347 3316; x_wconf 89' lang='lat' dir='ltr'><strong>liber·</strong></span> <span class='ocrx_word' id='word_1_238' title='bbox 1418 3303 1420 3308; x_wconf 68' lang='lat'><strong>,</strong></span> 
     </span>
     <span class='ocr_line' id='line_1_29' title="bbox 129 3359 1347 3433; baseline 0.002 -16"><span class='ocrx_word' id='word_1_239' title='bbox 129 3360 209 3420; x_wconf 88' lang='lat' dir='ltr'><strong>tatis.</strong></span> <span class='ocrx_word' id='word_1_240' title='bbox 254 3359 344 3419; x_wconf 88' lang='lat' dir='ltr'><strong>Simul</strong></span> <span class='ocrx_word' id='word_1_241' title='bbox 367 3361 593 3420; x_wconf 91' lang='lat' dir='ltr'><strong>verosimiliter</strong></span> <span class='ocrx_word' id='word_1_242' title='bbox 621 3365 708 3433; x_wconf 89' lang='lat' dir='ltr'><strong>atque</strong></span> <span class='ocrx_word' id='word_1_243' title='bbox 730 3365 832 3433; x_wconf 89' lang='lat' dir='ltr'><strong>postea</strong></span> <span class='ocrx_word' id='word_1_244' title='bbox 854 3359 1031 3432; x_wconf 92' lang='lat' dir='ltr'><strong>Leibnitius,</strong></span> <span class='ocrx_word' id='word_1_245' title='bbox 1061 3375 1134 3432; x_wconf 90' lang='lat' dir='ltr'><strong>quae</strong></span> <span class='ocrx_word' id='word_1_246' title='bbox 1155 3359 1347 3419; x_wconf 91' lang='lat' dir='ltr'><strong>laudabiliora</strong></span> 
     </span>
     <span class='ocr_line' id='line_1_30' title="bbox 130 3463 1347 3540; baseline 0.003 -19"><span class='ocrx_word' id='word_1_247' title='bbox 130 3469 218 3521; x_wconf 91' lang='lat' dir='ltr'><strong>eraut</strong></span> <span class='ocrx_word' id='word_1_248' title='bbox 246 3465 277 3522; x_wconf 92' lang='lat' dir='ltr'><strong>in</strong></span> <span class='ocrx_word' id='word_1_249' title='bbox 305 3465 485 3524; x_wconf 89' lang='lat' dir='ltr'><strong>scholasticis</strong></span> <span class='ocrx_word' id='word_1_250' title='bbox 514 3463 666 3539; x_wconf 91' lang='lat' dir='ltr'><strong>doctrinis,</strong></span> <span class='ocrx_word' id='word_1_251' title='bbox 696 3463 822 3523; x_wconf 88' lang='lat' dir='ltr'><strong>libenter</strong></span> <span class='ocrx_word' id='word_1_252' title='bbox 850 3463 1010 3538; x_wconf 81' lang='lat' dir='ltr'><strong>praedicat.</strong></span> <span class='ocrx_word' id='word_1_253' title='bbox 1062 3463 1144 3524; x_wconf 88' lang='lat' dir='ltr'><strong>Haec</strong></span> <span class='ocrx_word' id='word_1_254' title='bbox 1166 3481 1347 3540; x_wconf 89' lang='lat' dir='ltr'><strong>nequaquam</strong></span> 
     </span>
     <span class='ocr_line' id='line_1_31' title="bbox 131 3567 1347 3644; baseline 0.003 -18"><span class='ocrx_word' id='word_1_255' title='bbox 131 3567 276 3627; x_wconf 89' lang='lat' dir='ltr'><strong>abolenda</strong></span> <span class='ocrx_word' id='word_1_256' title='bbox 302 3583 367 3627; x_wconf 91' lang='lat' dir='ltr'><strong>esse</strong></span> <span class='ocrx_word' id='word_1_257' title='bbox 390 3569 476 3644; x_wconf 93' lang='lat' dir='ltr'><strong>dicit,</strong></span> <span class='ocrx_word' id='word_1_258' title='bbox 507 3569 559 3628; x_wconf 88' lang='lat' dir='ltr'><strong>sed</strong></span> <span class='ocrx_word' id='word_1_259' title='bbox 580 3585 659 3642; x_wconf 86' lang='lat' dir='ltr'><strong>,cum</strong></span> <span class='ocrx_word' id='word_1_260' title='bbox 682 3570 805 3626; x_wconf 86' lang='lat' dir='ltr'><strong>maximo</strong></span> <span class='ocrx_word' id='word_1_261' title='bbox 827 3571 944 3640; x_wconf 89' lang='lat' dir='ltr'><strong>generis</strong></span> <span class='ocrx_word' id='word_1_262' title='bbox 966 3569 1083 3627; x_wconf 92' lang='lat' dir='ltr'><strong>hnmani</strong></span> <span class='ocrx_word' id='word_1_263' title='bbox 1105 3570 1181 3628; x_wconf 93' lang='lat' dir='ltr'><strong>bono</strong></span> <span class='ocrx_word' id='word_1_264' title='bbox 1204 3569 1347 3630; x_wconf 90' lang='lat' dir='ltr'><strong>tradenda</strong></span> 
     </span>
     <span class='ocr_line' id='line_1_32' title="bbox 130 3669 1346 3753; baseline 0.002 -23"><span class='ocrx_word' id='word_1_265' title='bbox 130 3673 163 3730; x_wconf 92' lang='lat' dir='ltr'><strong>in</strong></span> <span class='ocrx_word' id='word_1_266' title='bbox 195 3673 300 3732; x_wconf 90' lang='lat' dir='ltr'><strong>scholis</strong></span> <span class='ocrx_word' id='word_1_267' title='bbox 330 3673 472 3747; x_wconf 84' lang='lat' dir='ltr'><strong>publicis‘</strong></span> <span class='ocrx_word' id='word_1_268' title='bbox 516 3673 561 3731; x_wconf 86' lang='lat' dir='ltr'><strong>Ne</strong></span> <span class='ocrx_word' id='word_1_269' title='bbox 591 3673 707 3732; x_wconf 83' lang='lat' dir='ltr'><strong>Scotum</strong></span> <span class='ocrx_word' id='word_1_270' title='bbox 736 3672 852 3746; x_wconf 92' lang='lat' dir='ltr'><strong>quidem</strong></span> <span class='ocrx_word' id='word_1_271' title='bbox 880 3669 941 3753; x_wconf 90' lang='lat' dir='ltr'><strong>(eni</strong></span> <span class='ocrx_word' id='word_1_272' title='bbox 969 3691 1039 3746; x_wconf 89' lang='lat' dir='ltr'><strong>prae</strong></span> <span class='ocrx_word' id='word_1_273' title='bbox 1067 3676 1173 3734; x_wconf 89' lang='lat' dir='ltr'><strong>ceteris</strong></span> <span class='ocrx_word' id='word_1_274' title='bbox 1202 3674 1346 3747; x_wconf 90' lang='lat' dir='ltr'><strong>qnondam</strong></span> 
     </span>
     <span class='ocr_line' id='line_1_33' title="bbox 131 3771 1345 3856; baseline 0.002 -22"><span class='ocrx_word' id='word_1_275' title='bbox 131 3776 210 3850; x_wconf 91' lang='lat' dir='ltr'><strong>apud</strong></span> <span class='ocrx_word' id='word_1_276' title='bbox 232 3776 413 3836; x_wconf 89' lang='lat' dir='ltr'><strong>Parisienses</strong></span> <span class='ocrx_word' id='word_1_277' title='bbox 432 3793 550 3851; x_wconf 90' lang='lat' dir='ltr'><strong>operam</strong></span> <span class='ocrx_word' id='word_1_278' title='bbox 571 3771 709 3856; x_wconf 81' lang='lat' dir='ltr'><strong>dederat)</strong></span> <span class='ocrx_word' id='word_1_279' title='bbox 730 3793 848 3852; x_wconf 88' lang='lat' dir='ltr'><strong>prorsus</strong></span> <span class='ocrx_word' id='word_1_280' title='bbox 871 3779 995 3851; x_wconf 88' lang='lat' dir='ltr'><strong>spernit,</strong></span> <span class='ocrx_word' id='word_1_281' title='bbox 1016 3778 1087 3836; x_wconf 90' lang='lat' dir='ltr'><strong>licet</strong></span> <span class='ocrx_word' id='word_1_282' title='bbox 1106 3795 1169 3836; x_wconf 90' lang='lat' dir='ltr'><strong>cnm</strong></span> <span class='ocrx_word' id='word_1_283' title='bbox 1191 3777 1221 3834; x_wconf 92' lang='lat' dir='ltr'><strong>in</strong></span> <span class='ocrx_word' id='word_1_284' title='bbox 1243 3777 1345 3852; x_wconf 88' lang='lat' dir='ltr'><strong>ipsum,</strong></span> 
     </span>
     <span class='ocr_line' id='line_1_34' title="bbox 130 3881 1345 3956; baseline 0 -17"><span class='ocrx_word' id='word_1_285' title='bbox 130 3887 194 3939; x_wconf 92' lang='lat' dir='ltr'><strong>tum</strong></span> <span class='ocrx_word' id='word_1_286' title='bbox 227 3882 258 3940; x_wconf 91' lang='lat' dir='ltr'><strong>in</strong></span> <span class='ocrx_word' id='word_1_287' title='bbox 292 3881 430 3956; x_wconf 81' lang='lat' dir='ltr'><strong>Scotistae</strong></span> <span class='ocrx_word' id='word_1_288' title='bbox 469 3883 565 3942; x_wconf 88' lang='lat' dir='ltr'><strong>acrius</strong></span> <span class='ocrx_word' id='word_1_289' title='bbox 604 3881 681 3940; x_wconf 88' lang='lat' dir='ltr'><strong>haud</strong></span> <span class='ocrx_word' id='word_1_290' title='bbox 723 3899 789 3941; x_wconf 89' lang='lat' dir='ltr'><strong>raro</strong></span> <span class='ocrx_word' id='word_1_291' title='bbox 827 3882 989 3941; x_wconf 89' lang='lat' dir='ltr'><strong>invehatur.</strong></span> <span class='ocrx_word' id='word_1_292' title='bbox 1045 3881 1197 3954; x_wconf 90' lang='lat' dir='ltr'><strong>Thomam,</strong></span> <span class='ocrx_word' id='word_1_293' title='bbox 1238 3897 1257 3939; x_wconf 92' lang='lat' dir='ltr'><strong>a</strong></span> <span class='ocrx_word' id='word_1_294' title='bbox 1289 3898 1345 3954; x_wconf 93' lang='lat' dir='ltr'><strong>quo</strong></span> 
     </span>
     <span class='ocr_line' id='line_1_35' title="bbox 130 3982 1344 4061; baseline 0 -18"><span class='ocrx_word' id='word_1_295' title='bbox 130 3985 202 4044; x_wconf 82' lang='lat' dir='ltr'><strong>item</strong></span> <span class='ocrx_word' id='word_1_296' title='bbox 232 4001 319 4059; x_wconf 91' lang='lat' dir='ltr'><strong>saepe</strong></span> <span class='ocrx_word' id='word_1_297' title='bbox 349 3985 496 4061; x_wconf 86' lang='lat' dir='ltr'><strong>dissentit,</strong></span> <span class='ocrx_word' id='word_1_298' title='bbox 526 3987 623 4045; x_wconf 90' lang='lat' dir='ltr'><strong>multis</strong></span> <span class='ocrx_word' id='word_1_299' title='bbox 652 3987 723 4044; x_wconf 91' lang='lat' dir='ltr'><strong>locis</strong></span> <span class='ocrx_word' id='word_1_300' title='bbox 745 3984 902 4045; x_wconf 86' lang='lat' dir='ltr'><strong>honorifice</strong></span> <span class='ocrx_word' id='word_1_301' title='bbox 931 3989 1078 4045; x_wconf 87' lang='lat' dir='ltr'><strong>memorat.</strong></span> <span class='ocrx_word' id='word_1_302' title='bbox 1122 3982 1180 4043; x_wconf 90' lang='lat' dir='ltr'><strong>Sed</strong></span> <span class='ocrx_word' id='word_1_303' title='bbox 1200 3985 1344 4057; x_wconf 90' lang='lat' dir='ltr'><strong>vituperat</strong></span> 
     </span>
     <span class='ocr_line' id='line_1_36' title="bbox 129 4085 1344 4166; baseline 0.002 -19"><span class='ocrx_word' id='word_1_304' title='bbox 129 4087 349 4166; x_wconf 83' lang='lat' dir='ltr'><strong>Dominicanor,</strong></span> <span class='ocrx_word' id='word_1_305' title='bbox 369 4091 418 4164; x_wconf 94' lang='lat' dir='ltr'><strong>qui</strong></span> <span class='ocrx_word' id='word_1_306' title='bbox 436 4089 565 4150; x_wconf 83' lang='lat' dir='ltr'><strong>Thomas</strong></span> <span class='ocrx_word' id='word_1_307' title='bbox 585 4091 705 4150; x_wconf 90' lang='lat' dir='ltr'><strong>decreta</strong></span> <span class='ocrx_word' id='word_1_308' title='bbox 726 4091 773 4150; x_wconf 87' lang='lat' dir='ltr'><strong>vel</strong></span> <span class='ocrx_word' id='word_1_309' title='bbox 795 4089 989 4163; x_wconf 89' lang='lat' dir='ltr'><strong>aequiparent</strong></span> <span class='ocrx_word' id='word_1_310' title='bbox 1006 4088 1054 4146; x_wconf 93' lang='lat' dir='ltr'><strong>vel</strong></span> <span class='ocrx_word' id='word_1_311' title='bbox 1072 4085 1241 4162; x_wconf 87' lang='lat' dir='ltr'><strong>praeierant</strong></span> <span class='ocrx_word' id='word_1_312' title='bbox 1256 4105 1344 4148; x_wconf 90' lang='lat' dir='ltr'><strong>evan·</strong></span> 
     </span>
     <span class='ocr_line' id='line_1_37' title="bbox 131 4192 1344 4269; baseline -0.001 -16"><span class='ocrx_word' id='word_1_313' title='bbox 131 4193 214 4268; x_wconf 89' lang='lat' dir='ltr'><strong>gelio.</strong></span> <span class='ocrx_word' id='word_1_314' title='bbox 259 4193 299 4254; x_wconf 90' lang='lat' dir='ltr'><strong>Ut</strong></span> <span class='ocrx_word' id='word_1_315' title='bbox 328 4195 360 4255; x_wconf 94' lang='lat' dir='ltr'><strong>in</strong></span> <span class='ocrx_word' id='word_1_316' title='bbox 388 4197 488 4269; x_wconf 92' lang='lat' dir='ltr'><strong>quovis</strong></span> <span class='ocrx_word' id='word_1_317' title='bbox 518 4195 636 4255; x_wconf 90' lang='lat' dir='ltr'><strong>doctore</strong></span> <span class='ocrx_word' id='word_1_318' title='bbox 667 4195 838 4254; x_wconf 90' lang='lat' dir='ltr'><strong>scholastico</strong></span> <span class='ocrx_word' id='word_1_319' title='bbox 868 4193 989 4252; x_wconf 90' lang='lat' dir='ltr'><strong>meliora</strong></span> <span class='ocrx_word' id='word_1_320' title='bbox 1009 4192 1103 4250; x_wconf 88' lang='lat' dir='ltr'><strong>ten&#39;eri</strong></span> <span class='ocrx_word' id='word_1_321' title='bbox 1125 4192 1247 4268; x_wconf 88' lang='lat' dir='ltr'><strong>possint,</strong></span> <span class='ocrx_word' id='word_1_322' title='bbox 1276 4211 1344 4266; x_wconf 89' lang='lat' dir='ltr'><strong>pur-</strong></span> 
     </span>
     <span class='ocr_line' id='line_1_38' title="bbox 130 4295 1343 4372; baseline 0 -16"><span class='ocrx_word' id='word_1_323' title='bbox 130 4299 247 4371; x_wconf 87' lang='lat' dir='ltr'><strong>gatione</strong></span> <span class='ocrx_word' id='word_1_324' title='bbox 281 4305 312 4358; x_wconf 91' lang='lat' dir='ltr'><strong>et</strong></span> <span class='ocrx_word' id='word_1_325' title='bbox 342 4301 545 4360; x_wconf 87' lang='lat' dir='ltr'><strong>emendatione</strong></span> <span class='ocrx_word' id='word_1_326' title='bbox 579 4299 684 4372; x_wconf 90' lang='lat' dir='ltr'><strong>ubique</strong></span> <span class='ocrx_word' id='word_1_327' title='bbox 718 4316 788 4372; x_wconf 89' lang='lat' dir='ltr'><strong>opus</strong></span> <span class='ocrx_word' id='word_1_328' title='bbox 822 4313 886 4358; x_wconf 92' lang='lat' dir='ltr'><strong>esse</strong></span> <span class='ocrx_word' id='word_1_329' title='bbox 920 4295 1076 4356; x_wconf 83' lang='lat' dir='ltr'><strong>contendit</strong></span> <span class='ocrx_word' id='word_1_330' title='bbox 1129 4295 1221 4368; x_wconf 80' lang='lat' dir='ltr'><strong>Quam</strong></span> <span class='ocrx_word' id='word_1_331' title='bbox 1251 4297 1343 4356; x_wconf 86' lang='lat' dir='ltr'><strong>reior-</strong></span> 
     </span>
     <span class='ocr_line' id='line_1_39' title="bbox 129 4398 1343 4478; baseline -0.001 -19"><span class='ocrx_word' id='word_1_332' title='bbox 129 4403 287 4461; x_wconf 89' lang='lat' dir='ltr'><strong>mutionem</strong></span> <span class='ocrx_word' id='word_1_333' title='bbox 316 4421 403 4478; x_wconf 90' lang='lat' dir='ltr'><strong>quum</strong></span> <span class='ocrx_word' id='word_1_334' title='bbox 432 4404 535 4463; x_wconf 90' lang='lat' dir='ltr'><strong>Bedda</strong></span> <span class='ocrx_word' id='word_1_335' title='bbox 564 4403 729 4464; x_wconf 84' lang='lat' dir='ltr'><strong>detrectare</strong></span> <span class='ocrx_word' id='word_1_336' title='bbox 760 4403 838 4462; x_wconf 91' lang='lat' dir='ltr'><strong>visus</strong></span> <span class='ocrx_word' id='word_1_337' title='bbox 868 4399 967 4476; x_wconf 83' lang='lat' dir='ltr'><strong>fuerit,</strong></span> <span class='ocrx_word' id='word_1_338' title='bbox 995 4401 1110 4474; x_wconf 89' lang='lat' dir='ltr'><strong>quaerit</strong></span> <span class='ocrx_word' id='word_1_339' title='bbox 1136 4398 1173 4458; x_wconf 87' lang='lat' dir='ltr'><strong>ad</strong></span> <span class='ocrx_word' id='word_1_340' title='bbox 1200 4415 1343 4474; x_wconf 86' lang='lat' dir='ltr'><strong>quaenam</strong></span> 
     </span>
    </p>
   </div>
   <div class='ocr_carea' id='block_1_5' title="bbox 220 4619 1147 4766">
    <p class='ocr_par' dir='ltr' id='par_1_6' title="bbox 220 4619 1147 4766">
     <span class='ocr_line' id='line_1_40' title="bbox 220 4619 1147 4738; baseline 0.002 -67"><span class='ocrx_word' id='word_1_341' title='bbox 220 4622 245 4687; x_wconf 87' lang='lat' dir='ltr'><strong>t)</strong></span> <span class='ocrx_word' id='word_1_342' title='bbox 264 4622 332 4686; x_wconf 85' lang='lat' dir='ltr'><strong>Epp.</strong></span> <span class='ocrx_word' id='word_1_343' title='bbox 350 4619 453 4684; x_wconf 80' lang='lat' dir='ltr'><strong>xxix,</strong></span> <span class='ocrx_word' id='word_1_344' title='bbox 474 4625 514 4672; x_wconf 79' lang='lat' dir='ltr'><strong>lt.</strong></span> <span class='ocrx_word' id='word_1_345' title='bbox 1128 4701 1147 4738; x_wconf 38' lang='grc' dir='ltr'><strong><em>υ</em></strong></span> 
     </span>
     <span class='ocr_line' id='line_1_41' title="bbox 1103 4708 1122 4766; baseline 0 0"><span class='ocrx_word' id='word_1_346' title='bbox 1103 4708 1122 4766; x_wconf 87' lang='grc'>9</span> 
     </span>
    </p>
   </div>
   <div class='ocr_carea' id='block_1_6' title="bbox 0 0 1598 5086">
    <p class='ocr_par' dir='ltr' id='par_1_7' title="bbox 0 0 1598 5086">
     <span class='ocr_line' id='line_1_42' title="bbox 0 0 1598 5086; baseline 0 1"><span class='ocrx_word' id='word_1_347' title='bbox 0 0 1598 5086; x_wconf 95' lang='lat' dir='ltr'><strong> </strong></span> 
     </span>
    </p>
   </div>
  </div>
 </body>
</html>
