3144 5092
231 313 283 367 120
772 309 860 365 Carus
877 310 911 364 V.

229 408 389 416 -——-—-

230 514 287 590 Qui
310 516 418 575 mirum
441 532 507 574 esse
530 514 615 588 dicit,
639 513 665 573 si
690 513 844 590 Copernici
866 513 954 588 liber,
977 517 1046 573 ante
1068 513 1215 592 octoginta
1237 533 1330 575 annos
1353 536 1372 574 a
1395 518 1468 576 viro

230 623 467 700 incomparabilis
490 621 602 698 ingenii
625 621 772 681 Herculeo
794 621 893 681 labore
915 621 1080 697 coniectus,
1102 620 1195 681 Paulo
1216 623 1271 683 ΙΠ.
1294 624 1466 698 dedicatus

229 735 332 808 postea
353 730 445 790 altera
467 729 596 790 editione
618 729 774 806 repetitus,
798 747 886 806 saepe
903 728 1057 790 alienabis
1080 729 1175 806 magis
1194 749 1282 808 quam
1300 732 1467 808 impugna-

229 843 279 898 tus
306 855 403 915 noque
429 855 560 915 unquam
588 841 789 914 expugnatus,
816 854 898 896 nuuc
926 835 1023 896 subito
1053 855 1071 896 a
1098 837 1303 898 cardinalibus
1335 839 1464 917 quibus-

230 946 310 1020 dam,
334 963 408 1022 quos
426 963 464 1004 ne
482 945 592 1020 legisse
610 944 730 1022 quidem
751 961 819 1004 eum
837 947 989 1022 appareat,
1013 945 1211 1022 suspendatur
1229 949 1259 1006 et
1276 947 1464 1023 reprobetur.

230 1053 317 1113 Illius
344 1052 551 1112 astronomiam
579 1051 724 1128 ejusmodi
752 1056 985 1129 superstructum
1011 1069 1077 1112 esse
1104 1052 1318 1128 fundamentis,
1350 1059 1388 1112 ut
1417 1054 1463 1112 in-

230 1179 347 1222 cassum
374 1159 557 1220 laboraturus
585 1159 637 1234 sit,
664 1159 801 1236 quisquis
829 1159 873 1219 eis
901 1177 933 1219 se
960 1177 1107 1236 opponere
1134 1160 1333 1238 attentaverit;
1367 1161 1463 1220 immo

230 1269 328 1329 omnia
350 1268 416 1345 ejus
438 1266 660 1344 propugnacula
682 1266 770 1342 longe
792 1267 921 1326 firmiora
943 1283 1009 1327 esse
1031 1271 1062 1326 et
1083 1267 1190 1326 fortius
1212 1268 1339 1344 munita,
1368 1288 1463 1347 quarn

230 1377 295 1454 ipse
310 1375 491 1453 Gopernicus
504 1373 692 1449 intellexerit,
711 1373 790 1433 sieut
807 1374 838 1432 id
852 1373 1016 1434 clarissime
1029 1373 1272 1434 demonstraverit
1285 1375 1462 1453 Kaplerusl

337 1483 382 1541 Ad
408 1481 594 1542 Germaniam
617 1482 682 1558 ipse
705 1482 794 1542 etiam
819 1481 970 1542 Galilaeae
992 1487 1065 1542 tuuc
1087 1482 1188 1542 oculos
1210 1483 1363 1546 convertit
1403 1485 1462 1544 Re

230 1590 404 1652 cordabatur
434 1590 529 1664 verbi,
562 1608 620 1666 quo
653 1589 779 1649 Cosmus
810 1588 978 1650 Medicaeus
1010 1589 1038 1650 ei
1069 1593 1137 1667 post
1168 1591 1351 1667 pubhcatum
1382 1591 1463 1650 illud

233 1697 473 1774 congregationis
499 1696 612 1756 Indicis
639 1697 769 1756 edictum
796 1697 894 1756 adhuc
919 1695 1030 1758 Romae
1057 1697 1177 1774 degenti
1205 1698 1293 1758 soriti
1318 1699 1462 1774 jusserat,

232 1823 282 1882 ,ne
305 1805 431 1880 scilicet,
459 1823 551 1882 quum
574 1803 758 1864 fratellorum
780 1804 1001 1882 persecutiones
1020 1805 1083 1881 jam
1106 1805 1179 1864 satis
1201 1810 1364 1882 gustasset,
1391 1807 1461 1866 dor·
1561 1869 1562 1884 ,

231 1914 374 1974 mientem
400 1929 503 1972 canem
530 1911 723 1972 suscitaret‘²
767 1911 825 1971 Per
851 1911 964 1990 aliquot
990 1912 1082 1988 igitur
1108 1930 1202 1972 annos
1228 1913 1265 1972 de
1293 1913 1354 1998 his·
1369 1915 1461 1974 rebus

231 2022 267 2082 ad
290 2021 399 2080 amicos
422 2020 514 2080 Italos
536 2019 613 2079 nihil
636 2019 755 2079 omnino
779 2019 899 2096 scripsit
921 2019 982 2095 vel,
1006 2019 1032 2079 si
1056 2019 1127 2098 quid
1150 2021 1274 2080 fortasse
1297 2019 1461 2098 scripserit

231 2129 314 2190 datas
340 2128 454 2188 litterae
482 2127 622 2188 delendae
650 2126 771 2187 curavit.
818 2126 963 2187 Videmus
990 2131 1103 2202 autem,
1135 2145 1204 2186 eum
1235 2128 1305 2188 inde
1336 2129 1373 2188 ab
1401 2129 1461 2190 hoc

190 2293 193 2300 ,
231 2241 362 2314 tempore
379 2236 528 2312 insignem
546 2253 659 2308 eornm,
683 2234 734 2312 qui
753 2233 819 2293 falli
837 2234 937 2293 nescio
959 2233 992 2292 in
1010 2235 1146 2294 omnibus
1165 2235 1350 2311 gravissimis
1368 2255 1460 2314 quae·

232 2345 377 2404 stionibus
400 2342 540 2402 tribunali
562 2347 697 2417 utamur,
724 2341 835 2402 ironice
861 2341 1011 2418 praedicet
1037 2347 1067 2402 et
1089 2341 1219 2402 extollat
1265 2343 1306 2403 Et
1327 2343 1459 2421 primum

231 2452 351 2530 quidem
369 2451 458 2510 talem
477 2450 562 2528 quasi
581 2449 751 2527 quiritantie
769 2450 806 2509 de
825 2449 998 2510 sustinenda
1015 2450 1173 2526 tyrannide
1190 2451 1281 2510 animi
1300 2451 1458 2513 clamorem

231 2561 264 2619 in
290 2557 415 2638 epistola
441 2558 478 2617 ad
505 2557 724 2617 nobilissimum
747 2556 921 2617 Germaniae
942 2556 1112 2635 Principem
1140 2558 1252 2618 euimm
1279 2559 1457 2620 invenimus

231 2665 399 2743 Leopoldus
427 2665 564 2724 Austriae
591 2664 758 2738 Archidux,
791 2665 1019 2741 flagrantissimo
1051 2665 1228 2744 optimarum
1259 2665 1457 2726 doctrinarum

232 2773 329 2834 studio
352 2772 505 2846 incensus,
533 2789 625 2849 quum
648 2771 814 2831 Florentiae
836 2777 1013 2847 versaretur,
1042 2772 1207 2833 Galilaeum
1235 2792 1325 2852 quem
1349 2777 1457 2835 summi

231 2881 368 2954 faciebat,
391 2883 463 2939 tunc
485 2882 683 2956 aegrotantem
706 2878 848 2939 inviserat
870 2880 906 2940 ab
929 2898 1023 2958 eoque
1045 2880 1139 2940 multa
1161 2881 1199 2941 de
1216 2881 1305 2941 rebus
1323 2882 1457 2960 physicis

231 2991 418 3067 percontatus
437 2987 531 3062 erat,⁸
553 2991 655 3064 postea
677 2991 712 3047 ut
733 3005 809 3047 nova
831 2991 946 3065 reperta
970 3005 1070 3048 secum
1093 3005 1146 3065 per
1163 2988 1277 3048 litteras
1295 2991 1456 3050 communi-

231 3100 310 3156 oarat
336 3097 447 3156 urbane
473 3095 624 3172 petiverat.
670 3094 750 3155 Huic
776 3095 868 3172 igitur
890 3093 1039 3156 Galilaeae
1066 3113 1126 3154 una
1152 3113 1221 3156 cum
1245 3097 1361 3158 duobus
1387 3097 1456 3158 tele-

232 3204 341 3281 scopiis
363 3204 638 3263 commentationem
665 3203 759 3278 misit,
788 3221 877 3281 quam
904 3206 973 3263 aute
999 3203 1146 3262 famosum
1172 3203 1250 3263 illud
1271 3203 1384 3264 Indicis
1408 3205 1455 3264 de·

231 3316 345 3372 cretum
372 3315 582 3388 composuerat
629 3307 725 3384 Quare
752 3327 845 3388 quum
872 3309 935 3370 illic
961 3329 979 3369 a
1004 3309 1157 3388 supposita
1179 3315 1274 3372 terrae
1296 3311 1455 3372 mobilitate

231 3419 381 3496 proiectus
404 3418 456 3492 sit,
480 3417 650 3496 Principem
672 3421 767 3494 rogat,
795 3422 830 3478 ut
851 3416 924 3476 haee
946 3421 1088 3495 tanquam
1111 3419 1215 3495 poesin
1238 3419 1287 3479 vel
1310 3419 1452 3480 somnium

231 3525 358 3602 benigne
380 3525 517 3602 accipiat,
541 3525 598 3600 ,sic
616 3529 731 3602 postea,
755 3524 781 3584 si
799 3524 874 3584 forte
892 3524 960 3602 quis
978 3543 996 3584 a
1013 3524 1145 3584 Romana
1163 3525 1287 3586 ecclesia
1306 3531 1453 3604 separatus

231 3633 391 3693 earumdem
416 3647 515 3691 rerum
542 3632 742 3692 inventionem
769 3631 826 3691 sibi
853 3633 1043 3708 arrogaverit,
1071 3633 1185 3693 nobiles
1208 3634 1264 3693 sibi
1292 3651 1352 3693 non
1375 3635 1452 3695 dei-

231 3745 313 3801 turos
336 3759 402 3801 esse
424 3745 516 3800 testes
538 3739 576 3799 ad
598 3739 782 3817 probandum
804 3756 837 3798 se
858 3739 989 3818 primum
1016 3740 1072 3800 hoo
1098 3741 1262 3801 chimaerae
1290 3742 1385 3802 instar
1411 3760 1453 3802 so

232 3847 345 3908 mnium
363 3849 534 3909 somniasse.
571 3847 684 3908 Revera
707 3845 905 3925 sequendam
927 3865 1062 3924 sperasse
1085 3866 1145 3908 non
1164 3848 1226 3908 iore
1248 3853 1283 3908 ut
1302 3849 1451 3928 Gopemici

232 3955 377 4016 sententia
399 3955 547 4032 octoginta
569 3955 655 4015 annis
677 3959 745 4032 post
768 3972 856 4032 quam
879 3953 1017 4032 evulgata
1040 3955 1080 4014 eit
1102 3955 1313 4016 condemnetur
1333 3957 1453 4035 ideoque

231 4081 264 4123 se
290 4063 367 4122 hano
394 4081 457 4124 rem
483 4063 573 4123 altius
596 4067 626 4122 et
650 4062 816 4122 accinctius
839 4061 1019 4122 amandam
1043 4063 1099 4123 sibi
1122 4063 1324 4142 proposuisse;
1353 4081 1451 4124 verum

231 4170 379 4230 enimvero
399 4170 461 4246 jam
480 4171 564 4248 quasi
582 4169 703 4230 coelesti
721 4187 793 4230 voce
810 4188 828 4230 e
846 4187 948 4230 somno
966 4171 1205 4248 expergefactum
1225 4188 1258 4230 sa
1275 4172 1450 4249 cognovisse,

338 4434 364 4502 1)
383 4432 492 4502 Kepleri
510 4449 590 4502 opera
606 4433 621 4488 I
639 4433 681 4488 57.

338 4523 365 4591 2)
384 4521 469 4590 Opera
488 4522 514 4574 di
533 4521 589 4576 Gal.
608 4523 648 4576 Vl
667 4521 727 4577 238.

337 4610 365 4680 3)
383 4609 529 4664 Fubronius
546 4607 564 4663 l.
580 4626 601 4663 c.
621 4627 646 4679 p.
662 4611 722 4665 102.
