3134 5054
686 301 779 352 Garun
798 301 846 352 XI.
1311 303 1363 358 265

145 509 294 573 beneficio
323 517 492 572 renovatum
525 529 590 574 csse
618 514 751 588 agnovit,
782 514 834 574 aed
866 515 955 574 ctiam
982 530 1036 588 per
1062 514 1234 588 interposita
1263 517 1363 576 secula

145 617 232 676 velut
252 615 466 676 ascendendum
488 633 553 677 ease
575 617 613 677 sd
632 618 713 692 prius
735 617 940 678 christianismi
962 633 1079 694 aevum,
1103 618 1190 678 immo
1214 619 1302 680 etiam
1325 619 1364 680 sd

147 721 316 796 classicam,
338 737 425 795 quam
444 738 495 782 nos
518 721 651 798 dicimus,
674 727 862 798 vetustatem,
885 729 918 782 ut
940 741 976 783 ex
997 723 1054 782 illis
1077 723 1167 782 initiis
1182 725 1364 798 sequentium

148 831 312 899 temporum
334 825 473 886 historiae
500 833 532 887 et
557 827 654 886 studia
676 829 838 888 accmatins
872 828 1095 903 perciperentur
1124 834 1156 888 et
1181 833 1259 888 totus
1281 845 1363 889 secu·

149 931 247 988 lorum
270 929 422 1006 decursus,
448 945 535 1003 quam
557 931 773 990 accuratissime
795 929 859 992 fieri
880 936 991 1007 posset,
1013 933 1269 1006 pervestigaretur.
1305 933 1364 992 Pro

149 1034 234 1108 largo
256 1039 287 1092 et
309 1034 416 1108 amplo,
438 1050 494 1107 quo
517 1041 595 1110 erat,
617 1035 736 1109 ingenio
751 1034 896 1096 Lutherus
910 1035 1049 1095 nonnulla
1062 1035 1184 1095 Enasmo
1199 1036 1364 1096 accuratius

148 1137 316 1211 perspexit3
340 1141 371 1195 nt
392 1153 440 1198 ras
458 1138 573 1198 divium
592 1145 673 1198 recte
694 1144 903 1214 tractarentur,
925 1140 1020 1199 nullas
1041 1157 1089 1200 res
1107 1139 1248 1199 humanas
1267 1138 1365 1199 docuit

147 1239 349 1315 neglegendas
372 1257 453 1315 esse;
481 1242 547 1302 ideo
576 1245 747 1303 consociatis
769 1227 924 1304 multorum
946 1243 1094 1304 laboribus
1123 1243 1167 1302 nti
1196 1243 1302 1319 voluit3
1331 1244 1363 1302 in

150 1343 256 1418 primis
285 1343 361 1418 quod
386 1346 448 1418 ipse
475 1362 533 1406 non
562 1353 675 1422 posset,
706 1347 985 1422 ahlelanchthone,
1021 1347 1113 1407 audeo
1143 1345 1279 1406 divinitus
1308 1345 1364 1406 sibi

149 1447 236 1522 dato,
265 1450 394 1523 suppleri
412 1451 537 1510 laetatus
560 1457 614 1510 est
658 1451 774 1527 Rejeoit
795 1457 826 1512 et
847 1451 1020 1526 improbavit
1041 1451 1192 1525 sectarios,
1225 1451 1275 1525 qui
1297 1467 1363 1511 cnm

148 1553 273 1624 argutiis
302 1553 481 1614 scholasticis
508 1555 593 1614 simul
617 1571 731 1615 omnem
759 1555 951 1617 eruditionem
980 1571 1142 1629 omnesque
1166 1553 1257 1614 bonas
1283 1555 1362 1615 litte-

148 1672 203 1715 ras
229 1663 259 1716 ct
291 1656 435 1718 dochinus
467 1660 624 1718 contemtui
650 1659 809 1737 habebant,
843 1662 948 1735 partim
975 1659 1148 1720 miraculum
1169 1659 1360 1733 inspiratione

150 1760 276 1820 coelitus
317 1762 372 1821 sibi
409 1762 537 1822 immissa
569 1764 736 1837 gloriantes.
803 1765 914 1826 Eodem
949 1771 1094 1840 tempore,
1127 1781 1184 1838 quo
1219 1763 1363 1839 eiusmodi

149 1864 285 1924 homines
320 1863 496 1953 Vitebergae
530 1873 722 1940 emerserant,
753 1868 896 1929 Lutherus
937 1885 974 1928 ex
1004 1868 1119 1944 refugio
1153 1883 1204 1926 sno
1237 1867 1364 1926 silvestri

151 1968 306 2043 epistolam
333 1970 425 2029 amico
455 1972 571 2045 scripsit
603 1971 688 2032 ualde
719 1972 948 2047 memorabilem,
981 1989 1017 2032 er
1050 1989 1107 2046 qua
1139 1971 1278 2031 nonnulla
1307 1971 1364 2028 huc

149 2073 332 2146 pertinentia
354 2073 430 2134 inira
450 2091 602 2152 ponemus,
630 2078 803 2151 praesertim
824 2093 911 2150 quum
940 2075 1042 2136 eadem
1070 2075 1238 2148 ostendant,
1264 2090 1363 2148 quem-

150 2175 307 2236 admodum
335 2178 469 2238 similiter
499 2185 585 2254 atque
608 2179 748 2240 Erasmm
773 2195 980 2254 nonnunquam
1001 2179 1140 2238 humanas
1162 2179 1276 2238 litteras
1299 2193 1363 2236 cnm

151 2281 261 2342 divinis
282 2281 432 2356 ingeniosa
453 2289 604 2357 componat
627 2290 657 2344 et
679 2289 840 2345 comestas

240 2384 664 2465 AdmonetMelanchthonem,
687 2387 850 2464 theologiae
871 2387 1109 2462 baccalaureum,
1130 2391 1164 2444 ut
1187 2383 1363 2444 mutationes

148 2491 184 2548 in
211 2490 352 2550 ecclesiae
376 2491 479 2551 ritibus
502 2497 532 2551 et
553 2493 664 2568 legibus
684 2509 787 2553 recens
802 2493 895 2552 factas
910 2493 1047 2552 dvorsus
1062 2491 1214 2551 Emserum
1234 2487 1363 2563 aliosque

148 2592 270 2654 fortiter
293 2593 440 2655 defendat
484 2595 599 2656 Deinde
621 2598 700 2657 seria
722 2604 753 2658 et
774 2597 880 2657 festiva
905 2596 942 2657 de
967 2598 1050 2656 lauro
1073 2595 1250 2669 theologica,
1278 2609 1363 2667 quam

147 2697 204 2757 ille
218 2704 318 2774 gerat,
339 2701 505 2774 prolocutus
519 2700 593 2761 haec
607 2699 723 2776 adjicit:
747 2701 903 2777 ,Apollinis
918 2707 1013 2775 vates,
1033 2705 1067 2759 ut
1082 2699 1158 2774 apud
1172 2697 1363 2774 Lycophrona

149 2805 212 2876 cst,
242 2803 332 2863 adesa
358 2805 454 2879 lauro,
484 2821 542 2864 nna
568 2821 674 2865 numen
697 2811 727 2865 st
747 2805 898 2866 fatidicum
924 2803 1051 2864 furorem
1073 2801 1247 2878 accipiebat,
1277 2807 1309 2862 et
1331 2805 1364 2860 ut

149 2907 197 2965 ait
225 2911 326 2982 poeta,
357 2901 572 2991 δαφνηφάγων
600 2899 753 2991 φοίβαξεν
785 2901 822 2970 ἐκ
850 2904 973 2986 λαιμῶν
1002 2896 1080 2966 ὅπα.
1134 2907 1226 2979 Quam
1261 2903 1364 2966 felices

150 3010 319 3086 theologos,
347 3012 372 3071 si
399 3028 457 3072 una
486 3028 551 3072 cum
583 3013 666 3072 lauro
691 3013 746 3086 ipsi
773 3029 888 3087 qnoque
918 3011 1032 3072 divinae
1061 3009 1210 3070 doctfinae
1231 3009 1364 3081 spiritum

149 3115 347 3188 condpcrcnt.
385 3114 443 3176 Sed
466 3115 556 3176 audel
578 3121 790 3176 sacramentum
812 3117 868 3191 piis
890 3115 995 3174 litteris
1018 3113 1132 3172 dixisti:
1157 3111 1225 3185 quid
1243 3115 1363 3170 comas?

147 3217 221 3292 qnid
243 3221 374 3279 mussas?
396 3253 438 3263 -
460 3219 511 3279 hle
530 3223 610 3280 certe
633 3221 813 3294 quantumvis
834 3219 936 3278 rudem
957 3217 1081 3276 usonem
1107 3221 1206 3274 tamen
1228 3213 1362 3273 comitem

148 3321 289 3382 habebis:
311 3339 366 3382 nec
387 3322 550 3398 poenitebit
568 3324 621 3383 sub
644 3329 674 3384 tc
698 3323 824 3384 tolerare
847 3323 900 3382 tali
921 3321 1059 3396 magistro
1073 3319 1206 3378 militiam
1229 3324 1260 3378 et
1274 3333 1362 3392 gravo

147 3426 258 3488 Martis
279 3443 358 3502 opus.
404 3427 474 3500 Quis
496 3443 554 3486 nou
584 3428 636 3487 sub
659 3443 695 3487 eo
717 3428 826 3501 gestiat
845 3425 991 3500 stipendia
1020 3423 1133 3498 iacere,
1162 3422 1211 3496 qui
1238 3419 1275 3482 ad
1299 3438 1363 3482 rem

148 3531 344 3604 theologicam
367 3530 426 3590 tale
449 3531 610 3606 ingenium,
637 3537 696 3591 tam
715 3531 903 3606 multiplicem
930 3547 1028 3591 rerum
1051 3527 1203 3588 scientiam
1223 3526 1363 3601 attulerit,

148 3636 202 3711 qni
231 3651 278 3694 res
306 3639 443 3708 naturae,
474 3637 537 3709 jam
573 3651 663 3696 annos
691 3640 735 3694 tot
765 3641 896 3696 versatus
926 3635 958 3694 in
983 3632 1157 3693 Herculanis
1187 3629 1364 3690 mediocrum

148 3732 312 3822 λούιροις,
343 3739 385 3799 sic
407 3740 625 3816 pervestigarit,
652 3742 701 3814 qui
725 3757 825 3801 omnes
853 3739 1087 3816 philosophorum
1108 3735 1268 3796 sententias
1290 3733 1364 3792 sicut

149 3860 264 3917 ungnes
296 3859 363 3904 suos
391 3845 476 3904 norit
522 3843 718 3905 Vehementer
748 3846 825 3904 enim
857 3849 888 3903 et
915 3848 976 3902 toto
1007 3843 1088 3902 coelo
1121 3853 1220 3898 errare
1250 3851 1364 3910 censeo,

148 3947 201 4022 qni
220 3947 430 4022 philosophiam
456 3954 488 4007 et
516 3955 638 4008 naturae
670 3949 865 4023 cognitionem
894 3946 1027 4006 inutilem
1053 3948 1158 4018 putant
1182 3939 1362 4014 meologiac:

150 4051 260 4126 alioqui
282 4067 403 4125 quorsus
424 4053 508 4112 nobis
530 4053 699 4127 magisteria
720 4049 855 4112 nostrai‘

241 4155 347 4228 Quanti
373 4156 520 4217 Lutherns
547 4155 816 4230 Melanohthonem,
846 4153 920 4214 tanti
952 4152 1041 4212 etiam
1067 4151 1177 4224 majore
1205 4150 1273 4224 jure
1300 4147 1365 4207 Me·

148 4259 309 4322 lauchthon
341 4259 503 4321 Lutherum
535 4260 613 4321 lecit
671 4261 827 4335 Utriusque
856 4273 929 4320 voro
955 4256 1010 4316 viri
1046 4254 1136 4314 unitis
1167 4252 1276 4313 uiribus
1305 4249 1365 4311 iao·

147 4371 213 4425 tum
251 4369 309 4440 est,
347 4369 380 4423 nt
412 4363 510 4425 studia
543 4365 766 4441 Vitsbergeusia
802 4381 859 4424 non
893 4366 1006 4422 lautum
1041 4359 1077 4418 iis
1112 4359 1274 4432 placerent,
1315 4356 1364 4430 qni

147 4467 254 4528 rudem
275 4467 391 4544 plebem
414 4469 536 4543 simplex
567 4476 599 4530 et
619 4487 722 4544 purum
744 4469 926 4544 evangelium
948 4464 1046 4526 doceri
1072 4461 1225 4536 volebant,
1258 4461 1310 4521 sed
1334 4465 1366 4519 nt

148 4573 241 4634 ctiam
269 4573 396 4633 omnium
424 4573 487 4635 iere
516 4573 694 4635 eruditorum
724 4574 850 4633 virorum
875 4587 940 4632 cum
967 4569 1089 4630 Ειιιιιιο
1119 4564 1363 4627 consentientium
