3176 5064
178 137 214 194 32
712 134 800 191 Onam
817 132 867 190 III.

180 342 328 416 saeviens,
349 341 382 400 in
400 339 482 401 bulla
498 340 536 399 de
553 339 765 400 haeretieorum
784 338 887 416 poenis
906 338 1012 413 edita,¹
1035 337 1107 396 dum
1125 337 1228 396 mundi
1246 336 1414 414 imperium

177 449 401 509 antichristianis
427 447 566 525 superbia
592 447 722 520 affectat,
750 449 850 505 tamen
873 445 971 522 Papae
997 445 1087 504 fidem
1113 445 1150 504 ab
1176 444 1302 505 ecclesia
1325 443 1414 520 judi·

177 557 300 616 candam
323 573 390 616 esse
412 555 575 615 confitetur.
609 553 829 613 Haereticorum
852 553 932 612 enhn
951 571 1061 630 poenas
1079 553 1304 612 renuntiaturus
1322 567 1414 628 prae-

178 666 269 738 fatur,
298 664 401 739 ,etiam
423 662 590 721 Romanum
613 661 800 736 Pontificem,
824 662 875 738 qui
899 660 954 720 Dei
977 665 1008 720 et
1031 659 1143 719 Christi
1165 660 1245 720 vices
1268 663 1352 735 gerat
1374 659 1413 717 in

177 771 264 830 terris
286 775 317 829 et
339 787 429 846 super
450 773 555 844 gentes
577 773 608 828 et
629 786 720 844 regna
738 767 953 845 plenitudinem
972 767 1101 827 obtineat
1118 767 1272 844 potestatis
1290 784 1413 826 omnes-

178 895 237 955 que
260 877 373 953 judicet
399 895 418 936 a
444 875 563 936 nemine
590 876 622 934 in
649 876 706 934 hoc
734 874 834 935 seculo
858 875 1050 952 judicandus
1078 875 1103 934 si
1131 874 1368 952 deprehendatur
1389 892 1413 932 1

178 985 237 1044 fido
259 984 376 1059 devius,
399 983 534 1060 redargui
557 985 661 1060 66666.ι

284 1091 389 1168 Itaque
420 1090 630 1150 Melanchthon
652 1090 845 1165 Augustanos
872 1090 1067 1150 confessionis
1095 1089 1234 1166 scriptor,
1263 1090 1320 1148 sibi
1347 1089 1410 1165 ipsi

178 1204 306 1273 constat,
340 1215 433 1276 quum
464 1197 605 1258 articulos
632 1195 843 1257 Smalcaldiccs
869 1202 990 1274 propter
1016 1197 1222 1256 adnuntiatum
1246 1197 1308 1272 jam
1335 1201 1411 1254 tunc

178 1307 337 1366 concilium
358 1324 377 1364 a
395 1305 526 1365 Luthero
545 1305 742 1382 conscriptos,
765 1309 799 1362 ut
817 1303 882 1381 pios
901 1309 931 1364 et
949 1305 1115 1364 christanus
1133 1305 1312 1381 approbem,
1334 1303 1411 1362 haec

178 1415 280 1490 adjicit
301 1413 402 1472 verbo:
427 1413 486 1488 ,De
504 1412 647 1472 Pontifioe
670 1417 780 1486 statuo,
804 1412 830 1470 si
853 1412 1041 1487 evangelium
1064 1411 1245 1486 admitteret,
1268 1419 1356 1488 posse
1379 1411 1409 1468 ci

179 1526 299 1598 propter
325 1537 427 1597 paoem
454 1523 484 1579 et
510 1537 696 1580 communem
722 1519 969 1596 tranquillitatem
995 1519 1234 1592 christianorum,
1266 1518 1319 1596 qui
1344 1517 1408 1594 jam

179 1628 235 1687 sub
262 1629 328 1706 ipso
355 1631 426 1686 eunt
452 1631 482 1686 et
508 1626 540 1686 in
562 1633 713 1704 posterum
737 1627 792 1686 sub
815 1625 881 1703 ipso
903 1631 1003 1702 erunt,
1032 1626 1268 1704 superioritatem
1290 1607 1322 1684 ih
1345 1627 1409 1703 661-

180 1753 296 1813 666666,
328 1753 417 1812 quam
448 1734 559 1812 alioqui
591 1734 678 1793 habet
707 1733 775 1810 jure
806 1733 948 1808 humano,
980 1735 1069 1794 etiam
1101 1753 1119 1792 a
1146 1734 1230 1794 nobis
1257 1734 1411 1811 permitti}¹

178 1842 290 1902 Eodem
312 1847 443 1919 tempore
465 1841 668 1918 theologorum
690 1842 787 1901 adhuc
805 1840 999 1901 Smalealdiae
1024 1847 1266 1917 congregatorum
1289 1841 1410 1901 nomine

179 1955 335 2010 hactahrm
363 1950 484 2028 scripsit
508 1950 546 2009 de
573 1951 703 2027 primatu
729 1967 835 2026 papae,
863 1967 921 2027 quo
944 1949 1107 2008 doctrinam
1129 1949 1167 2009 de
1188 1948 1302 2024 divino,
1330 1948 1409 2026 quod

179 2057 225 2116 illi
247 2077 265 2117 a
287 2057 391 2117 multis
414 2057 640 2132 attribuebatur,
664 2056 820 2133 utriusque
842 2055 933 2132 gladii
953 2057 1021 2132 jure
1043 2074 1082 2116 ex
1105 2073 1188 2116 soora
1210 2056 1357 2132 scriptura
1378 2061 1410 2114 et

180 2183 218 2224 ex
250 2165 381 2225 historiis
412 2164 523 2225 refellit
554 2169 584 2224 et
615 2164 674 2224 duo
705 2164 789 2223 illius
816 2163 957 2222 immania
984 2167 1104 2240 peccata
1130 2163 1240 2240 arguit,
1272 2163 1409 2238 alterum,

180 2272 258 2350 quod
281 2272 420 2332 defendat
442 2289 556 2332 errores
579 2289 649 2331 suos
671 2271 784 2348 injusta
803 2271 925 2331 saevitia
942 2275 973 2330 et
991 2271 1162 2348 6166116116,
1185 2270 1311 2330 alterum
1330 2271 1409 2348 quod

176 2379 324 2455 judicium
351 2379 456 2456 eripiat
483 2379 625 2438 ecelesiae
651 2395 707 2439 nec
730 2379 808 2438 sinat
829 2379 887 2438 rite
906 2378 1033 2454 judicari
1057 2378 1271 2438 ecclesiasticos
1294 2383 1409 2438 contro·

180 2486 304 2560 versiae,
323 2486 414 2544 immo
433 2486 602 2561 contendat,
622 2503 655 2545 se
673 2503 764 2563 supra
781 2486 942 2546 concilium
960 2504 1026 2546 esse
1044 2491 1074 2546 et
1087 2486 1204 2546 decreta
1217 2485 1409 2545 conciliorum

179 2592 346 2652 rescindere
368 2610 469 2669 posse;
497 2593 570 2652 haee
592 2593 685 2668 igitur
706 2591 836 2653 tollenda
859 2611 937 2669 esse,
960 2599 995 2652 ut
1017 2593 1204 2670 evangelium
1227 2592 1407 2652 admittatur.

179 2699 227 2759 Ex
250 2699 352 2759 eadem
375 2699 521 2759 sententia
542 2704 607 2760 octo
629 2705 698 2777 post
719 2700 819 2776 annis,
843 2719 936 2778 quum
954 2701 1082 2760 comitiis
1101 2699 1291 2778 Spirensibus
1309 2699 1408 2760 decre·

179 2813 244 2866 tum
266 2811 357 2883 esset,
382 2811 416 2866 ut
437 2811 467 2866 et
485 2807 630 2867 Catholici
653 2812 683 2868 et
700 2807 902 2868 Protcstantes
925 2809 1074 2886 postulata
1096 2825 1150 2868 sua
1172 2808 1408 2884 itemmscripta

180 2919 388 2993 proponerent,
419 2914 537 2975 articuli
564 2915 611 2974 illi
638 2915 773 2992 concepti
801 2921 884 2991 sunt,
912 2915 964 2994 qui
991 2915 1158 2976 reformatio
1186 2914 1407 2991 Vitebergensis

180 3023 325 3083 nominari
348 3022 458 3099 solent,
481 3023 617 3098 Lutheri,
641 3022 878 3083 Melanohthonis
895 3022 1027 3098 ,aliorum
1045 3023 1221 3101 subscriptis
1238 3023 1408 3082 nominibus

179 3131 324 3208 insigniti.
370 3129 485 3205 Quibus
511 3130 646 3190 articuhs
668 3131 869 3190 Protestantes
895 3131 933 3189 ad
956 3131 1077 3190 ultimos
1100 3131 1184 3208 quasi
1208 3149 1310 3190 eorum
1332 3131 1408 3190 fines

179 3238 328 3316 progressi
351 3245 434 3313 sunt,
457 3257 533 3316 quae
555 3238 686 3297 instante
705 3237 837 3297 Concilio
859 3237 1021 3297 universali
1042 3239 1125 3316 pacis
1142 3256 1231 3298 eausa
1249 3238 1408 3298 concedere

181 3363 213 3406 se
230 3363 318 3422 posse
336 3345 486 3423 putabant
521 3343 617 3418 Quare
635 3346 714 3404 haud
733 3345 839 3420 multo,
862 3351 931 3422 post
948 3345 1125 3420 Lutherum,
1144 3363 1237 3424 quum
1255 3345 1408 3405 Pantanus

180 3453 213 3510 in
240 3452 350 3529 templo
374 3451 1002 3528 1116116166ηεί6111116611161111116661,
1030 3471 1096 3513 esse
1119 3453 1171 3531 qui
1193 3453 1319 3513 ulterius
1342 3453 1408 3513 cedi

179 3575 267 3637 posse
294 3558 510 3634 existimarent,
539 3577 592 3620 suo
620 3576 800 3638 suorumque
826 3559 1005 3636 collegarum
1028 3561 1149 3620 nomine
1171 3560 1354 3620 sollemniter
1375 3560 1407 3618 id

179 3667 311 3744 negavit,
339 3665 483 3744 quidquid
510 3666 561 3726 alii
589 3671 752 3726 statuerent
778 3667 826 3726 161
853 3668 997 3746 facerent3
1030 3668 1094 3728 fieri
1121 3667 1202 3728 enim
1228 3685 1288 3728 non
1310 3685 1406 3745 posse,

179 3779 214 3834 ut
236 3775 295 3852 ipsi
317 3775 406 3834 verbo
430 3774 485 3834 Dei
508 3779 539 3835 et
560 3773 757 3835 conscientiae
779 3775 966 3834 inhaererent
988 3780 1018 3834 et
1041 3774 1132 3834 simul
1154 3775 1259 3834 mundi
1276 3776 1407 3834 favorem

180 3887 210 3942 et
236 3881 355 3942 laudem
382 3887 570 3960 aucuparent
616 3881 698 3956 Quae
724 3883 813 3942 verba
840 3883 940 3942 statim
967 3901 1021 3960 per
1047 3882 1160 3942 litteras
1182 3883 1220 3942 ad
1242 3883 1406 3942 Electorem

179 3989 305 4049 retulit²
353 3989 458 4068 Itaque
489 4009 527 4050 ex
558 3991 686 4050 formula
717 3990 770 4050 illa
801 3991 1018 4050 reformationis
1045 3989 1281 4066 Vitebergensis,
1313 4009 1406 4068 quum

180 4097 283 4174 quanti
305 4097 447 4157 momenti
470 4098 510 4156 sit
532 4103 683 4175 appareat,
707 4115 742 4157 ea
764 4115 840 4176 quae
862 4098 921 4158 huc
943 4098 1105 4176 pertinent,
1128 4097 1206 4156 inim
1227 4116 1343 4176 ponam.

288 4343 314 4410 1)
332 4341 368 4396 X.
388 4341 442 4398 cu.
461 4341 538 4398 Mart.
557 4353 585 4398 a:
600 4343 776 4416 nanum,

288 4432 315 4499 2)
333 4431 374 4484 Ex
394 4431 523 4486 tabulario
542 4432 672 4486 Saronico
690 4434 757 4487 haec
775 4432 922 4502 publicavit
940 4433 1125 4502 Sechendorff,
1144 4433 1188 4486 lib.
1199 4433 1241 4487 111
1247 4476 1253 4502 ,
1273 4452 1298 4502 6.
1309 4437 1368 4490 556.
