<?xml version="1.0" encoding="UTF-8"?>
<!DOCTYPE html PUBLIC "-//W3C//DTD XHTML 1.0 Transitional//EN"
    "http://www.w3.org/TR/xhtml1/DTD/xhtml1-transitional.dtd">
<html xmlns="http://www.w3.org/1999/xhtml" xml:lang="en" lang="en">
 <head>
  <title>
</title>
<meta http-equiv="Content-Type" content="text/html;charset=utf-8" />
  <meta name='ocr-system' content='tesseract 3.04.00' />
  <meta name='ocr-capabilities' content='ocr_page ocr_carea ocr_par ocr_line ocrx_word'/>
</head>
<body>
  <div class='ocr_page' id='page_1' title='image "./erasmusredivivu00schlgoog_0069.png"; bbox 0 0 3202 5058; ppageno 0'>
   <div class='ocr_carea' id='block_1_1' title="bbox 253 277 976 334">
    <p class='ocr_par' dir='ltr' id='par_1_1' title="bbox 253 277 976 334">
     <span class='ocr_line' id='line_1_1' title="bbox 253 277 976 334; baseline -0.014 0"><span class='ocrx_word' id='word_1_1' title='bbox 253 283 288 334; x_wconf 85' lang='lat'><strong>52</strong></span> <span class='ocrx_word' id='word_1_2' title='bbox 740 278 843 327; x_wconf 78' lang='lat' dir='ltr'><strong>Psarrs</strong></span> <span class='ocrx_word' id='word_1_3' title='bbox 864 277 976 327; x_wconf 81' lang='lat' dir='ltr'><strong>Parours</strong></span> 
     </span>
    </p>
   </div>
   <div class='ocr_carea' id='block_1_2' title="bbox 250 487 1472 1398">
    <p class='ocr_par' dir='ltr' id='par_1_2' title="bbox 250 487 1472 1398">
     <span class='ocr_line' id='line_1_2' title="bbox 253 487 1471 569; baseline -0.007 -17"><span class='ocrx_word' id='word_1_4' title='bbox 253 501 391 568; x_wconf 87' lang='lat' dir='ltr'><strong>vergente</strong></span> <span class='ocrx_word' id='word_1_5' title='bbox 414 495 511 569; x_wconf 92' lang='lat' dir='ltr'><strong>Papae</strong></span> <span class='ocrx_word' id='word_1_6' title='bbox 534 509 625 567; x_wconf 88' lang='lat' dir='ltr'><strong>regno</strong></span> <span class='ocrx_word' id='word_1_7' title='bbox 653 491 811 564; x_wconf 91' lang='lat' dir='ltr'><strong>mundano,</strong></span> <span class='ocrx_word' id='word_1_8' title='bbox 839 491 923 548; x_wconf 87' lang='lat' dir='ltr'><strong>simul</strong></span> <span class='ocrx_word' id='word_1_9' title='bbox 951 489 1070 548; x_wconf 82' lang='lat' dir='ltr'><strong>emersit</strong></span> <span class='ocrx_word' id='word_1_10' title='bbox 1095 488 1200 560; x_wconf 93' lang='lat' dir='ltr'><strong>ubique</strong></span> <span class='ocrx_word' id='word_1_11' title='bbox 1224 487 1471 546; x_wconf 79' lang='lat' dir='ltr'><strong>conscientiarum</strong></span> 
     </span>
     <span class='ocr_line' id='line_1_3' title="bbox 252 591 1471 670; baseline -0.007 -12"><span class='ocrx_word' id='word_1_12' title='bbox 252 599 383 658; x_wconf 87' lang='lat' dir='ltr'><strong>libertas.</strong></span> <span class='ocrx_word' id='word_1_13' title='bbox 435 597 516 670; x_wconf 78' lang='lat' dir='ltr'><strong>Quod</strong></span> <span class='ocrx_word' id='word_1_14' title='bbox 548 597 598 656; x_wconf 90' lang='lat' dir='ltr'><strong>ille</strong></span> <span class='ocrx_word' id='word_1_15' title='bbox 631 597 759 670; x_wconf 85' lang='lat' dir='ltr'><strong>grauiter</strong></span> <span class='ocrx_word' id='word_1_16' title='bbox 792 593 891 654; x_wconf 84' lang='lat' dir='ltr'><strong>ferens</strong></span> <span class='ocrx_word' id='word_1_17' title='bbox 923 611 959 652; x_wconf 84' lang='lat' dir='ltr'><strong>ox</strong></span> <span class='ocrx_word' id='word_1_18' title='bbox 987 591 1166 652; x_wconf 88' lang='lat' dir='ltr'><strong>Jesuitarum</strong></span> <span class='ocrx_word' id='word_1_19' title='bbox 1194 593 1317 650; x_wconf 90' lang='lat' dir='ltr'><strong>concilio</strong></span> <span class='ocrx_word' id='word_1_20' title='bbox 1346 591 1471 650; x_wconf 89' lang='lat' dir='ltr'><strong>Petrum</strong></span> 
     </span>
     <span class='ocr_line' id='line_1_4' title="bbox 251 694 1472 770; baseline -0.007 -8"><span class='ocrx_word' id='word_1_21' title='bbox 251 702 366 762; x_wconf 66' lang='lat' dir='ltr'><strong>mbues</strong></span> <span class='ocrx_word' id='word_1_22' title='bbox 398 717 500 760; x_wconf 85' lang='lat' dir='ltr'><strong>novum</strong></span> <span class='ocrx_word' id='word_1_23' title='bbox 533 700 689 760; x_wconf 87' lang='lat' dir='ltr'><strong>coelestem</strong></span> <span class='ocrx_word' id='word_1_24' title='bbox 723 699 875 758; x_wconf 77' lang='lat' dir='ltr'><strong>naviculae</strong></span> <span class='ocrx_word' id='word_1_25' title='bbox 911 697 992 756; x_wconf 90' lang='lat' dir='ltr'><strong>Petri</strong></span> <span class='ocrx_word' id='word_1_26' title='bbox 1019 703 1171 770; x_wconf 89' lang='lat' dir='ltr'><strong>patronum</strong></span> <span class='ocrx_word' id='word_1_27' title='bbox 1203 697 1362 754; x_wconf 89' lang='lat' dir='ltr'><strong>constituit.</strong></span> <span class='ocrx_word' id='word_1_28' title='bbox 1417 694 1472 754; x_wconf 86' lang='lat' dir='ltr'><strong>Sic</strong></span> 
     </span>
     <span class='ocr_line' id='line_1_5' title="bbox 251 799 1470 879; baseline -0.005 -15"><span class='ocrx_word' id='word_1_29' title='bbox 251 813 382 866; x_wconf 89' lang='lat' dir='ltr'><strong>votorum</strong></span> <span class='ocrx_word' id='word_1_30' title='bbox 404 813 576 879; x_wconf 89' lang='lat' dir='ltr'><strong>temporum,</strong></span> <span class='ocrx_word' id='word_1_31' title='bbox 599 803 701 877; x_wconf 90' lang='lat' dir='ltr'><strong>quibus</strong></span> <span class='ocrx_word' id='word_1_32' title='bbox 723 803 865 862; x_wconf 89' lang='lat' dir='ltr'><strong>haeretici</strong></span> <span class='ocrx_word' id='word_1_33' title='bbox 888 800 1101 875; x_wconf 82' lang='lat' dir='ltr'><strong>cremabantur,</strong></span> <span class='ocrx_word' id='word_1_34' title='bbox 1117 802 1237 875; x_wconf 90' lang='lat' dir='ltr'><strong>gloriam</strong></span> <span class='ocrx_word' id='word_1_35' title='bbox 1260 799 1470 860; x_wconf 75' lang='lat' dir='ltr'><strong>celebrandam</strong></span> 
     </span>
     <span class='ocr_line' id='line_1_6' title="bbox 252 904 1471 980; baseline -0.005 -12"><span class='ocrx_word' id='word_1_36' title='bbox 252 926 317 970; x_wconf 88' lang='lat' dir='ltr'><strong>ease</strong></span> <span class='ocrx_word' id='word_1_37' title='bbox 345 910 467 970; x_wconf 86' lang='lat' dir='ltr'><strong>censuit.</strong></span> <span class='ocrx_word' id='word_1_38' title='bbox 512 909 594 980; x_wconf 82' lang='lat' dir='ltr'><strong>Quod</strong></span> <span class='ocrx_word' id='word_1_39' title='bbox 621 909 670 980; x_wconf 92' lang='lat' dir='ltr'><strong>qui</strong></span> <span class='ocrx_word' id='word_1_40' title='bbox 695 907 813 966; x_wconf 88' lang='lat' dir='ltr'><strong>infitiari</strong></span> <span class='ocrx_word' id='word_1_41' title='bbox 848 906 973 980; x_wconf 88' lang='lat' dir='ltr'><strong>audent,</strong></span> <span class='ocrx_word' id='word_1_42' title='bbox 1001 911 1095 966; x_wconf 77' lang='lat' dir='ltr'><strong>utram</strong></span> <span class='ocrx_word' id='word_1_43' title='bbox 1124 905 1215 980; x_wconf 88' lang='lat' dir='ltr'><strong>magis</strong></span> <span class='ocrx_word' id='word_1_44' title='bbox 1242 905 1329 962; x_wconf 91' lang='lat' dir='ltr'><strong>animi</strong></span> <span class='ocrx_word' id='word_1_45' title='bbox 1357 904 1471 963; x_wconf 89' lang='lat' dir='ltr'><strong>candor</strong></span> 
     </span>
     <span class='ocr_line' id='line_1_7' title="bbox 252 1009 1470 1086; baseline -0.005 -13"><span class='ocrx_word' id='word_1_46' title='bbox 252 1031 291 1073; x_wconf 90' lang='lat' dir='ltr'><strong>aa</strong></span> <span class='ocrx_word' id='word_1_47' title='bbox 311 1031 412 1074; x_wconf 88' lang='lat' dir='ltr'><strong>sensns</strong></span> <span class='ocrx_word' id='word_1_48' title='bbox 432 1013 589 1072; x_wconf 88' lang='lat' dir='ltr'><strong>communis</strong></span> <span class='ocrx_word' id='word_1_49' title='bbox 608 1027 640 1070; x_wconf 90' lang='lat' dir='ltr'><strong>sc</strong></span> <span class='ocrx_word' id='word_1_50' title='bbox 659 1010 776 1071; x_wconf 88' lang='lat' dir='ltr'><strong>deficiat</strong></span> <span class='ocrx_word' id='word_1_51' title='bbox 798 1012 853 1086; x_wconf 93' lang='lat' dir='ltr'><strong>ipsi</strong></span> <span class='ocrx_word' id='word_1_52' title='bbox 868 1011 994 1070; x_wconf 89' lang='lat' dir='ltr'><strong>videant.</strong></span> <span class='ocrx_word' id='word_1_53' title='bbox 1038 1010 1170 1083; x_wconf 87' lang='lat' dir='ltr'><strong>Namque</strong></span> <span class='ocrx_word' id='word_1_54' title='bbox 1193 1009 1357 1083; x_wconf 87' lang='lat' dir='ltr'><strong>ephemeris</strong></span> <span class='ocrx_word' id='word_1_55' title='bbox 1372 1009 1470 1082; x_wconf 86' lang='lat' dir='ltr'><strong>Papa-</strong></span> 
     </span>
     <span class='ocr_line' id='line_1_8' title="bbox 250 1113 1468 1194; baseline -0.003 -18"><span class='ocrx_word' id='word_1_56' title='bbox 250 1119 302 1194; x_wconf 92' lang='lat' dir='ltr'><strong>lis,</strong></span> <span class='ocrx_word' id='word_1_57' title='bbox 325 1119 389 1178; x_wconf 87' lang='lat' dir='ltr'><strong>dira</strong></span> <span class='ocrx_word' id='word_1_58' title='bbox 410 1118 463 1177; x_wconf 92' lang='lat' dir='ltr'><strong>illa</strong></span> <span class='ocrx_word' id='word_1_59' title='bbox 481 1117 622 1192; x_wconf 84' lang='lat' dir='ltr'><strong>,civilitas</strong></span> <span class='ocrx_word' id='word_1_60' title='bbox 644 1116 812 1191; x_wconf 86' lang='lat' dir='ltr'><strong>catholica,‘</strong></span> <span class='ocrx_word' id='word_1_61' title='bbox 843 1117 938 1174; x_wconf 86' lang='lat' dir='ltr'><strong>iactae</strong></span> <span class='ocrx_word' id='word_1_62' title='bbox 970 1116 1196 1174; x_wconf 86' lang='lat' dir='ltr'><strong>canonizationis</strong></span> <span class='ocrx_word' id='word_1_63' title='bbox 1219 1115 1370 1173; x_wconf 90' lang='lat' dir='ltr'><strong>consilinm</strong></span> <span class='ocrx_word' id='word_1_64' title='bbox 1393 1113 1468 1172; x_wconf 94' lang='lat' dir='ltr'><strong>illud</strong></span> 
     </span>
     <span class='ocr_line' id='line_1_9' title="bbox 252 1219 1467 1295; baseline -0.004 -14"><span class='ocrx_word' id='word_1_65' title='bbox 252 1221 390 1281; x_wconf 83' lang='lat' dir='ltr'><strong>audacter</strong></span> <span class='ocrx_word' id='word_1_66' title='bbox 413 1227 443 1281; x_wconf 90' lang='lat' dir='ltr'><strong>et</strong></span> <span class='ocrx_word' id='word_1_67' title='bbox 464 1220 590 1295; x_wconf 89' lang='lat' dir='ltr'><strong>prodidit</strong></span> <span class='ocrx_word' id='word_1_68' title='bbox 608 1227 640 1279; x_wconf 94' lang='lat' dir='ltr'><strong>et</strong></span> <span class='ocrx_word' id='word_1_69' title='bbox 661 1220 804 1294; x_wconf 84' lang='lat' dir='ltr'><strong>defendit,</strong></span> <span class='ocrx_word' id='word_1_70' title='bbox 824 1221 866 1279; x_wconf 93' lang='lat' dir='ltr'><strong>uil</strong></span> <span class='ocrx_word' id='word_1_71' title='bbox 888 1221 944 1278; x_wconf 91' lang='lat' dir='ltr'><strong>uisi</strong></span> <span class='ocrx_word' id='word_1_72' title='bbox 966 1235 1071 1278; x_wconf 86' lang='lat' dir='ltr'><strong>vanum</strong></span> <span class='ocrx_word' id='word_1_73' title='bbox 1092 1219 1306 1278; x_wconf 88' lang='lat' dir='ltr'><strong>haereticoram</strong></span> <span class='ocrx_word' id='word_1_74' title='bbox 1328 1223 1359 1276; x_wconf 89' lang='lat' dir='ltr'><strong>et</strong></span> <span class='ocrx_word' id='word_1_75' title='bbox 1375 1219 1467 1276; x_wconf 90' lang='lat' dir='ltr'><strong>malo·</strong></span> 
     </span>
     <span class='ocr_line' id='line_1_10' title="bbox 251 1323 1466 1398; baseline -0.003 -14"><span class='ocrx_word' id='word_1_76' title='bbox 251 1344 315 1384; x_wconf 90' lang='lat' dir='ltr'><strong>rum</strong></span> <span class='ocrx_word' id='word_1_77' title='bbox 342 1325 554 1384; x_wconf 73' lang='lat' dir='ltr'><strong>catholicorum</strong></span> <span class='ocrx_word' id='word_1_78' title='bbox 576 1325 670 1382; x_wconf 91' lang='lat' dir='ltr'><strong>lusum</strong></span> <span class='ocrx_word' id='word_1_79' title='bbox 695 1340 760 1384; x_wconf 88' lang='lat' dir='ltr'><strong>esse</strong></span> <span class='ocrx_word' id='word_1_80' title='bbox 788 1323 956 1398; x_wconf 89' lang='lat' dir='ltr'><strong>declarans,</strong></span> <span class='ocrx_word' id='word_1_81' title='bbox 983 1323 1060 1396; x_wconf 93' lang='lat' dir='ltr'><strong>quod</strong></span> <span class='ocrx_word' id='word_1_82' title='bbox 1093 1323 1229 1382; x_wconf 87' lang='lat' dir='ltr'><strong>advorsus</strong></span> <span class='ocrx_word' id='word_1_83' title='bbox 1249 1323 1466 1381; x_wconf 88' lang='lat' dir='ltr'><strong>sanctissimum</strong></span> 
     </span>
    </p>
   </div>
   <div class='ocr_carea' id='block_1_3' title="bbox 250 1425 1587 1503">
    <p class='ocr_par' dir='ltr' id='par_1_3' title="bbox 250 1425 1587 1503">
     <span class='ocr_line' id='line_1_11' title="bbox 250 1425 1587 1503; baseline -0.004 -15"><span class='ocrx_word' id='word_1_84' title='bbox 250 1429 445 1502; x_wconf 90' lang='lat' dir='ltr'><strong>Inquisitionis</strong></span> <span class='ocrx_word' id='word_1_85' title='bbox 467 1429 607 1503; x_wconf 87' lang='lat' dir='ltr'><strong>tribunal,</strong></span> <span class='ocrx_word' id='word_1_86' title='bbox 636 1426 809 1488; x_wconf 89' lang='lat' dir='ltr'><strong>Pontificum</strong></span> <span class='ocrx_word' id='word_1_87' title='bbox 831 1429 894 1489; x_wconf 88' lang='lat' dir='ltr'><strong>zelo</strong></span> <span class='ocrx_word' id='word_1_88' title='bbox 917 1426 1124 1487; x_wconf 89' lang='lat' dir='ltr'><strong>custodiendae</strong></span> <span class='ocrx_word' id='word_1_89' title='bbox 1152 1425 1221 1486; x_wconf 87' lang='lat' dir='ltr'><strong>fidoi</strong></span> <span class='ocrx_word' id='word_1_90' title='bbox 1244 1443 1333 1486; x_wconf 87' lang='lat' dir='ltr'><strong>causa</strong></span> <span class='ocrx_word' id='word_1_91' title='bbox 1355 1427 1467 1485; x_wconf 89' lang='lat' dir='ltr'><strong>cousti-</strong></span> <span class='ocrx_word' id='word_1_92' title='bbox 1586 1457 1587 1466; x_wconf 35' lang='grc' dir='ltr'>ι</span> 
     </span>
    </p>
   </div>
   <div class='ocr_carea' id='block_1_4' title="bbox 249 1533 1467 2250">
    <p class='ocr_par' dir='ltr' id='par_1_4' title="bbox 251 1533 633 1607">
     <span class='ocr_line' id='line_1_12' title="bbox 251 1533 633 1607; baseline 0 -17"><span class='ocrx_word' id='word_1_93' title='bbox 251 1539 361 1607; x_wconf 86' lang='lat' dir='ltr'><strong>tutum,</strong></span> <span class='ocrx_word' id='word_1_94' title='bbox 384 1533 633 1592; x_wconf 87' lang='lat' dir='ltr'><strong>tumultuarentur.</strong></span> 
     </span>
    </p>

    <p class='ocr_par' dir='ltr' id='par_1_5' title="bbox 249 1651 1467 2250">
     <span class='ocr_line' id='line_1_13' title="bbox 338 1651 1466 1728; baseline -0.003 -15"><span class='ocrx_word' id='word_1_95' title='bbox 338 1654 503 1725; x_wconf 85' lang='lat' dir='ltr'><strong>Quaesierit</strong></span> <span class='ocrx_word' id='word_1_96' title='bbox 528 1654 687 1726; x_wconf 85' lang='lat' dir='ltr'><strong>quispiam,</strong></span> <span class='ocrx_word' id='word_1_97' title='bbox 713 1653 853 1726; x_wconf 89' lang='lat' dir='ltr'><strong>quomodo</strong></span> <span class='ocrx_word' id='word_1_98' title='bbox 883 1652 947 1712; x_wconf 88' lang='lat' dir='ltr'><strong>fieri</strong></span> <span class='ocrx_word' id='word_1_99' title='bbox 975 1654 1116 1728; x_wconf 86' lang='lat' dir='ltr'><strong>potuerit,</strong></span> <span class='ocrx_word' id='word_1_100' title='bbox 1152 1659 1184 1712; x_wconf 91' lang='lat' dir='ltr'><strong>ut</strong></span> <span class='ocrx_word' id='word_1_101' title='bbox 1205 1651 1291 1726; x_wconf 87' lang='lat' dir='ltr'><strong>Pius,</strong></span> <span class='ocrx_word' id='word_1_102' title='bbox 1313 1659 1466 1725; x_wconf 86' lang='lat' dir='ltr'><strong>postquam</strong></span> 
     </span>
     <span class='ocr_line' id='line_1_14' title="bbox 250 1756 1467 1831; baseline -0.003 -14"><span class='ocrx_word' id='word_1_103' title='bbox 250 1765 362 1818; x_wconf 90' lang='lat' dir='ltr'><strong>tautum</strong></span> <span class='ocrx_word' id='word_1_104' title='bbox 377 1759 459 1816; x_wconf 91' lang='lat' dir='ltr'><strong>initio</strong></span> <span class='ocrx_word' id='word_1_105' title='bbox 475 1759 625 1816; x_wconf 88' lang='lat' dir='ltr'><strong>horrorem</strong></span> <span class='ocrx_word' id='word_1_106' title='bbox 634 1757 754 1816; x_wconf 83' lang='lat' dir='ltr'><strong>desuitis</strong></span> <span class='ocrx_word' id='word_1_107' title='bbox 768 1758 869 1831; x_wconf 90' lang='lat' dir='ltr'><strong>injecit</strong></span> <span class='ocrx_word' id='word_1_108' title='bbox 885 1763 915 1817; x_wconf 89' lang='lat' dir='ltr'><strong>et</strong></span> <span class='ocrx_word' id='word_1_109' title='bbox 925 1757 1072 1818; x_wconf 86' lang='lat' dir='ltr'><strong>Theiuero</strong></span> <span class='ocrx_word' id='word_1_110' title='bbox 1086 1757 1124 1816; x_wconf 86' lang='lat' dir='ltr'><strong>ed</strong></span> <span class='ocrx_word' id='word_1_111' title='bbox 1135 1756 1348 1816; x_wconf 77' lang='lat' dir='ltr'><strong>defendendum</strong></span> <span class='ocrx_word' id='word_1_112' title='bbox 1363 1763 1467 1814; x_wconf 85' lang='lat' dir='ltr'><strong>contra</strong></span> 
     </span>
     <span class='ocr_line' id='line_1_15' title="bbox 250 1861 1465 1934; baseline -0.002 -14"><span class='ocrx_word' id='word_1_113' title='bbox 250 1880 351 1922; x_wconf 89' lang='lat' dir='ltr'><strong>eorum</strong></span> <span class='ocrx_word' id='word_1_114' title='bbox 380 1862 533 1921; x_wconf 89' lang='lat' dir='ltr'><strong>mendacia</strong></span> <span class='ocrx_word' id='word_1_115' title='bbox 562 1861 742 1920; x_wconf 78' lang='lat' dir='ltr'><strong>Clementem</strong></span> <span class='ocrx_word' id='word_1_116' title='bbox 769 1861 847 1919; x_wconf 86' lang='lat' dir='ltr'>XIV.</span> <span class='ocrx_word' id='word_1_117' title='bbox 876 1867 1004 1922; x_wconf 87' lang='lat' dir='ltr'><strong>secretas</strong></span> <span class='ocrx_word' id='word_1_118' title='bbox 1031 1863 1165 1920; x_wconf 88' lang='lat' dir='ltr'><strong>Vaticani</strong></span> <span class='ocrx_word' id='word_1_119' title='bbox 1198 1862 1311 1920; x_wconf 89' lang='lat' dir='ltr'><strong>tabulas</strong></span> <span class='ocrx_word' id='word_1_120' title='bbox 1339 1862 1465 1934; x_wconf 89' lang='lat' dir='ltr'><strong>aperuit,</strong></span> 
     </span>
     <span class='ocr_line' id='line_1_16' title="bbox 249 1964 1464 2042; baseline -0.003 -16"><span class='ocrx_word' id='word_1_121' title='bbox 249 1973 350 2042; x_wconf 89' lang='lat' dir='ltr'><strong>postea</strong></span> <span class='ocrx_word' id='word_1_122' title='bbox 378 1974 409 2026; x_wconf 90' lang='lat' dir='ltr'><strong>ot</strong></span> <span class='ocrx_word' id='word_1_123' title='bbox 441 1983 473 2026; x_wconf 90' lang='lat' dir='ltr'><strong>se</strong></span> <span class='ocrx_word' id='word_1_124' title='bbox 501 1968 594 2040; x_wconf 91' lang='lat' dir='ltr'><strong>ipsum</strong></span> <span class='ocrx_word' id='word_1_125' title='bbox 625 1971 655 2024; x_wconf 86' lang='lat' dir='ltr'><strong>et</strong></span> <span class='ocrx_word' id='word_1_126' title='bbox 675 1966 828 2025; x_wconf 87' lang='lat' dir='ltr'><strong>ecelesiam</strong></span> <span class='ocrx_word' id='word_1_127' title='bbox 850 1966 907 2024; x_wconf 88' lang='lat' dir='ltr'><strong>illis</strong></span> <span class='ocrx_word' id='word_1_128' title='bbox 929 1966 1067 2026; x_wconf 87' lang='lat' dir='ltr'><strong>traderet.</strong></span> <span class='ocrx_word' id='word_1_129' title='bbox 1113 1967 1201 2038; x_wconf 84' lang='lat' dir='ltr'><strong>Atqui</strong></span> <span class='ocrx_word' id='word_1_130' title='bbox 1224 1964 1327 2025; x_wconf 86' lang='lat' dir='ltr'><strong>ioedas</strong></span> <span class='ocrx_word' id='word_1_131' title='bbox 1355 1965 1464 2024; x_wconf 86' lang='lat' dir='ltr'><strong>lactum</strong></span> 
     </span>
     <span class='ocr_line' id='line_1_17' title="bbox 250 2059 1464 2144; baseline -0.002 -14"><span class='ocrx_word' id='word_1_132' title='bbox 250 2079 295 2130; x_wconf 90' lang='lat' dir='ltr'><strong>est</strong></span> <span class='ocrx_word' id='word_1_133' title='bbox 322 2072 464 2131; x_wconf 88' lang='lat' dir='ltr'><strong>communi</strong></span> <span class='ocrx_word' id='word_1_134' title='bbox 489 2059 655 2131; x_wconf 86' lang='lat' dir='ltr'><strong>dominandi</strong></span> <span class='ocrx_word' id='word_1_135' title='bbox 683 2070 811 2131; x_wconf 90' lang='lat' dir='ltr'><strong>libidine.</strong></span> <span class='ocrx_word' id='word_1_136' title='bbox 857 2071 938 2141; x_wconf 79' lang='lat' dir='ltr'><strong>Quae</strong></span> <span class='ocrx_word' id='word_1_137' title='bbox 965 2087 1022 2144; x_wconf 91' lang='lat' dir='ltr'><strong>quo</strong></span> <span class='ocrx_word' id='word_1_138' title='bbox 1044 2071 1242 2129; x_wconf 88' lang='lat' dir='ltr'><strong>vehementior</strong></span> <span class='ocrx_word' id='word_1_139' title='bbox 1263 2071 1293 2128; x_wconf 92' lang='lat' dir='ltr'><strong>iu</strong></span> <span class='ocrx_word' id='word_1_140' title='bbox 1314 2069 1368 2128; x_wconf 93' lang='lat' dir='ltr'><strong>Pio</strong></span> <span class='ocrx_word' id='word_1_141' title='bbox 1390 2076 1464 2141; x_wconf 83' lang='lat' dir='ltr'><strong>erat,</strong></span> 
     </span>
     <span class='ocr_line' id='line_1_18' title="bbox 250 2173 1464 2250; baseline -0.003 -14"><span class='ocrx_word' id='word_1_142' title='bbox 250 2193 284 2236; x_wconf 86' lang='lat' dir='ltr'><strong>oo</strong></span> <span class='ocrx_word' id='word_1_143' title='bbox 308 2177 444 2236; x_wconf 92' lang='lat' dir='ltr'><strong>libentius</strong></span> <span class='ocrx_word' id='word_1_144' title='bbox 466 2175 604 2235; x_wconf 87' lang='lat' dir='ltr'><strong>audiebat</strong></span> <span class='ocrx_word' id='word_1_145' title='bbox 625 2175 838 2250; x_wconf 88' lang='lat' dir='ltr'><strong>blandimenta,</strong></span> <span class='ocrx_word' id='word_1_146' title='bbox 862 2176 964 2249; x_wconf 91' lang='lat' dir='ltr'><strong>quibus</strong></span> <span class='ocrx_word' id='word_1_147' title='bbox 986 2175 1029 2233; x_wconf 89' lang='lat' dir='ltr'><strong>illi</strong></span> <span class='ocrx_word' id='word_1_148' title='bbox 1051 2175 1236 2248; x_wconf 80' lang='lat' dir='ltr'><strong>arrogantiae</strong></span> <span class='ocrx_word' id='word_1_149' title='bbox 1260 2180 1290 2233; x_wconf 90' lang='lat' dir='ltr'><strong>et</strong></span> <span class='ocrx_word' id='word_1_150' title='bbox 1308 2173 1464 2248; x_wconf 88' lang='lat' dir='ltr'><strong>superbiae</strong></span> 
     </span>
    </p>
   </div>
   <div class='ocr_carea' id='block_1_5' title="bbox 129 2277 1463 2355">
    <p class='ocr_par' dir='ltr' id='par_1_6' title="bbox 129 2277 1463 2355">
     <span class='ocr_line' id='line_1_19' title="bbox 129 2277 1463 2355; baseline -0.004 -14"><span class='ocrx_word' id='word_1_151' title='bbox 129 2303 135 2317; x_wconf 93' lang='lat'>·</span> <span class='ocrx_word' id='word_1_152' title='bbox 249 2284 312 2355; x_wconf 83' lang='lat' dir='ltr'><strong>ejus</strong></span> <span class='ocrx_word' id='word_1_153' title='bbox 343 2281 542 2340; x_wconf 87' lang='lat' dir='ltr'><strong>connivebaut.</strong></span> <span class='ocrx_word' id='word_1_154' title='bbox 599 2279 736 2339; x_wconf 80' lang='lat' dir='ltr'><strong>Ceterum</strong></span> <span class='ocrx_word' id='word_1_155' title='bbox 768 2281 813 2339; x_wconf 90' lang='lat' dir='ltr'><strong>his</strong></span> <span class='ocrx_word' id='word_1_156' title='bbox 846 2281 925 2338; x_wconf 83' lang='lat' dir='ltr'><strong>vitiis</strong></span> <span class='ocrx_word' id='word_1_157' title='bbox 958 2281 1005 2337; x_wconf 85' lang='lat' dir='ltr'><strong>vix</strong></span> <span class='ocrx_word' id='word_1_158' title='bbox 1042 2280 1116 2337; x_wconf 90' lang='lat' dir='ltr'><strong>alius</strong></span> <span class='ocrx_word' id='word_1_159' title='bbox 1148 2279 1312 2338; x_wconf 90' lang='lat' dir='ltr'><strong>mortalium</strong></span> <span class='ocrx_word' id='word_1_160' title='bbox 1346 2277 1463 2336; x_wconf 81' lang='lat' dir='ltr'><strong>facilius</strong></span> 
     </span>
    </p>
   </div>
   <div class='ocr_carea' id='block_1_6' title="bbox 243 2383 1463 4128">
    <p class='ocr_par' dir='ltr' id='par_1_7' title="bbox 243 2383 1463 4128">
     <span class='ocr_line' id='line_1_20' title="bbox 247 2383 1463 2459; baseline -0.003 -15"><span class='ocrx_word' id='word_1_161' title='bbox 247 2402 333 2459; x_wconf 89' lang='lat' dir='ltr'><strong>quam</strong></span> <span class='ocrx_word' id='word_1_162' title='bbox 355 2385 436 2458; x_wconf 87' lang='lat' dir='ltr'><strong>Papa</strong></span> <span class='ocrx_word' id='word_1_163' title='bbox 458 2385 546 2442; x_wconf 87' lang='lat' dir='ltr'><strong>etiam</strong></span> <span class='ocrx_word' id='word_1_164' title='bbox 569 2385 676 2442; x_wconf 86' lang='lat' dir='ltr'><strong>invitus</strong></span> <span class='ocrx_word' id='word_1_165' title='bbox 698 2383 843 2442; x_wconf 88' lang='lat' dir='ltr'><strong>imbuitur.</strong></span> <span class='ocrx_word' id='word_1_166' title='bbox 889 2383 1005 2442; x_wconf 85' lang='lat' dir='ltr'><strong>Etenim</strong></span> <span class='ocrx_word' id='word_1_167' title='bbox 1029 2384 1120 2442; x_wconf 88' lang='lat' dir='ltr'><strong>bonor</strong></span> <span class='ocrx_word' id='word_1_168' title='bbox 1139 2385 1167 2442; x_wconf 90' lang='lat' dir='ltr'><strong>ei</strong></span> <span class='ocrx_word' id='word_1_169' title='bbox 1189 2383 1339 2457; x_wconf 88' lang='lat' dir='ltr'><strong>praebitus</strong></span> <span class='ocrx_word' id='word_1_170' title='bbox 1357 2399 1463 2456; x_wconf 90' lang='lat' dir='ltr'><strong>perpe-</strong></span> 
     </span>
     <span class='ocr_line' id='line_1_21' title="bbox 248 2487 1462 2574; baseline -0.002 -28"><span class='ocrx_word' id='word_1_171' title='bbox 248 2495 299 2548; x_wconf 90' lang='lat' dir='ltr'><strong>tua</strong></span> <span class='ocrx_word' id='word_1_172' title='bbox 319 2488 447 2574; x_wconf 83' lang='lat' dir='ltr'><strong>adulatio</strong></span> <span class='ocrx_word' id='word_1_173' title='bbox 469 2493 521 2546; x_wconf 90' lang='lat' dir='ltr'><strong>est.</strong></span> <span class='ocrx_word' id='word_1_174' title='bbox 566 2487 654 2558; x_wconf 77' lang='lat' dir='ltr'><strong>Quasi</strong></span> <span class='ocrx_word' id='word_1_175' title='bbox 675 2487 790 2546; x_wconf 86' lang='lat' dir='ltr'><strong>fastidio</strong></span> <span class='ocrx_word' id='word_1_176' title='bbox 812 2488 959 2546; x_wconf 91' lang='lat' dir='ltr'><strong>hominum</strong></span> <span class='ocrx_word' id='word_1_177' title='bbox 980 2494 1011 2547; x_wconf 89' lang='lat' dir='ltr'><strong>et</strong></span> <span class='ocrx_word' id='word_1_178' title='bbox 1032 2488 1155 2562; x_wconf 90' lang='lat' dir='ltr'><strong>quodam</strong></span> <span class='ocrx_word' id='word_1_179' title='bbox 1177 2487 1361 2562; x_wconf 86' lang='lat' dir='ltr'><strong>aequalitatis</strong></span> <span class='ocrx_word' id='word_1_180' title='bbox 1383 2493 1462 2544; x_wconf 88' lang='lat' dir='ltr'><strong>metu</strong></span> 
     </span>
     <span class='ocr_line' id='line_1_22' title="bbox 248 2591 1463 2665; baseline -0.002 -15"><span class='ocrx_word' id='word_1_181' title='bbox 248 2609 331 2650; x_wconf 89' lang='lat' dir='ltr'><strong>usum</strong></span> <span class='ocrx_word' id='word_1_182' title='bbox 363 2591 468 2664; x_wconf 89' lang='lat' dir='ltr'><strong>pedum</strong></span> <span class='ocrx_word' id='word_1_183' title='bbox 497 2592 628 2650; x_wconf 90' lang='lat' dir='ltr'><strong>amisisse</strong></span> <span class='ocrx_word' id='word_1_184' title='bbox 658 2591 787 2665; x_wconf 79' lang='lat' dir='ltr'><strong>videtur3</strong></span> <span class='ocrx_word' id='word_1_185' title='bbox 815 2592 942 2650; x_wconf 90' lang='lat' dir='ltr'><strong>humeris</strong></span> <span class='ocrx_word' id='word_1_186' title='bbox 972 2593 1189 2665; x_wconf 89' lang='lat' dir='ltr'><strong>cervicibusque</strong></span> <span class='ocrx_word' id='word_1_187' title='bbox 1212 2609 1359 2652; x_wconf 88' lang='lat' dir='ltr'><strong>servornm</strong></span> <span class='ocrx_word' id='word_1_188' title='bbox 1374 2608 1463 2664; x_wconf 90' lang='lat' dir='ltr'><strong>super</strong></span> 
     </span>
     <span class='ocr_line' id='line_1_23' title="bbox 248 2691 1462 2776; baseline -0.002 -21"><span class='ocrx_word' id='word_1_189' title='bbox 248 2713 299 2755; x_wconf 89' lang='lat' dir='ltr'><strong>ora</strong></span> <span class='ocrx_word' id='word_1_190' title='bbox 329 2697 407 2770; x_wconf 88' lang='lat' dir='ltr'><strong>vulgi</strong></span> <span class='ocrx_word' id='word_1_191' title='bbox 430 2694 571 2754; x_wconf 84' lang='lat' dir='ltr'><strong>vehitur.¹</strong></span> <span class='ocrx_word' id='word_1_192' title='bbox 616 2695 746 2755; x_wconf 90' lang='lat' dir='ltr'><strong>Postulat</strong></span> <span class='ocrx_word' id='word_1_193' title='bbox 773 2698 921 2770; x_wconf 90' lang='lat' dir='ltr'><strong>hucusque</strong></span> <span class='ocrx_word' id='word_1_194' title='bbox 947 2714 1012 2755; x_wconf 90' lang='lat' dir='ltr'><strong>eum</strong></span> <span class='ocrx_word' id='word_1_195' title='bbox 1036 2695 1178 2771; x_wconf 81' lang='lat' dir='ltr'><strong>Gregorio</strong></span> <span class='ocrx_word' id='word_1_196' title='bbox 1201 2697 1264 2755; x_wconf 87' lang='lat' dir='ltr'>VII.</span> <span class='ocrx_word' id='word_1_197' title='bbox 1287 2691 1371 2776; x_wconf 83' lang='lat' dir='ltr'><strong>(beet</strong></span> <span class='ocrx_word' id='word_1_198' title='bbox 1388 2697 1462 2768; x_wconf 90' lang='lat' dir='ltr'><strong>jam·</strong></span> 
     </span>
     <span class='ocr_line' id='line_1_24' title="bbox 248 2795 1461 2881; baseline -0.001 -23"><span class='ocrx_word' id='word_1_199' title='bbox 248 2800 355 2859; x_wconf 91' lang='lat' dir='ltr'><strong>dudum</strong></span> <span class='ocrx_word' id='word_1_200' title='bbox 375 2817 433 2859; x_wconf 91' lang='lat' dir='ltr'><strong>non</strong></span> <span class='ocrx_word' id='word_1_201' title='bbox 460 2800 582 2873; x_wconf 85' lang='lat' dir='ltr'><strong>amplius</strong></span> <span class='ocrx_word' id='word_1_202' title='bbox 610 2816 628 2858; x_wconf 90' lang='lat' dir='ltr'><strong>a</strong></span> <span class='ocrx_word' id='word_1_203' title='bbox 655 2795 785 2881; x_wconf 86' lang='lat' dir='ltr'><strong>regibus)</strong></span> <span class='ocrx_word' id='word_1_204' title='bbox 813 2801 920 2874; x_wconf 91' lang='lat' dir='ltr'><strong>pedum</strong></span> <span class='ocrx_word' id='word_1_205' title='bbox 949 2801 1078 2860; x_wconf 90' lang='lat' dir='ltr'><strong>osculum</strong></span> <span class='ocrx_word' id='word_1_206' title='bbox 1105 2802 1165 2861; x_wconf 87' lang='lat' dir='ltr'><strong>sive</strong></span> <span class='ocrx_word' id='word_1_207' title='bbox 1188 2801 1396 2875; x_wconf 88' lang='lat' dir='ltr'><strong>podolatn&#39;am,</strong></span> <span class='ocrx_word' id='word_1_208' title='bbox 1426 2817 1461 2858; x_wconf 85' lang='lat' dir='ltr'><strong>ex</strong></span> 
     </span>
     <span class='ocr_line' id='line_1_25' title="bbox 247 2905 1460 2979; baseline -0.001 -17"><span class='ocrx_word' id='word_1_209' title='bbox 247 2906 360 2964; x_wconf 91' lang='lat' dir='ltr'><strong>oriente</strong></span> <span class='ocrx_word' id='word_1_210' title='bbox 392 2906 551 2978; x_wconf 80' lang='lat' dir='ltr'><strong>invectam,</strong></span> <span class='ocrx_word' id='word_1_211' title='bbox 578 2921 664 2976; x_wconf 91' lang='lat' dir='ltr'><strong>quam</strong></span> <span class='ocrx_word' id='word_1_212' title='bbox 693 2922 751 2964; x_wconf 94' lang='lat' dir='ltr'><strong>nou</strong></span> <span class='ocrx_word' id='word_1_213' title='bbox 781 2905 922 2965; x_wconf 87' lang='lat' dir='ltr'><strong>Caesares</strong></span> <span class='ocrx_word' id='word_1_214' title='bbox 950 2905 988 2964; x_wconf 90' lang='lat' dir='ltr'><strong>ad</strong></span> <span class='ocrx_word' id='word_1_215' title='bbox 1025 2905 1154 2965; x_wconf 90' lang='lat' dir='ltr'><strong>Tiberim</strong></span> <span class='ocrx_word' id='word_1_216' title='bbox 1179 2907 1373 2979; x_wconf 85' lang='lat' dir='ltr'><strong>imperantes,</strong></span> <span class='ocrx_word' id='word_1_217' title='bbox 1403 2921 1460 2962; x_wconf 92' lang='lat' dir='ltr'><strong>non</strong></span> 
     </span>
     <span class='ocr_line' id='line_1_26' title="bbox 247 3007 1460 3084; baseline 0 -18"><span class='ocrx_word' id='word_1_218' title='bbox 247 3009 435 3068; x_wconf 87' lang='lat' dir='ltr'><strong>Patriarcbae</strong></span> <span class='ocrx_word' id='word_1_219' title='bbox 467 3007 776 3082; x_wconf 85' lang='lat' dir='ltr'><strong>Constantinopolitani</strong></span> <span class='ocrx_word' id='word_1_220' title='bbox 803 3010 865 3068; x_wconf 85' lang='lat' dir='ltr'><strong>sibi·</strong></span> <span class='ocrx_word' id='word_1_221' title='bbox 890 3009 954 3068; x_wconf 91' lang='lat' dir='ltr'><strong>dari</strong></span> <span class='ocrx_word' id='word_1_222' title='bbox 981 3011 1147 3084; x_wconf 88' lang='lat' dir='ltr'><strong>voluerant,</strong></span> <span class='ocrx_word' id='word_1_223' title='bbox 1180 3027 1256 3068; x_wconf 94' lang='lat' dir='ltr'><strong>nuuc</strong></span> <span class='ocrx_word' id='word_1_224' title='bbox 1283 3011 1314 3068; x_wconf 92' lang='lat' dir='ltr'><strong>in</strong></span> <span class='ocrx_word' id='word_1_225' title='bbox 1341 3009 1460 3081; x_wconf 86' lang='lat' dir='ltr'><strong>Europa</strong></span> 
     </span>
     <span class='ocr_line' id='line_1_27' title="bbox 245 3113 1460 3188; baseline 0 -16"><span class='ocrx_word' id='word_1_226' title='bbox 245 3115 379 3173; x_wconf 90' lang='lat' dir='ltr'><strong>similiter</strong></span> <span class='ocrx_word' id='word_1_227' title='bbox 408 3121 494 3187; x_wconf 90' lang='lat' dir='ltr'><strong>atque</strong></span> <span class='ocrx_word' id='word_1_228' title='bbox 523 3115 572 3173; x_wconf 92' lang='lat' dir='ltr'><strong>ille</strong></span> <span class='ocrx_word' id='word_1_229' title='bbox 603 3130 676 3172; x_wconf 90' lang='lat' dir='ltr'><strong>uuus</strong></span> <span class='ocrx_word' id='word_1_230' title='bbox 709 3115 791 3188; x_wconf 87' lang='lat' dir='ltr'><strong>quasi</strong></span> <span class='ocrx_word' id='word_1_231' title='bbox 817 3114 929 3188; x_wconf 81' lang='lat' dir='ltr'><strong>collega</strong></span> <span class='ocrx_word' id='word_1_232' title='bbox 957 3113 1169 3174; x_wconf 90' lang='lat' dir='ltr'><strong>Muhammedis</strong></span> <span class='ocrx_word' id='word_1_233' title='bbox 1201 3113 1316 3172; x_wconf 84' lang='lat' dir='ltr'><strong>Obaliia</strong></span> <span class='ocrx_word' id='word_1_234' title='bbox 1345 3113 1460 3185; x_wconf 87' lang='lat' dir='ltr'><strong>accipit.</strong></span> 
     </span>
     <span class='ocr_line' id='line_1_28' title="bbox 246 3217 1460 3294; baseline -0.003 -17"><span class='ocrx_word' id='word_1_235' title='bbox 246 3218 367 3279; x_wconf 89' lang='lat' dir='ltr'><strong>Sanctus</strong></span> <span class='ocrx_word' id='word_1_236' title='bbox 395 3225 481 3293; x_wconf 88' lang='lat' dir='ltr'><strong>pater</strong></span> <span class='ocrx_word' id='word_1_237' title='bbox 511 3225 642 3294; x_wconf 89' lang='lat' dir='ltr'><strong>vocatur,</strong></span> <span class='ocrx_word' id='word_1_238' title='bbox 667 3236 723 3293; x_wconf 90' lang='lat' dir='ltr'><strong>quo</strong></span> <span class='ocrx_word' id='word_1_239' title='bbox 753 3221 869 3279; x_wconf 90' lang='lat' dir='ltr'><strong>nomine</strong></span> <span class='ocrx_word' id='word_1_240' title='bbox 897 3218 1029 3278; x_wconf 85' lang='lat' dir='ltr'><strong>Christus</strong></span> <span class='ocrx_word' id='word_1_241' title='bbox 1057 3220 1088 3276; x_wconf 94' lang='lat' dir='ltr'><strong>iu</strong></span> <span class='ocrx_word' id='word_1_242' title='bbox 1116 3217 1343 3278; x_wconf 84' lang='lat' dir='ltr'><strong>sacerdotalibus</strong></span> <span class='ocrx_word' id='word_1_243' title='bbox 1365 3218 1460 3290; x_wconf 88' lang='lat' dir='ltr'><strong>preci-</strong></span> 
     </span>
     <span class='ocr_line' id='line_1_29' title="bbox 245 3319 1460 3398; baseline -0.001 -18"><span class='ocrx_word' id='word_1_244' title='bbox 245 3324 299 3380; x_wconf 91' lang='lat' dir='ltr'><strong>bus</strong></span> <span class='ocrx_word' id='word_1_245' title='bbox 316 3323 416 3382; x_wconf 78' lang='lat' dir='ltr'><strong>Deum</strong></span> <span class='ocrx_word' id='word_1_246' title='bbox 437 3325 578 3382; x_wconf 89' lang='lat' dir='ltr'><strong>allocutus</strong></span> <span class='ocrx_word' id='word_1_247' title='bbox 601 3331 658 3398; x_wconf 87' lang='lat' dir='ltr'><strong>ost,</strong></span> <span class='ocrx_word' id='word_1_248' title='bbox 687 3325 763 3396; x_wconf 91' lang='lat' dir='ltr'><strong>quod</strong></span> <span class='ocrx_word' id='word_1_249' title='bbox 785 3326 810 3382; x_wconf 91' lang='lat' dir='ltr'><strong>si</strong></span> <span class='ocrx_word' id='word_1_250' title='bbox 831 3325 892 3398; x_wconf 91' lang='lat' dir='ltr'><strong>ille,</strong></span> <span class='ocrx_word' id='word_1_251' title='bbox 913 3329 945 3382; x_wconf 92' lang='lat' dir='ltr'><strong>ut</strong></span> <span class='ocrx_word' id='word_1_252' title='bbox 967 3328 999 3382; x_wconf 88' lang='lat' dir='ltr'><strong>ct</strong></span> <span class='ocrx_word' id='word_1_253' title='bbox 1019 3324 1078 3382; x_wconf 91' lang='lat' dir='ltr'><strong>alia</strong></span> <span class='ocrx_word' id='word_1_254' title='bbox 1096 3322 1214 3382; x_wconf 88' lang='lat' dir='ltr'><strong>Domini</strong></span> <span class='ocrx_word' id='word_1_255' title='bbox 1234 3323 1336 3396; x_wconf 88' lang='lat' dir='ltr'><strong>verba,</strong></span> <span class='ocrx_word' id='word_1_256' title='bbox 1369 3319 1460 3395; x_wconf 89' lang='lat' dir='ltr'><strong>probe</strong></span> 
     </span>
     <span class='ocr_line' id='line_1_30' title="bbox 244 3423 1459 3500; baseline -0.002 -16"><span class='ocrx_word' id='word_1_257' title='bbox 244 3426 458 3499; x_wconf 89' lang='lat' dir='ltr'><strong>recordaretur,</strong></span> <span class='ocrx_word' id='word_1_258' title='bbox 491 3429 554 3500; x_wconf 89' lang='lat' dir='ltr'><strong>ipsa</strong></span> <span class='ocrx_word' id='word_1_259' title='bbox 584 3428 719 3487; x_wconf 85' lang='lat' dir='ltr'><strong>horreret</strong></span> <span class='ocrx_word' id='word_1_260' title='bbox 740 3429 836 3486; x_wconf 90' lang='lat' dir='ltr'><strong>auimo</strong></span> <span class='ocrx_word' id='word_1_261' title='bbox 860 3427 1002 3500; x_wconf 88' lang='lat' dir='ltr'><strong>ejusmodi</strong></span> <span class='ocrx_word' id='word_1_262' title='bbox 1027 3423 1169 3487; x_wconf 68' lang='lat' dir='ltr'><strong>titulum.²</strong></span> <span class='ocrx_word' id='word_1_263' title='bbox 1213 3427 1327 3486; x_wconf 88' lang='lat' dir='ltr'><strong>Talium</strong></span> <span class='ocrx_word' id='word_1_264' title='bbox 1349 3442 1459 3484; x_wconf 88' lang='lat' dir='ltr'><strong>moram</strong></span> 
     </span>
     <span class='ocr_line' id='line_1_31' title="bbox 245 3530 1459 3606; baseline -0.002 -18"><span class='ocrx_word' id='word_1_265' title='bbox 245 3531 455 3602; x_wconf 88' lang='lat' dir='ltr'><strong>multorumque</strong></span> <span class='ocrx_word' id='word_1_266' title='bbox 477 3531 627 3604; x_wconf 89' lang='lat' dir='ltr'><strong>similium,</strong></span> <span class='ocrx_word' id='word_1_267' title='bbox 650 3533 700 3604; x_wconf 92' lang='lat' dir='ltr'><strong>qui</strong></span> <span class='ocrx_word' id='word_1_268' title='bbox 714 3531 923 3590; x_wconf 88' lang='lat' dir='ltr'><strong>consuetudine</strong></span> <span class='ocrx_word' id='word_1_269' title='bbox 945 3533 1115 3606; x_wconf 88' lang='lat' dir='ltr'><strong>tolerantur,</strong></span> <span class='ocrx_word' id='word_1_270' title='bbox 1136 3531 1283 3591; x_wconf 89' lang='lat' dir='ltr'><strong>illecebris</strong></span> <span class='ocrx_word' id='word_1_271' title='bbox 1297 3530 1459 3605; x_wconf 85' lang='lat' dir='ltr'><strong>probissimi</strong></span> 
     </span>
     <span class='ocr_line' id='line_1_32' title="bbox 244 3635 1459 3721; baseline -0.001 -29"><span class='ocrx_word' id='word_1_272' title='bbox 244 3641 276 3692; x_wconf 89' lang='lat' dir='ltr'><strong>et</strong></span> <span class='ocrx_word' id='word_1_273' title='bbox 295 3635 443 3692; x_wconf 86' lang='lat' dir='ltr'><strong>fortissimi</strong></span> <span class='ocrx_word' id='word_1_274' title='bbox 471 3635 526 3692; x_wconf 87' lang='lat' dir='ltr'><strong>riri</strong></span> <span class='ocrx_word' id='word_1_275' title='bbox 553 3636 600 3692; x_wconf 84' lang='lat' dir='ltr'><strong>vix</strong></span> <span class='ocrx_word' id='word_1_276' title='bbox 627 3635 811 3710; x_wconf 84' lang='lat' dir='ltr'><strong>restiterunt,</strong></span> <span class='ocrx_word' id='word_1_277' title='bbox 836 3635 947 3721; x_wconf 85' lang='lat' dir='ltr'><strong>¹nedum</strong></span> <span class='ocrx_word' id='word_1_278' title='bbox 968 3637 1051 3710; x_wconf 91' lang='lat' dir='ltr'><strong>Pius,</strong></span> <span class='ocrx_word' id='word_1_279' title='bbox 1081 3639 1161 3710; x_wconf 90' lang='lat' dir='ltr'><strong>cujus</strong></span> <span class='ocrx_word' id='word_1_280' title='bbox 1189 3637 1305 3696; x_wconf 77' lang='lat' dir='ltr'><strong>paduae</strong></span> <span class='ocrx_word' id='word_1_281' title='bbox 1337 3636 1459 3694; x_wconf 83' lang='lat' dir='ltr'><strong>virtutos</strong></span> 
     </span>
     <span class='ocr_line' id='line_1_33' title="bbox 244 3739 1460 3815; baseline 0.002 -18"><span class='ocrx_word' id='word_1_282' title='bbox 244 3756 309 3798; x_wconf 87' lang='lat' dir='ltr'><strong>oum</strong></span> <span class='ocrx_word' id='word_1_283' title='bbox 343 3739 477 3798; x_wconf 86' lang='lat' dir='ltr'><strong>muliebri</strong></span> <span class='ocrx_word' id='word_1_284' title='bbox 510 3739 635 3812; x_wconf 92' lang='lat' dir='ltr'><strong>quadam</strong></span> <span class='ocrx_word' id='word_1_285' title='bbox 667 3741 756 3799; x_wconf 80' lang='lat' dir='ltr'><strong>anind</strong></span> <span class='ocrx_word' id='word_1_286' title='bbox 783 3741 904 3800; x_wconf 89' lang='lat' dir='ltr'><strong>mollitie</strong></span> <span class='ocrx_word' id='word_1_287' title='bbox 925 3747 956 3801; x_wconf 87' lang='lat' dir='ltr'><strong>et</strong></span> <span class='ocrx_word' id='word_1_288' title='bbox 982 3743 1144 3815; x_wconf 88' lang='lat' dir='ltr'><strong>pertinacia</strong></span> <span class='ocrx_word' id='word_1_289' title='bbox 1165 3744 1336 3815; x_wconf 87' lang='lat' dir='ltr'><strong>conjunctae</strong></span> <span class='ocrx_word' id='word_1_290' title='bbox 1367 3747 1460 3799; x_wconf 81' lang='lat' dir='ltr'><strong>erant.</strong></span> 
     </span>
     <span class='ocr_line' id='line_1_34' title="bbox 243 3843 1460 3920; baseline -0.002 -17"><span class='ocrx_word' id='word_1_291' title='bbox 243 3846 344 3918; x_wconf 86' lang='lat' dir='ltr'><strong>Itaque</strong></span> <span class='ocrx_word' id='word_1_292' title='bbox 367 3845 537 3918; x_wconf 89' lang='lat' dir='ltr'><strong>promissam</strong></span> <span class='ocrx_word' id='word_1_293' title='bbox 558 3843 612 3902; x_wconf 91' lang='lat' dir='ltr'><strong>sibi</strong></span> <span class='ocrx_word' id='word_1_294' title='bbox 636 3859 654 3901; x_wconf 93' lang='lat' dir='ltr'><strong>a</strong></span> <span class='ocrx_word' id='word_1_295' title='bbox 676 3844 797 3904; x_wconf 82' lang='lat' dir='ltr'><strong>lesaitis</strong></span> <span class='ocrx_word' id='word_1_296' title='bbox 819 3845 948 3919; x_wconf 91' lang='lat' dir='ltr'><strong>,bonoria</strong></span> <span class='ocrx_word' id='word_1_297' title='bbox 970 3844 1225 3920; x_wconf 70' lang='lat' dir='ltr'><strong>singularitatem:</strong></span> <span class='ocrx_word' id='word_1_298' title='bbox 1249 3861 1354 3903; x_wconf 87' lang='lat' dir='ltr'><strong>novum</strong></span> <span class='ocrx_word' id='word_1_299' title='bbox 1376 3845 1460 3902; x_wconf 89' lang='lat' dir='ltr'><strong>nimi-</strong></span> 
     </span>
     <span class='ocr_line' id='line_1_35' title="bbox 243 3947 1460 4024; baseline -0.002 -16"><span class='ocrx_word' id='word_1_300' title='bbox 243 3967 305 4008; x_wconf 90' lang='lat' dir='ltr'><strong>rum</strong></span> <span class='ocrx_word' id='word_1_301' title='bbox 347 3947 564 4008; x_wconf 83' lang='lat' dir='ltr'><strong>infallibilitatis</strong></span> <span class='ocrx_word' id='word_1_302' title='bbox 596 3948 714 4023; x_wconf 91' lang='lat' dir='ltr'><strong>dogma,</strong></span> <span class='ocrx_word' id='word_1_303' title='bbox 748 3956 781 4008; x_wconf 91' lang='lat' dir='ltr'><strong>ut</strong></span> <span class='ocrx_word' id='word_1_304' title='bbox 813 3952 967 4024; x_wconf 88' lang='lat' dir='ltr'><strong>personale</strong></span> <span class='ocrx_word' id='word_1_305' title='bbox 1009 3949 1181 4010; x_wconf 87' lang='lat' dir='ltr'><strong>beneficiam</strong></span> <span class='ocrx_word' id='word_1_306' title='bbox 1214 3949 1395 4008; x_wconf 83' lang='lat' dir='ltr'><strong>desideravit</strong></span> <span class='ocrx_word' id='word_1_307' title='bbox 1428 3955 1460 4007; x_wconf 92' lang='lat' dir='ltr'><strong>et</strong></span> 
     </span>
     <span class='ocr_line' id='line_1_36' title="bbox 243 4053 1459 4128; baseline -0.002 -16"><span class='ocrx_word' id='word_1_308' title='bbox 243 4055 395 4128; x_wconf 87' lang='lat' dir='ltr'><strong>expetivit,</strong></span> <span class='ocrx_word' id='word_1_309' title='bbox 425 4055 520 4112; x_wconf 92' lang='lat' dir='ltr'><strong>abiis</strong></span> <span class='ocrx_word' id='word_1_310' title='bbox 543 4069 632 4127; x_wconf 88' lang='lat' dir='ltr'><strong>vero,</strong></span> <span class='ocrx_word' id='word_1_311' title='bbox 665 4053 712 4125; x_wconf 89' lang='lat' dir='ltr'><strong>qni</strong></span> <span class='ocrx_word' id='word_1_312' title='bbox 736 4059 855 4127; x_wconf 89' lang='lat' dir='ltr'><strong>propter</strong></span> <span class='ocrx_word' id='word_1_313' title='bbox 877 4056 1028 4114; x_wconf 87' lang='lat' dir='ltr'><strong>scientiam</strong></span> <span class='ocrx_word' id='word_1_314' title='bbox 1051 4059 1083 4113; x_wconf 89' lang='lat' dir='ltr'><strong>st</strong></span> <span class='ocrx_word' id='word_1_315' title='bbox 1101 4055 1310 4113; x_wconf 90' lang='lat' dir='ltr'><strong>conscientiam</strong></span> <span class='ocrx_word' id='word_1_316' title='bbox 1331 4053 1459 4128; x_wconf 88' lang='lat' dir='ltr'><strong>dogmati</strong></span> 
     </span>
    </p>
   </div>
   <div class='ocr_carea' id='block_1_7' title="bbox 244 4379 1458 4520">
    <p class='ocr_par' dir='ltr' id='par_1_8' title="bbox 244 4379 1458 4520">
     <span class='ocr_line' id='line_1_37' title="bbox 244 4379 1458 4512; baseline 0.003 -83"><span class='ocrx_word' id='word_1_317' title='bbox 244 4463 259 4512; x_wconf 74' lang='lat' dir='ltr'>d</span> <span class='ocrx_word' id='word_1_318' title='bbox 332 4379 358 4444; x_wconf 87' lang='lat' dir='ltr'><strong>l)</strong></span> <span class='ocrx_word' id='word_1_319' title='bbox 382 4379 420 4430; x_wconf 80' lang='lat' dir='ltr'><strong>cf.</strong></span> <span class='ocrx_word' id='word_1_320' title='bbox 450 4380 530 4432; x_wconf 88' lang='lat' dir='ltr'><strong>Plinii</strong></span> <span class='ocrx_word' id='word_1_321' title='bbox 557 4381 733 4449; x_wconf 78' lang='lat' dir='ltr'><strong>Panegyricus</strong></span> <span class='ocrx_word' id='word_1_322' title='bbox 761 4401 781 4434; x_wconf 91' lang='lat' dir='ltr'><strong>c.</strong></span> <span class='ocrx_word' id='word_1_323' title='bbox 808 4387 857 4446; x_wconf 71' lang='lat'><strong>24,</strong></span> <span class='ocrx_word' id='word_1_324' title='bbox 885 4383 928 4435; x_wconf 89' lang='lat' dir='ltr'><strong>ubi</strong></span> <span class='ocrx_word' id='word_1_325' title='bbox 955 4381 1041 4436; x_wconf 86' lang='lat' dir='ltr'><strong>eadem</strong></span> <span class='ocrx_word' id='word_1_326' title='bbox 1070 4383 1101 4435; x_wconf 87' lang='lat' dir='ltr'><strong>da</strong></span> <span class='ocrx_word' id='word_1_327' title='bbox 1129 4384 1279 4438; x_wconf 79' lang='lat' dir='ltr'><strong>Caesaribus</strong></span> <span class='ocrx_word' id='word_1_328' title='bbox 1306 4383 1458 4451; x_wconf 85' lang='lat' dir='ltr'><strong>quibasdam</strong></span> 
     </span>
     <span class='ocr_line' id='line_1_38' title="bbox 261 4464 396 4520; baseline 0.037 -8"><span class='ocrx_word' id='word_1_329' title='bbox 261 4464 312 4512; x_wconf 84' lang='lat' dir='ltr'><strong>ictu</strong></span> <span class='ocrx_word' id='word_1_330' title='bbox 330 4473 396 4520; x_wconf 83' lang='lat' dir='ltr'><strong>suut.</strong></span> 
     </span>
    </p>
   </div>
   <div class='ocr_carea' id='block_1_8' title="bbox 332 4571 787 4640">
    <p class='ocr_par' dir='ltr' id='par_1_9' title="bbox 332 4571 787 4640">
     <span class='ocr_line' id='line_1_39' title="bbox 332 4571 787 4640; baseline 0.02 -22"><span class='ocrx_word' id='word_1_331' title='bbox 332 4571 359 4636; x_wconf 78' lang='lat'><strong>2)</strong></span> <span class='ocrx_word' id='word_1_332' title='bbox 376 4571 435 4626; x_wconf 85' lang='lat' dir='ltr'><strong>Job.</strong></span> <span class='ocrx_word' id='word_1_333' title='bbox 457 4577 498 4636; x_wconf 79' lang='lat' dir='ltr'><strong>lt,</strong></span> <span class='ocrx_word' id='word_1_334' title='bbox 522 4579 566 4634; x_wconf 89' lang='lat'><strong>11;</strong></span> <span class='ocrx_word' id='word_1_335' title='bbox 584 4575 675 4628; x_wconf 87' lang='lat' dir='ltr'><strong>Matth.</strong></span> <span class='ocrx_word' id='word_1_336' title='bbox 696 4583 744 4640; x_wconf 78' lang='lat'><strong>23,</strong></span> <span class='ocrx_word' id='word_1_337' title='bbox 764 4581 787 4626; x_wconf 87' lang='grc'><strong>9.</strong></span> 
     </span>
    </p>
   </div>
   <div class='ocr_carea' id='block_1_9' title="bbox 0 0 1606 5058">
    <p class='ocr_par' dir='ltr' id='par_1_10' title="bbox 0 0 1606 5058">
     <span class='ocr_line' id='line_1_40' title="bbox 0 0 1606 5058; baseline 0 4"><span class='ocrx_word' id='word_1_338' title='bbox 0 0 1606 5058; x_wconf 95' lang='lat' dir='ltr'><strong> </strong></span> 
     </span>
    </p>
   </div>
  </div>
 </body>
</html>
