3194 5042
658 299 747 355 Carus
764 295 811 352 VI.
1300 301 1349 355 177

121 504 341 581 Westphahcae
372 521 446 563 esse.
497 503 572 562 lnde
599 503 698 562 nescio
726 520 784 579 quo
815 501 929 561 somnio
961 501 1102 578 deceptus
1132 521 1240 563 novum
1272 509 1352 563 creat

120 629 271 672 sacrorum
303 611 533 684 emendatorem,
566 610 765 684 ,Munstemm
796 609 828 667 in
860 607 1070 686 Westphalia‘,
1107 628 1233 688 eumque
1264 610 1352 670 valde

119 737 271 795 magnum,
290 719 406 779 scilicet
423 737 493 778 cum
512 717 712 778 Camlcstadio
730 717 870 792 majorem
889 715 1124 792 Melanchthone,
1143 722 1245 795 utpote
1263 737 1352 796 quem

119 827 200 886 inter
226 826 305 886 viros
333 845 372 886 ex
399 843 476 903 equo
503 825 560 885 isto
584 824 708 901 ijano
736 823 923 901 prosilientes
950 825 1102 885 nominare
1124 843 1184 885 non
1206 825 1351 902 dignetur.

118 933 188 992 Non
215 934 338 1008 mirum,
371 933 449 1010 quod
476 933 529 1010 qui
556 931 627 991 talia
655 936 804 1008 praestare
831 931 937 1005 valuit,
969 932 1006 992 de
1034 931 1180 992 similibus
1208 934 1296 993 rebus
1323 939 1353 994 ct

118 1041 192 1100 alibi
225 1041 318 1100 simili
344 1041 467 1100 levitate
493 1045 524 1099 et
549 1039 669 1098 inscitia
697 1039 818 1114 judicet.
869 1039 967 1098 Pauca
993 1039 1042 1099 hic
1068 1041 1195 1116 adjicere
1222 1045 1267 1100 sat
1298 1047 1351 1100 est.

120 1149 265 1208 Concedit
287 1148 422 1226 quidem,
449 1147 560 1206 multos
583 1147 677 1206 tuisse
703 1147 814 1206 abusus
837 1147 869 1204 in
896 1146 1033 1222 ecclesia,
1061 1148 1113 1207 sed
1136 1153 1237 1207 contra
1259 1149 1352 1206 mani-

120 1257 285 1316 festissima
312 1255 453 1315 historiae
480 1255 668 1329 documenta,
695 1271 772 1332 quac
798 1254 933 1330 ignorare
955 1273 1015 1314 non
1041 1255 1150 1332 potuit,
1178 1260 1278 1316 contra
1300 1273 1352 1314 no-

119 1363 238 1422 tissima
255 1363 389 1440 ipsorum
407 1363 602 1440 posteriorum
625 1361 809 1438 quomndam
828 1361 1005 1421 Pontificum
1023 1367 1053 1421 et
1071 1363 1226 1422 meliorum
1247 1362 1353 1423 Curiae

120 1470 268 1530 sodalium
288 1470 456 1530 testimonia
479 1468 566 1548 (quae
588 1469 735 1546 inpriore
758 1469 848 1546 hujus
867 1470 1120 1529 commentationis
1142 1476 1225 1548 parte
1243 1488 1352 1530 memo-

119 1579 263 1656 ravimus)
282 1577 423 1655 perfn'ctc
440 1595 490 1637 ore
509 1577 671 1652 contendit,
690 1577 801 1636 abusus
820 1575 888 1636 illos
906 1595 954 1652 cc,
977 1595 1036 1655 quo
1054 1567 1204 1638 Lutherus
1223 1579 1353 1638 annexit

119 1690 267 1762 tempore,
295 1685 344 1744 vel
368 1685 430 1762 jam
458 1685 589 1744 sublatos
617 1683 666 1743 vel
692 1685 724 1742 in
751 1685 828 1744 diem
856 1684 952 1762 magis
979 1673 1106 1744 diminui
1132 1691 1250 1764 coeptos
1278 1703 1351 1760 esse,

120 1811 214 1871 quare
232 1811 282 1852 eos
300 1797 468 1870 praetextos
491 1797 606 1851 tantiam
624 1809 691 1852 esse
711 1811 729 1851 a
747 1792 894 1869 perversis
917 1793 1100 1869 hominibus,
1124 1799 1171 1868 ,ut
1188 1793 1352 1854 libertatem

120 1900 220 1960 camis
244 1900 458 1977 proclamarent
485 1904 515 1958 et
541 1918 647 1960 novam
676 1905 786 1959 sectam
808 1899 996 1959 conderent¹
1040 1899 1088 1958 Ex
1115 1901 1261 1978 corruptis
1289 1901 1352 1960 suis

120 2008 254 2067 fontibus
277 2008 314 2067 dc
333 2007 462 2067 Luthero
484 2007 686 2084 ineptissimas
709 2007 852 2084 quasdam
874 2012 988 2066 veteres
1011 2008 1127 2068 fabulas
1150 2013 1180 2068 et
1202 2007 1353 2067 mendacia

120 2115 230 2175 iterum
249 2115 419 2192 depromere
437 2133 497 2174 non
515 2115 641 2189 dubitat,
665 2133 740 2192 quae
761 2115 793 2172 in
812 2114 968 2174 Germania
987 2115 1075 2173 etiam
1093 2116 1250 2174 acerrimos
1269 2115 1352 2175 illius

119 2223 317 2297 adversarios,
351 2222 376 2282 si
404 2223 479 2282 forte
510 2221 727 2282 sordidissimos
760 2223 904 2299 quosdam
934 2222 1079 2299 excipias,
1112 2227 1245 2300 repetere
1272 2241 1353 2284 nunc

120 2330 223 2408 pudet.
269 2330 387 2390 Etenim
410 2331 573 2408 projectum
596 2348 665 2388 eum
685 2330 779 2388 luisse
802 2329 834 2388 in
852 2347 969 2389 omnem
991 2329 1146 2389 libidinem
1170 2335 1200 2390 et
1222 2331 1352 2408 primum

121 2443 236 2514 ,ortum
259 2455 347 2497 sumn
370 2438 509 2498 habuisse
532 2437 805 2514 protestantismum
823 2455 862 2496 ex
880 2437 1076 2498 aemulatione
1099 2439 1214 2515 privata
1231 2439 1352 2514 culinis,

120 2546 172 2605 cui
198 2545 348 2604 Lutherus
376 2563 483 2604 nomen
510 2545 653 2619 dedisset,
681 2544 819 2622 quoniam
842 2545 923 2622 Papa
949 2545 1151 2622 indulgentias
1178 2547 1353 2624 dispensan-

120 2654 176 2712 das
200 2652 415 2726 Dominicanis,
442 2671 502 2712 non
525 2652 753 2729 Augustinianis
775 2653 991 2713 ccucessisset‘
1039 2651 1113 2714 Odio
1135 2654 1225 2720 nimis
1254 2673 1353 2715 occae-

120 2768 211 2822 cutim
229 2765 275 2820 est
292 2760 433 2835 Perrcne,
457 2778 546 2838 quam
564 2765 599 2819 ut
616 2761 774 2821 nobiliores
792 2761 898 2838 agendi
918 2779 1022 2822 causas
1041 2762 1073 2821 in
1091 2761 1143 2822 illo
1162 2763 1353 2840 comprehen-

120 2867 193 2927 dere
215 2867 310 2944 possit
332 2871 362 2927 et
384 2885 489 2944 parum
507 2868 661 2928 christiani
684 2869 776 2928 animi
794 2888 884 2948 quam
906 2875 941 2928 ut
962 2869 1010 2930 vel
1032 2870 1163 2929 officinm
1184 2871 1354 2930 recordetur

121 2975 187 3034 veri
209 2975 298 3035 etiam
321 2975 358 3034 dc
380 2975 556 3034 adversariis
579 2975 704 3034 dicendi.

229 3082 298 3142 Non
320 3083 441 3142 deerant
466 3087 567 3142 nostra
589 3083 729 3142 memoria
752 3082 897 3160 ejusmodi
920 3083 1075 3142 christiani
1102 3083 1194 3141 animi
1217 3083 1352 3142 homines

122 3189 265 3250 ecclesiae
283 3190 438 3250 Romanae.
485 3188 542 3264 Qui
561 3190 638 3250 inter
655 3190 813 3262 acerrimos
831 3190 896 3266 ejus
919 3194 1152 3266 pmpugnatores
1171 3195 1351 3264 numeratur,

121 3297 271 3375 losephus
295 3297 432 3372 Goerres,
460 3297 536 3356 dixit
558 3297 719 3376 quondam:
753 3295 876 3372 ,Omnes
902 3297 933 3355 in
956 3297 1090 3374 patribus
1117 3297 1226 3356 nostris
1249 3315 1351 3374 pecca-

122 3405 235 3479 vimus,
262 3409 293 3464 et
314 3422 369 3464 nos
392 3409 422 3464 et
444 3404 503 3482 illi;
532 3405 618 3481 cujus
640 3404 683 3464 rei
711 3421 761 3464 eos
788 3403 911 3462 minime
938 3403 1023 3464 decet
1045 3403 1192 3478 oblivisci,
1220 3404 1272 3481 qui
1297 3403 1351 3464 Dei

122 3512 201 3572 tilios
225 3530 257 3572 se
279 3529 345 3572 esse
367 3515 494 3589 putant‘
540 3511 756 3588 Spectatissimi
775 3510 947 3572 Germaniae
970 3510 1113 3588 episcopi,
1137 3511 1243 3588 Sallen,
1267 3511 1351 3572 Wes-

123 3621 262 3696 senberg,
291 3619 495 3697 Diepenbrock
517 3637 585 3678 cum
613 3619 672 3697 piis
695 3617 929 3679 Protestantibus
952 3619 1114 3678 christiana
1139 3618 1352 3679 consuetudine

123 3733 154 3788 et
176 3727 305 3787 amicitia
327 3727 477 3804 conjuncti
500 3731 596 3804 erant;
625 3727 703 3804 quod
726 3727 895 3804 ubicunque
917 3727 963 3802 fit,
991 3726 1080 3786 etiam
1103 3726 1134 3785 in
1157 3725 1351 3786 reformatori-

123 3836 180 3895 bus
202 3835 317 3913 aliquid
340 3835 471 3894 sincerae
493 3834 612 3912 pietatis
635 3834 729 3894 fuisse
751 3833 928 3894 conceditur.
975 3833 1086 3893 Eodem
1108 3833 1206 3892 animo
1231 3833 1263 3892 in
1286 3833 1351 3910 ipso

124 3943 268 4002 Vaticano
287 3941 419 4002 Concilio
441 3960 520 4001 unus
543 3941 648 4002 saltem
672 3943 829 4019 episcopus
851 3941 970 4019 publice
991 3939 1074 4018 loqui
1097 3957 1188 4000 ausus
1211 3945 1268 4015 est,
1292 3957 1351 3999 non

124 4051 232 4110 timens
260 4050 398 4110 furientis
425 4049 624 4110 multitudinis
657 4050 821 4127 strepitum.
871 4047 969 4122 Quum
996 4048 1076 4108 enim
1103 4047 1201 4124 Papae
1232 4047 1351 4107 nomine

123 4158 309 4236 propositum
335 4161 415 4218 essct
441 4157 610 4233 decernere,
638 4157 719 4216 varia
746 4156 932 4234 ,opinionum
959 4157 1115 4230 monstra‘,
1147 4154 1350 4230 mythismum,

123 4265 370 4342 rationalismum,
389 4265 680 4342 indifferentismum,
703 4264 943 4340 naturalismum,
966 4262 1199 4342 pantheismum,
1217 4261 1351 4321 materia·

233 4514 259 4582 1)
278 4513 321 4569 Sic
336 4511 453 4568 Perrone
470 4511 589 4582 loquitur
607 4513 635 4566 et
651 4512 685 4566 ad
703 4510 802 4582 vulgus
816 4509 885 4566 Italo
903 4523 1038 4564 sermons:
1060 4507 1229 4564 catechismo
1247 4507 1351 4562 intomc

124 4601 150 4657 al
169 4600 389 4658 Protcstantismo
403 4605 453 4656 etc.
485 4601 584 4656 Milano
605 4601 673 4656 1855
697 4619 722 4671 p.
740 4601 780 4656 10.

171 4709 380 4754 Schlcttmanui
397 4709 499 4752 &samm
512 4709 624 4752 redivivus
637 4707 665 4751 11.
1158 4705 1191 4760 12
