3202 5036
267 319 301 374 70
746 315 849 365 Pana-rs
867 315 979 364 Parcere

263 536 416 608 juventute
453 536 483 590 et
515 531 600 605 plebe
636 530 743 603 optime
783 527 916 600 meritos,
950 531 983 585 nt
1019 525 1277 600 perniciosissimos
1306 523 1493 597 haereticos,
1577 497 1578 576 ]

267 638 353 696 immo
377 637 530 694 universae
551 633 700 706 religionis
723 631 904 705 desertores,
926 629 1033 689 additis
1055 629 1132 688 band
1153 645 1221 687 raro
1243 628 1307 686 aliis
1327 627 1493 687 horrendis
1577 623 1578 704 j

268 739 439 813 mendaciis,
468 739 626 812 depingere
655 742 685 795 et
710 735 857 794 criminari
884 733 1048 794 studebant.
1101 732 1181 804 Quae
1212 733 1378 807 mendacia,
1411 731 1493 828 licet

268 845 384 918 saepius
411 859 507 902 coram
534 842 633 915 jndice
661 837 809 913 detects,¹
841 843 950 912 quanto
977 838 1091 898 facilius
1119 854 1182 896 cnm
1214 836 1291 911 apud
1317 837 1491 910 imperitam

269 947 495 1020 multitudinem,
536 951 597 1004 tum
629 944 707 1018 apud
745 943 869 1003 feminas
903 943 1085 1002 confessione
1118 942 1274 1001 auriculari
1305 941 1491 1014 gubernatas
1577 945 1578 988 l

267 1054 467 1126 invaluerunt,
492 1067 527 1109 eo
551 1049 643 1122 magis
666 1049 791 1107 civitatis
811 1048 974 1107 rectoribus
992 1046 1146 1106 videndum
1167 1051 1295 1119 eratne
1315 1044 1490 1119 respublica
1577 1115 1578 1132 χ

268 1155 473 1216 detrimentum
492 1157 624 1228 caperet,
647 1152 820 1226 praesertim
843 1169 931 1224 quam
948 1152 998 1210 alii
1018 1156 1239 1225 praeceptores,
1261 1165 1378 1208 saevum
1400 1149 1490 1207 iana·

269 1259 347 1319 tismi
369 1259 507 1331 impetum
529 1257 576 1316 vel
598 1257 712 1316 sineere
734 1256 782 1315 vel
802 1256 900 1330 specie
922 1259 1081 1329 sequentes
1104 1259 1133 1313 et
1156 1255 1188 1312 in
1209 1253 1327 1328 Papae,
1349 1260 1383 1312 ut
1402 1253 1488 1325 regis
1577 1265 1578 1308 ι

268 1379 371 1437 regum
404 1367 434 1421 et
467 1362 575 1420 domini
601 1362 797 1434 dominorum,
831 1377 950 1420 caecum
979 1360 1128 1418 servitium
1156 1364 1288 1432 ruentes,
1321 1357 1486 1418 Jesoiticae

270 1466 419 1526 doctrinae
446 1467 564 1524 moralis
595 1482 707 1525 veneno
730 1467 913 1538 jnventntem
943 1464 1168 1532 adolescentem
1183 1460 1352 1537 inficerent,
1387 1463 1488 1536 legum
1577 1499 1578 1550 ἦ

270 1569 397 1630 civilium
424 1569 628 1628 anctoritatem
655 1569 845 1642 subruerent,
874 1569 989 1642 imperii
1011 1567 1182 1626 theocratici
1205 1567 1379 1626 exercitibus
1402 1566 1487 1640 quasi
1577 1553 1578 1566 ¹

270 1672 347 1732 vlam
377 1671 530 1732 munirent.
581 1672 671 1730 Irmno
705 1673 838 1744 quoniam
873 1687 988 1745 semper
1016 1671 1109 1730 adbuc
1137 1687 1236 1730 verum
1265 1686 1329 1728 esse
1361 1675 1486 1742 constat,
1577 1701 1578 1752 ι

271 1774 347 1850 quod
370 1775 499 1835 Graecus
521 1775 572 1834 ille
594 1775 680 1850 dixit,
703 1776 849 1834 civitatem
872 1775 935 1834 sine
955 1775 1098 1849 religione
1120 1775 1195 1833 sieut
1216 1774 1317 1833 urbem
1338 1775 1370 1832 in
1393 1789 1486 1833 arena
1577 1753 1578 1822 ἶ

274 1879 420 1939 conditam
440 1885 518 1938 stare
537 1879 717 1938 nullomodo
738 1895 836 1954 posse,
859 1880 1052 1953 magistratus,
1071 1885 1210 1952 qnantum
1224 1879 1339 1952 quidem
1359 1879 1391 1937 in
1405 1880 1483 1952 ipso·
1577 1873 1578 1932 l

271 1997 335 2042 rum
353 1988 499 2057 potestate
522 1989 600 2056 erat,
621 1999 725 2042 cavere
748 1981 908 2057 debebant,
930 1999 968 2042 ne
991 1984 1151 2042 animorum
1173 1989 1282 2057 motus,
1313 1987 1383 2040 tunc
1407 1981 1485 2056 apnd
1577 1975 1578 1990 ³

270 2088 429 2161 permultos
450 2087 528 2146 inter
547 2103 666 2162 magnos
688 2093 850 2160 temporum
873 2091 995 2146 eventus
1021 2086 1059 2145 ad
1081 2087 1224 2145 sinceram
1246 2087 1386 2160 pietatem
1409 2086 1484 2144 obri·
1577 2093 1578 2100 ’

271 2191 394 2250 stianam
420 2207 560 2266 vergens,
586 2197 722 2266 eonupta
747 2192 825 2250 inter
850 2189 1012 2249 Catholicos
1035 2191 1194 2249 alesuitis
1212 2191 1276 2262 ipsa
1298 2191 1485 2262 conscientia,

271 2299 503 2368 corrumperetur
527 2300 558 2353 et
584 2295 709 2372 proinde
738 2294 814 2366 apud
840 2294 946 2352 multos
975 2294 1006 2352 in
1028 2294 1120 2352 omnis
1144 2295 1294 2367 religionis
1316 2293 1483 2367 despectum
1577 2291 1578 2296 ’

270 2403 441 2458 verteretur.
487 2397 569 2468 Quod
591 2414 629 2456 ne
651 2397 750 2470 fieret,
773 2397 887 2472 civitas,
910 2397 960 2455 obi
978 2397 1110 2471 singulae
1128 2413 1233 2457 causae
1256 2397 1294 2457 ad
1316 2400 1378 2472 cJ'ns
1392 2397 1486 2456 tribn-

271 2502 350 2560 nalla
373 2500 549 2574 ferebantur,
577 2503 656 2573 justa
678 2499 884 2572 dijndicatione
910 2517 1078 2560 succurrere
1102 2503 1180 2561 sanis
1202 2503 1344 2562 ecclesiae
1366 2501 1485 2576 viribus,
1577 2497 1578 2544 ἓ

271 2605 409 2662 resistere
439 2605 548 2663 insanis
571 2608 696 2677 poterat.
741 2603 798 2664 Sed
825 2609 858 2662 ut
887 2609 950 2662 tota
979 2621 1027 2664 res
1050 2605 1209 2664 seeundum
1234 2607 1386 2665 vamtatem
1414 2603 1486 2663 diri·
1577 2667 1578 2680 ,

271 2686 400 2766 meretur
430 2712 461 2765 et
499 2708 536 2766 ad
567 2706 691 2767 iaustnm
722 2709 833 2766 exitum
864 2708 1082 2783 perduceretur,
1117 2710 1276 2769 certamine
1309 2727 1368 2768 non
1400 2725 1483 2768 mere

271 2809 379 2869 forensi
407 2810 459 2869 sed
484 2811 642 2884 spirituali,
667 2827 762 2884 neque
788 2811 927 2870 doctrinis
958 2812 1108 2872 dumtaxat
1135 2815 1281 2886 humanis,
1316 2813 1368 2873 sed
1394 2814 1485 2873 etiam
1577 2801 1578 2804 '

222 2907 226 2916 “
272 2914 336 2987 ipsa
358 2914 500 2986 religione
523 2930 595 2987 opns
618 2919 691 2973 erat.
726 2914 821 2986 Quare
843 2917 1007 2974 evocandae
1030 2921 1124 2991 erant,
1147 2917 1244 2976 atilli
1264 2917 1416 2976 certamini
1437 2917 1484 2974 in·
1577 2985 1578 2998 χ

271 3021 430 3090 teressent,
453 3022 513 3074 tum
536 3017 684 3076 doctrinae
699 3017 987 3078 interProtestantee
1001 3021 1142 3093 excultae,
1164 3021 1329 3095 historicae,
1352 3019 1484 3092 criticae,
1577 2999 1578 3006 ἵ

269 3120 498 3194 philosophicae,
527 3121 725 3196 theologicae,
753 3127 813 3180 tom
840 3123 904 3196 ipsa
927 3123 1051 3182 ecelesia
1078 3124 1255 3196 evangelica.
1300 3123 1383 3198 Hanc
1404 3123 1485 3181 eninr

269 3223 372 3298 fugere
398 3240 456 3283 non
483 3223 595 3299 debuit,
624 3225 794 3285 Jesaiticam
824 3231 938 3301 partem
963 3227 994 3284 in
1016 3225 1157 3286 Vaticano
1185 3227 1348 3300 victricem,
1381 3229 1484 3285 vetere

270 3325 408 3384 adversm
428 3343 460 3384 se
480 3328 545 3386 odio
566 3329 702 3388 infernali
725 3331 881 3403 agitatam,
904 3330 929 3388 si
949 3337 1062 3404 posset,
1089 3331 1194 3390 iterum
1217 3330 1297 3404 dolo,
1320 3331 1363 3404 vi,
1386 3329 1483 3388 caedi-

270 3428 323 3485 bus
351 3429 500 3486 interitnm
528 3429 582 3487 sibi
612 3431 775 3489 molituram
803 3447 883 3502 esse;
911 3449 975 3492 cnm
1007 3434 1069 3492 sola
1096 3434 1191 3494 altera
1216 3439 1301 3508 parte
1332 3433 1483 3507 catholiea,

269 3545 322 3603 pro
347 3535 478 3604 tempore
504 3513 652 3606 repressa,
679 3548 781 3605 paoem
808 3532 969 3593 fraternam
992 3535 1055 3594 dari
1078 3543 1109 3596 et
1130 3553 1212 3612 spem
1234 3516 1371 3611 plenioris
1393 3552 1482 3610 quon·
1577 3575 1578 3578 κ

270 3632 336 3693 dam
362 3632 476 3692 futurae
507 3635 687 3694 concordiae.
732 3635 801 3695 Sine
830 3637 886 3694 bac
908 3653 978 3697 vero
1001 3639 1212 3700 contessionum
1233 3657 1308 3714 quae
1332 3639 1407 3715 apud
1428 3655 1481 3699 nos

269 3737 375 3796 dicitur
397 3752 471 3811 pace
499 3755 604 3797 novum
628 3740 781 3811 imperium
803 3738 1005 3800 Germanicum
1033 3745 1149 3804 interna
1171 3745 1296 3804 sanitate
1322 3751 1352 3803 et
1374 3743 1482 3803 seomi-

268 3847 330 3900 tate
352 3857 467 3916 carere,
497 3843 584 3901 immo
603 3848 682 3902 stare
707 3841 757 3901 din
779 3844 851 3903 illud
873 3847 920 3905 vix
942 3863 1041 3922 posse,
1065 3849 1242 3923 sagacissimi
1264 3849 1369 3923 quique
1392 3847 1481 3920 magi-

269 3951 375 4004 stratus
402 3947 493 4005 nostri
521 3949 628 4020 optime
655 3957 859 4020 cognoverunt.
915 3951 995 4024 Quae
1031 3953 1128 4012 omnia
1161 3953 1320 4027 respiciens
1345 3953 1376 4009 in
1406 3967 1480 4009 com·

268 4049 445 4108 mentatione
476 4067 542 4109 mea
578 4067 665 4126 supra
692 4053 770 4112 dicta
803 4055 895 4118 tribua
928 4055 1075 4118 mensibus
1111 4063 1177 4130 post
1199 4054 1356 4114 definitam
1382 4055 1478 4129 Papae

267 4146 505 4214 infallibilitatem
528 4154 599 4214 baec
621 4156 711 4216 verba
730 4159 850 4234 scripsi,
880 4177 954 4233 quae
976 4160 1054 4220 inira
1074 4165 1211 4236 repetere
1234 4173 1478 4234 supervacaneum

267 4267 325 4309 non
347 4249 439 4310 duco:
1109 4248 1114 4257 ’

269 4449 360 4455 -.....--
370 4446 519 4455 -ο--ι

363 4583 389 4649 1)
409 4583 447 4635 Gi.
465 4599 552 4635 reeens
572 4588 714 4652 exemplam
730 4586 771 4636 in:
795 4586 934 4636 monachor
952 4587 1053 4639 Mereor
1074 4597 1138 4642 1881
1159 4609 1184 4656 p.
1199 4599 1239 4644 21.
