3134 5054
632 301 725 352 Garun
741 301 790 353 XI.
932 253 935 264 Ι
1261 301 1313 358 267

96 517 214 589 puritas
248 521 334 589 atque
364 516 527 590 elegantia,
568 531 653 589 quam
686 515 850 576 verecunda
876 517 1033 590 regiaeque
1063 532 1179 590 prorsus
1209 517 1314 576 indolis

96 619 269 678 111111111εὲι
314 621 395 678 Η111
409 618 504 680 facilis
519 625 606 693 atque
622 619 692 678 felix
714 618 867 678 uerborum
889 618 1092 696 conformatio,
1115 637 1151 679 ex
1173 621 1313 694 singulari

97 723 283 798 inveniendi,
313 723 487 798 meditandi,
520 723 692 797 disponendi
715 725 866 783 celeritate
888 725 1076 798 proveniens,
1103 725 1224 784 multum
1246 741 1314 800 pro·

98 827 180 886 fecto
201 828 238 886 iis
259 828 362 898 rebus,
385 843 505 899 quarum
530 831 772 900 propugnatorem
783 827 992 886 Melanchthou
1014 844 1045 886 se
1062 829 1172 902 gessit,
1190 834 1222 888 et
1236 829 1315 903 apud

99 932 238 1004 aequales
262 936 292 990 et
314 931 391 1004 apud
413 935 544 1004 posteros
566 929 683 1004 proluit
728 931 795 1004 lpse
820 929 937 1004 quidem
956 949 1010 1005 pro
1034 932 1177 992 modestia
1197 949 1251 991 sua
1276 932 1315 992 ad

98 1033 254 1093 Erasmum
284 1035 424 1094 orationis
448 1033 628 1109 perfectione
656 1039 744 1107 atque
762 1036 857 1094 nitore
881 1034 1031 1107 adspirare
1055 1037 1158 1096 noluit.
1203 1036 1315 1110 Neque,

99 1137 179 1210 quod
206 1137 244 1196 ad
273 1139 463 1198 humanarum
491 1138 710 1212 divinarumque
741 1139 905 1198 litterarum
927 1139 1023 1197 studia
1045 1139 1187 1214 pertinet,
1220 1139 1315 1198 incre·

100 1241 221 1301 dibilem
250 1258 343 1315 paene
373 1243 451 1301 illius
481 1247 541 1300 tum
563 1244 593 1300 iu
615 1241 793 1302 lucubranda
816 1241 980 1302 ubertatem
1002 1242 1231 1316 industriamque
1253 1249 1315 1302 tum

99 1347 133 1404 in
167 1345 269 1405 critica
298 1363 396 1406 rerum
429 1346 629 1419 disquisitione
662 1346 851 1421 sagacitatem
885 1351 971 1420 atque
1004 1345 1156 1406 audaciam
1189 1362 1315 1420 unquam

101 1455 253 1508 assecutus
281 1456 335 1510 est
391 1449 527 1509 Habebat
556 1454 653 1509 tamen
688 1455 719 1510 et
751 1451 832 1524 ipse,
866 1449 969 1523 quihus
1002 1451 1083 1508 illum
1116 1451 1316 1510 antecelleret.

101 1551 186 1624 Quod
207 1553 244 1613 de
266 1554 354 1612 rebus
376 1553 414 1612 ad
436 1553 609 1628 theologiam
632 1555 830 1627 spectantibus
851 1552 943 1612 fusius
965 1554 1164 1614 demonstrare
1194 1569 1315 1614 necesse

100 1674 162 1716 non
191 1662 244 1718 est.
293 1657 457 1717 Memorare
491 1657 538 1715 hic
571 1656 678 1716 sufficit
708 1659 801 1732 ‚locos
835 1658 1035 1732 theologicoa‘,
1069 1657 1172 1732 quibus
1204 1659 1315 1733 primus
1421 1691 1432 1712 .

102 1760 309 1820 Melanchthon
337 1766 427 1820 totam
455 1761 627 1820 emendatae
657 1762 806 1836 religionis
839 1761 1004 1835 dogmatum
1037 1763 1142 1821 seriem
1174 1761 1252 1820 inter
1284 1778 1316 1821 se

103 1881 299 1924 connexorum
322 1864 460 1924 exhibere
482 1865 599 1924 studuit.
659 1865 742 1936 Quod
771 1882 807 1926 eo
833 1871 964 1940 tempore
991 1867 1069 1925 solus
1090 1867 1141 1924 ille
1163 1871 1315 1939 praestare

102 1974 227 2042 poterat
287 1969 383 2041 Quare
405 1968 481 2028 hunc
502 1970 608 2029 librum
630 1985 689 2028 non
710 1970 803 2028 miuus
826 1968 905 2044 fere,
933 1987 1018 2044 quam
1041 1970 1199 2043 Lutherus,
1227 1968 1316 2028 Erae

102 2089 169 2132 mus
191 2073 348 2132 admiratus
371 2079 423 2136 est.
469 2073 647 2147 Quamquam
667 2074 806 2132 nonnulla
830 2075 861 2132 in
884 2061 918 2134 eo
933 2072 1077 2148 improbat
1093 2067 1182 2153 (quae
1198 2071 1315 2146 quidem

102 2179 199 2251 ipsum
215 2182 365 2238 auctorem
379 2177 536 2239 senioribus
552 2178 725 2238 editionibus
748 2179 908 2262 correxisse
931 2171 1075 2258 constat),
1097 2179 1128 2236 in
1150 2177 1315 2236 universum

102 2287 203 2340 tamen
219 2281 398 2354 spiritualem
413 2298 497 2355 quem
520 2281 636 2342 dicebat
658 2281 903 2340 christianismum
925 2281 1043 2355 egregie
1066 2281 1126 2340 illic
1149 2296 1316 2354 expressum

102 2385 223 2458 reperit
268 2384 331 2443 Hoc
353 2386 533 2446 sanctissimo
554 2387 687 2444 sincerae
709 2385 779 2444 fidei
799 2385 914 2444 vinculo
931 2385 1070 2444 Erasmus
1093 2385 1182 2444 etiam
1203 2389 1315 2457 postea,

103 2490 131 2547 si
157 2505 249 2563 parva
274 2489 459 2563 gliscentium
485 2490 679 2564 suspicionum
701 2494 835 2562 tempora
857 2490 1031 2564 excipimus,
1064 2505 1154 2562 usque
1178 2487 1215 2546 ad
1236 2487 1315 2546 vitae

102 2591 190 2651 finem
223 2609 338 2667 semper
371 2594 540 2667 conjunctus
572 2609 638 2652 cum
672 2592 897 2652 Melanchthone
927 2591 1073 2654 manebat.
1126 2591 1251 2665 Propter
1271 2594 1316 2650 tot

102 2698 314 2758 controversiae
341 2697 518 2774 theologicas
549 2703 580 2756 et
607 2697 818 2758 ecclesiasticas
841 2713 899 2756 nou
929 2703 1058 2771 tantum,
1091 2700 1231 2770 quantum
1251 2695 1315 2770 ipse

102 2799 247 2874 quondam
274 2807 438 2876 sperasset,
468 2802 498 2860 in
520 2802 746 2875 elegantioribus
767 2802 874 2861 litteris
897 2801 979 2861 illum
1000 2801 1180 2874 praestitisse
1200 2799 1316 2874 saepius

102 2904 276 2976 deploravit
332 2905 395 2964 Nec
435 2921 505 2964 uero
540 2920 615 2979 quae
657 2906 804 2979 praestitit
841 2905 1053 2966 contemnenda
1088 2919 1153 2964 esse
1185 2901 1316 2977 putabat.

101 3007 221 3066 Revera
240 3007 447 3068 Melanchthon
474 3009 641 3081 eloquentia
661 3007 768 3068 Latina
795 3015 825 3068 et
853 3009 984 3069 lectionis
1012 3007 1143 3068 Graecae
1173 3006 1316 3066 varietate

102 3112 258 3171 Erasmum
285 3129 343 3172 non
371 3112 522 3187 aequavit,
553 3113 605 3172 sed
635 3110 665 3170 in
695 3113 876 3172 aestimando
903 3119 934 3172 et
964 3109 1155 3172 discernendo
1185 3114 1316 3168 veterum

101 3217 278 3290 scriptorum
304 3216 399 3289 pretio
429 3233 530 3275 sanum
558 3215 701 3290 quoddam
724 3221 754 3275 et
774 3217 903 3276 nativum
921 3217 1060 3290 judicium
1084 3213 1226 3286 exhibuit,
1259 3227 1316 3285 quo

101 3321 186 3380 illum
212 3320 367 3394 superavit
410 3319 562 3395 Erasmus,
596 3321 681 3380 sicuti
704 3319 836 3380 Graecae
863 3321 1005 3380 ecclesiae
1024 3318 1127 3378 Patres
1158 3315 1314 3390 praecipue

101 3425 282 3498 suspiciebat
299 3429 386 3498 atque
405 3425 535 3498 colebat,
557 3424 601 3484 ita
621 3425 732 3484 abillis
749 3423 894 3499 profectus
913 3429 1077 3485 ceteromm
1096 3437 1210 3496 quoque
1225 3419 1315 3494 scrip-

101 3535 200 3588 torum
221 3527 398 3588 Graecorum
419 3529 456 3587 iis
478 3529 602 3588 maxime
625 3530 739 3604 gauisus
760 3545 824 3589 esse
847 3529 975 3604 videtur,
997 3529 1047 3602 qui
1070 3543 1142 3587 aevo
1168 3530 1198 3585 et
1218 3524 1317 3585 indole

100 3633 222 3708 propius
243 3633 281 3692 ad
302 3633 368 3692 illos
396 3639 588 3694 accesserant.
648 3632 713 3692 Non
741 3639 854 3694 tantum
876 3633 1063 3693 Plutarchum
1094 3638 1125 3691 et
1146 3629 1316 3703 Luciannm,

102 3737 158 3797 sed
181 3739 268 3798 etiam
289 3737 455 3814 Libanium,
483 3739 564 3812 cujas
585 3738 723 3798 nonnulla
745 3739 853 3812 scripta
875 3738 966 3798 latine
989 3737 1090 3810 vertit,
1113 3751 1204 3808 aequo
1223 3732 1316 3807 pluris

102 3841 240 3902 faciebat.
284 3842 492 3902 Melanchthon
522 3843 636 3901 saniore
659 3847 690 3900 et
710 3841 890 3916 robustiore,
924 3847 956 3899 ut
977 3842 1020 3899 ita
1042 3839 1151 3911 dicam,
1183 3833 1316 3910 primari-

102 3963 186 4006 orum
219 3945 340 4006 fontium
371 3951 456 4022 gustu
488 3944 637 4019 praeditus
671 3949 743 4004 erat.
802 3943 911 4018 Quare,
944 3943 1015 4002 licet
1047 3941 1166 4000 Latinos
1197 3937 1315 3996 minime

102 4056 270 4124 sperneret,
294 4057 391 4111 tamen
414 4055 552 4124 quantum
574 4047 710 4123 Virgilius
730 4048 767 4107 ab
790 4047 932 4120 Homero,
956 4045 1060 4104 Cicero
1082 4059 1100 4104 a
1119 4039 1316 4101 Demosthene

103 4154 241 4230 distaret,
277 4170 312 4214 ex
337 4155 454 4230 propria
479 4154 650 4225 sinceraque
677 4152 722 4210 sui
746 4151 856 4224 ingenii
881 4149 1111 4210 consideratione
1139 4151 1226 4220 atque
1248 4159 1316 4204 con·

103 4259 294 4332 templatione
331 4259 510 4319 recentiores
550 4257 655 4317 docuit
715 4253 851 4330 Pindari,
888 4271 976 4328 quem
1013 4251 1133 4328 egregia
1169 4248 1316 4310 latinitate

103 4363 237 4438 donarit,
258 4363 372 4422 unicam
395 4369 426 4423 et
447 4361 704 4437 incomparabilem
726 4358 955 4435 magnitudinem
976 4359 1039 4432 ipse
1061 4357 1169 4431 primns
1192 4352 1316 4414 fortasse

102 4469 185 4528 inter
211 4467 404 4542 humenistas,
436 4467 570 4527 similiter
598 4471 686 4541 atque
716 4471 819 4541 postea
853 4464 993 4525 Goethins
1021 4460 1154 4536 juvenis,
1187 4473 1246 4517 non
1279 4473 1317 4516 ex

102 4571 221 4632 Horatii
251 4573 358 4649 elogio,
401 4571 455 4631 sed
488 4586 540 4632 suo
566 4570 644 4632 illius
677 4571 835 4632 carminum
868 4583 954 4630 sensu
985 4571 1127 4642 gustuque
1159 4560 1315 4638 perspexit
