3144 5092
648 303 736 358 Cnrur
754 304 787 357 V.
1297 311 1328 362 71

1224 402 1331 410 -α

78 507 290 584 impudenter
312 505 431 566 mentiri
453 507 658 584 promissaque
681 525 788 584 parum
811 508 926 568 siccem
949 508 1018 568 dare
1036 527 1105 568 cum
1123 509 1263 586 plurimis
1282 511 1330 572 sui

79 615 243 692 temporis
275 615 365 691 Papis
397 633 433 674 ac
463 613 654 691 Principibus
686 614 766 674 haud
797 615 885 676 facile
917 615 1103 677 dubitaverit.
1159 617 1217 678 Pro
1250 624 1330 679 certo

83 723 257 798 habemus,
286 740 353 782 eum
377 726 407 782 et
431 722 507 782 serio
530 721 631 782 nisum
654 739 732 797 esse,
763 727 796 781 ut
819 723 1068 798 Protestantibus,
1097 728 1243 802 quatenus
1263 727 1331 803 jure

85 831 246 908 quaedam
272 829 423 907 postulare
450 829 509 907 ipsi
531 829 714 904 viderentur,
745 830 929 891 satisfaceret
956 835 986 891 ct
1008 831 1057 892 his
1080 833 1243 908 concessis,
1270 834 1330 894 nisi

85 937 239 998 Pontifici
262 943 292 997 et
314 937 463 1014 episcopis
487 955 519 997 se
542 937 735 1013 subjicerent,
757 956 906 998 armorum
928 938 959 998 vi
977 957 1083 1016 cogare
1101 939 1170 1000 illos
1189 941 1246 1000 sibi
1264 959 1330 1018 pro

87 1045 245 1122 posuisse.
296 1045 390 1122 quue
418 1063 487 1105 cum
513 1049 634 1122 propter
661 1045 765 1105 civiles
792 1045 921 1106 rationes
949 1047 1040 1107 officii
1068 1047 1115 1106 sui
1139 1065 1204 1108 esse
1227 1049 1330 1109 existi-

89 1153 207 1228 mavit,
230 1157 294 1212 tum
316 1157 437 1230 propter
458 1152 613 1229 religionis
636 1171 738 1212 curam
761 1153 905 1212 divinitus
930 1155 987 1214 sibi
1010 1155 1212 1230 commissam,
1242 1156 1329 1218 sicuti

91 1260 192 1319 etiam
220 1261 377 1338 postremis
405 1260 483 1320 vitae
510 1260 615 1320 diebus
642 1260 740 1320 Deum
767 1260 906 1321 invocare
933 1261 1039 1321 solitus
1068 1267 1114 1322 est
1140 1262 1188 1322 his
1215 1263 1328 1324 verbis:

91 1368 135 1426 In
165 1385 273 1427 manus
300 1371 367 1427 bras
394 1367 567 1427 commendo
594 1367 750 1428 ecclesiam
777 1373 866 1428 tuam.
914 1366 1011 1442 Quare
1037 1369 1115 1428 inter
1137 1387 1239 1430 omnes
1262 1389 1330 1431 con·

94 1475 259 1534 troversias
291 1475 328 1534 de
360 1474 503 1552 religione
535 1474 567 1533 in
595 1473 753 1535 Germania
784 1475 909 1552 agitatas
938 1476 1029 1536 simul
1056 1476 1226 1537 universam
1253 1496 1329 1538 rem-

95 1582 252 1658 publicam
279 1582 471 1642 christianam
499 1586 598 1642 mente
620 1583 858 1660 amplectebatur.
905 1583 999 1659 Cujus
1022 1583 1178 1644 vinculum
1205 1585 1238 1644 in
1260 1585 1330 1645 fidei

97 1694 130 1749 ct
164 1689 318 1750 sacerdotii
350 1690 465 1749 unitate
497 1689 626 1767 positum
654 1695 688 1750 ut
714 1691 825 1768 ubique
852 1691 1026 1751 inviolatum
1054 1695 1084 1752 et
1111 1697 1332 1755 sacrosanctum

98 1785 280 1872 servaretur,
312 1815 383 1874 prae
410 1798 517 1857 ceteris
543 1797 679 1858 Pontifici
707 1803 737 1858 et
765 1798 883 1858 Caesari
909 1817 963 1876 pro
991 1817 1045 1858 suo
1073 1799 1180 1878 cuique
1207 1819 1330 1861 munere

99 1905 319 1981 invigilandum
347 1923 413 1965 essc
439 1923 474 1965 ac
501 1905 527 1966 si
556 1923 631 1982 opus
658 1909 737 1966 esset
764 1906 852 1966 etiam
875 1905 936 1964 vim
959 1911 1112 1965 externam
1135 1907 1330 1967 adhibendam

99 2012 230 2088 censuit,
259 2012 314 2073 hac
341 2031 379 2072 ex
406 2018 490 2090 parte
517 2016 597 2072 totus
625 2013 716 2072 medii
744 2012 809 2072 aevi
836 2013 956 2090 ingenio
983 2013 1128 2088 imbutus,
1158 2014 1274 2074 sedita
1296 2019 1330 2074 ut

102 2119 278 2180 Caesaream
301 2124 475 2197 potestatem
498 2137 685 2197 nequaquam
707 2120 858 2196 pontificia
880 2120 1062 2194 inferiorem,
1091 2121 1181 2180 immo
1204 2139 1273 2180 vero
1297 2140 1330 2182 sa

101 2203 239 2302 adeam,
269 2232 413 2305 quantum
440 2227 502 2287 fieri
527 2231 628 2304 posset
650 2227 855 2304 corrigendam
877 2227 903 2286 si
927 2227 1024 2287 officio
1047 2227 1099 2286 illa
1121 2231 1250 2304 vacaret,
1279 2247 1329 2288 ve

102 2339 202 2408 catum
233 2353 299 2395 esse
330 2335 506 2412 opinaretur.
557 2333 760 2394 Nihilominus
792 2335 843 2394 nbi
876 2335 1058 2411 conjunctim
1091 2353 1160 2395 cum
1186 2335 1330 2397 Pontifice

102 2461 188 2518 agera
211 2441 353 2518 instituit,
377 2442 466 2503 etiam
488 2441 607 2501 allatam
626 2441 682 2502 sibi
701 2443 737 2502 ab
756 2460 790 2502 eo
808 2441 948 2520 injuriam
966 2442 1100 2503 oblivisci
1118 2447 1239 2520 paratus
1259 2448 1328 2505 erat.

208 2549 313 2628 Itaque
336 2549 472 2625 Carolus,
505 2567 598 2628 quum
624 2549 854 2610 Protestanh'um
883 2568 952 2627 ope,
985 2550 1037 2628 qui
1064 2550 1175 2628 patriae
1204 2551 1330 2612 salutem

105 2658 238 2734 propriae
266 2657 417 2718 securitati
444 2657 659 2734 praetulerant,
686 2658 725 2716 ad
752 2658 849 2734 majus
877 2675 966 2735 quam
994 2657 1047 2718 vix
1074 2663 1160 2718 antea
1182 2659 1331 2736 potentiae

105 2765 222 2824 culmen
248 2765 433 2842 pervenisset
459 2769 489 2824 et
516 2783 588 2842 pace
611 2783 679 2824 cum
702 2765 790 2824 victis
815 2764 909 2826 Callis
932 2765 1092 2844 minusque
1113 2765 1240 2842 gloriose
1262 2785 1331 2826 cum

106 2871 208 2932 rlnrois
231 2872 394 2949 composita
416 2876 496 2932 tobis
514 2872 551 2931 ad
570 2889 618 2932 res
636 2873 768 2932 intemas
788 2890 820 2932 se
838 2878 1008 2933 convertere
1026 2879 1139 2951 posset,
1163 2892 1234 2933 mox
1253 2874 1330 2949 illos,

107 2980 196 3039 futuri
225 2979 351 3040 Concilii
382 2978 559 3039 universalis
592 2979 718 3038 decretis
746 2979 960 3039 oboedientiam
987 2980 1158 3057 promittere
1185 2980 1330 3054 nolentes,

107 3087 251 3147 debellare
273 3087 414 3163 cogitavit
436 3091 466 3146 et
484 3087 521 3145 ad
540 3079 593 3161 id,¹
608 3085 735 3162 propriis
753 3085 867 3145 viribus
886 3087 1016 3162 diffisus,
1039 3086 1192 3146 Pontificis
1210 3092 1331 3164 argento

107 3195 252 3272 amnisque
278 3199 350 3254 tunc
378 3194 520 3272 temporis
543 3193 616 3253 satis
639 3192 731 3251 validi
753 3192 900 3251 auxilium
923 3192 1036 3270 petivit.
1081 3193 1152 3270 Egit
1174 3193 1211 3252 de
1234 3211 1269 3253 ea
1289 3211 1330 3268 re,

106 3302 295 3379 jurisjurandi
326 3302 462 3361 cantione
493 3301 531 3360 de
562 3300 681 3360 silentio
713 3299 857 3374 adhibita,
896 3319 965 3360 cnm
993 3300 1162 3360 Alexandro
1191 3300 1330 3360 Farnesio

111 3409 265 3484 Cmdinali‚
295 3427 384 3486 quem
411 3426 485 3468 arus
508 3408 589 3484 Papa
616 3407 653 3466 ad
681 3425 749 3466 eum
777 3406 905 3468 miserat
952 3407 1011 3468 Hic
1039 3408 1075 3467 de
1100 3407 1234 3468 Caesaris
1262 3427 1330 3468 con-

111 3517 171 3576 silio
193 3517 299 3576 certior
321 3517 418 3576 factus
440 3515 606 3592 respondit,
629 3514 667 3574 ad
689 3514 749 3574 tale
772 3533 848 3592 opus
872 3515 1048 3575 Pontificem
1070 3515 1117 3574 illi
1136 3533 1198 3575 non
1215 3521 1331 3576 tantum

112 3623 275 3683 cumomni
298 3627 431 3700 argento,
455 3622 507 3683 sed
530 3622 618 3682 etiam
642 3640 711 3682 oum
733 3623 852 3699 proprio
875 3641 967 3699 regno
992 3631 1049 3682 suc'
1064 3623 1127 3683 fore
1145 3621 1332 3700 adjutorem.¹

112 3729 188 3790 Tunc
216 3731 335 3790 demum
363 3731 441 3790 inter
467 3735 623 3807 utramque
645 3735 759 3807 partem
781 3730 819 3790 de
842 3729 973 3790 Concilio
997 3730 1130 3790 Tridenti
1152 3729 1331 3807 auspicando

112 3838 248 3898 convenit.
300 3837 385 3911 Quod
412 3857 472 3897 non
503 3837 588 3914 prius
614 3836 727 3896 Paulus
754 3837 938 3912 convocavit,
972 3856 1061 3915 quam
1088 3843 1118 3897 et
1145 3837 1331 3914 implacabile

113 3963 171 4005 esse
193 3945 326 4006 Caesaris
349 3963 384 4005 ac
406 3945 639 4004 Protestantium
664 3943 823 4006 discidium
845 3949 974 4021 putaret,
1003 3949 1033 4004 et
1060 3962 1097 4004 ne
1123 3945 1159 4004 ab
1187 3943 1240 4003 illo
1262 3963 1331 4004 cum

114 4052 218 4112 Calliae
236 4071 305 4130 rege
324 4053 482 4129 conjuncto
500 4051 536 4110 ad
555 4051 776 4112 convocandum
794 4051 870 4110 illud
888 4055 1042 4127 cogeretur
1059 4051 1226 4111 timendum
1243 4056 1330 4111 esset.

114 4161 214 4221 Eodem
245 4165 378 4238 tempore
409 4160 479 4234 diri,
512 4159 550 4219 de
581 4159 690 4237 quibus
723 4175 813 4236 supra
844 4158 989 4234 diximus,
1020 4157 1118 4219 nuntii
1150 4157 1283 4218 caedium
1314 4177 1332 4217 a

115 4267 266 4329 Pontificiis
289 4272 389 4346 proter
411 4267 585 4344 religionem
608 4269 841 4344 perpetratarum
864 4265 901 4325 ad
921 4266 1082 4327 Germanos
1100 4265 1232 4344 undique
1250 4265 1332 4325 allati

116 4379 183 4434 sunt.
234 4374 382 4453 Sequente
414 4392 491 4434 anno
522 4373 635 4433 bellum
667 4372 896 4434 Smalealdicum
927 4391 1067 4434 exorsum
1098 4377 1156 4449 est,
1189 4372 1227 4432 ad
1254 4372 1332 4451 quod

212 4603 238 4673 1)
258 4601 401 4660 cancella
419 4602 491 4674 apud
510 4601 602 4656 Ranke
620 4599 638 4656 l.
658 4618 680 4656 c.
699 4601 739 4657 IV
758 4601 818 4655 274.
855 4601 953 4658 Ptbsts
971 4600 986 4656 I
1005 4601 1065 4658 165.
