3134 5054
227 283 282 336 326
385 345 390 356 ⁸
696 279 799 346 Pennis
818 279 934 329 Paronrs

226 498 438 570 fundamentis,
457 513 541 569 quem
565 511 650 568 quum
672 497 737 568 ipsc
755 495 828 553 falso
852 497 914 567 ejus
938 499 1087 568 suspectus
1108 500 1202 566 esset,
1235 491 1354 552 vincere
1374 509 1455 567 prae

226 604 290 660 aliis
313 602 390 660 haud
413 601 520 659 frustra
542 599 742 672 laboraverat,
764 600 869 657 iterum
886 599 1119 674 progrederetur.
1156 599 1277 671 Saepius
1293 615 1324 656 se
1340 599 1452 656 timere

225 703 376 780 profitetur
408 722 445 763 ne
479 701 668 779 pharisaismo
706 703 843 762 succedat
879 705 1073 776 paganismus.
1134 703 1312 761 Contradicit
1330 741 1333 746 ,
1350 703 1454 760 caecis

227 810 331 868 Curiae
350 809 554 882 sectatoribus,
584 809 633 880 qni
664 807 821 865 Lutherum
853 809 972 879 ejusque
1004 807 1111 864 amicos
1142 805 1384 880 blasphemiarum
1414 807 1452 864 in

226 914 320 972 Deum
343 919 373 972 et
393 913 536 970 Christum
560 911 744 970 accusabant.
790 911 847 970 Sed
870 911 950 983 ,dum
973 911 1204 984 pharisaismus,‘
1224 911 1332 984 inquit,
1361 927 1451 984 ,pug-

226 1025 278 1075 nat
300 1035 364 1075 cum
387 1017 531 1089 evangelii
553 1018 665 1090 vigore,
694 1014 851 1088 repullulat
872 1013 1075 1088 paganismus}
1126 1015 1221 1086 ,Nunc
1250 1017 1299 1088 qui
1331 1016 1451 1088 abjece-

227 1127 296 1180 rnnt
317 1137 421 1194 preces
444 1121 588 1192 horariaS,
611 1120 683 1176 nihil
706 1125 798 1178 orant.
843 1119 898 1189 Qui
919 1123 1108 1177 contemnunt
1130 1119 1351 1178 constitutiones
1367 1119 1447 1204 epis-

227 1241 376 1299 coporum,
405 1242 460 1283 nec
483 1224 540 1282 Dei
567 1224 733 1297 praeceptis
756 1222 965 1295 obtemperant.
1026 1223 1078 1294 Qui
1110 1223 1269 1296 neglegunt
1298 1223 1448 1280 delectum

228 1331 375 1401 ciborum,
393 1329 478 1402 gulae
500 1329 650 1400 ventrique
674 1327 842 1400 indulgent}
894 1325 999 1384 Nescio
1022 1341 1165 1399 quaenam
1184 1328 1306 1400 vestigia
1327 1333 1447 1385 secutus

227 1435 271 1491 vir
301 1433 563 1506 perspicacissimus
591 1434 678 1490 otiam
707 1430 833 1490 ludaeos
856 1431 913 1488 illis
937 1429 1163 1489 Christianorum
1192 1431 1323 1490 discidiis
1339 1431 1449 1490 laetari
1557 1449 1558 1460 ¹

229 1537 317 1594 etad
341 1537 490 1595 commoda
513 1537 628 1594 suauti
653 1535 818 1612 crediderit.
877 1534 984 1593 Scribit
1011 1536 1088 1594 enim
1120 1536 1334 1608 archiepiscopo
1361 1536 1451 1594 Tole-

228 1647 311 1698 tano:
336 1640 469 1713 ,Subolet
492 1640 561 1698 mihi
582 1639 688 1698 multos
708 1641 753 1698 his
775 1639 943 1698 tumultibus
967 1639 1120 1699 admisceri
1143 1641 1273 1700 ludaeos
1300 1656 1335 1698 ac
1357 1655 1451 1715 paga-

229 1763 297 1816 nos,
331 1761 450 1816 qnorum
480 1745 565 1802 alteri
597 1743 741 1802 Christum
771 1743 909 1818 oderunt,
942 1745 1028 1802 alteri
1056 1744 1127 1802 nihil
1157 1745 1273 1802 omuino
1300 1743 1447 1802 crednnt‘

228 1848 322 1907 Addit
347 1841 390 1928 (id
416 1849 490 1921 quod
522 1848 557 1906 de
589 1847 802 1921 Ciceronianis,
835 1863 905 1920 qnos
935 1849 1007 1906 alias
1037 1854 1137 1921 vocat,
1171 1849 1270 1906 dicare
1298 1841 1449 1928 videtur):

228 1953 376 2026 ,Auguror
399 1954 462 2010 illos
485 1953 619 2011 meditari
640 1967 742 2010 novam
765 1952 910 2024 quandam
932 1952 1150 2012 democratiam:
1174 1959 1292 2026 totaque
1317 1968 1364 2010 res
1384 1953 1450 2026 agi-

229 2063 275 2114 tur
303 2057 496 2116 callidissimis
524 2055 702 2130 quorundam
735 2057 875 2130 consiliis,
907 2072 1026 2130 quorum
1060 2061 1193 2116 auctores
1226 2057 1321 2115 nullus
1352 2055 1451 2114 adhuc

229 2162 299 2220 satis
321 2157 492 2234 agnoscit.‘¹

316 2265 381 2324 Non
404 2267 521 2338 mirum,
544 2245 620 2338 quod
643 2265 796 2338 Erasmus,
828 2281 884 2337 qno
908 2265 1023 2337 saepius
1047 2271 1133 2338 atone
1158 2265 1265 2323 diutim
1287 2270 1347 2322 tam
1370 2263 1449 2322 libe·

229 2385 277 2427 ras
309 2370 470 2428 sententias
500 2368 682 2442 proferebat,
714 2371 841 2441 quamvis
870 2370 972 2427 summi
991 2369 1106 2442 quidam
1129 2370 1272 2427 ecclesiae
1296 2368 1450 2426 Romanae

230 2488 368 2546 proceres
390 2487 505 2545 semper
525 2473 553 2530 ei
575 2473 842 2546 patrocinarentur,
870 2479 968 2531 tamen
1001 2489 1036 2529 eo
1059 2474 1154 2532 acrius
1178 2490 1195 2531 a
1217 2473 1380 2546 pharisaeis
1397 2472 1449 2529 vol

229 2575 499 2648 pseudomonachis,
529 2592 598 2647 quos
621 2577 706 2634 toties
734 2577 961 2648 perstrinxerat,
989 2575 1196 2635 infensabatur.
1257 2577 1366 2648 Quibus
1389 2575 1450 2633 nisi

230 2679 384 2737 fortissime
414 2679 586 2752 restitisset,
616 2681 703 2738 otiam
732 2695 871 2754 proceres
899 2682 945 2738 vix
975 2698 1041 2740 eum
1064 2687 1165 2740 contm
1193 2681 1258 2740 illos
1280 2685 1448 2740 sustentare

229 2783 397 2856 potuissent.
444 2782 496 2839 llis
518 2784 607 2855 igitur
630 2785 732 2858 pugnis
747 2787 907 2857 posteriore
931 2787 1008 2844 vitae
1031 2790 1161 2858 tempore
1176 2788 1241 2858 plus
1257 2801 1341 2859 quam
1357 2790 1451 2843 antea

229 2887 335 2946 virium
358 2888 385 2943 ci
408 2885 632 2960 impendendum
657 2895 728 2946 erat.
775 2889 837 2960 Qua
859 2890 890 2946 in
912 2905 945 2948 re
968 2905 1072 2965 senex,
1093 2889 1258 2949 valetudine
1285 2888 1449 2948 infirmissi-

230 3008 306 3066 mus,
330 2993 448 3066 ingenio
470 2997 501 3050 et
523 2993 674 3051 alternate
694 2996 886 3067 juvenescere
908 2993 1068 3053 videbatur.
1109 2994 1265 3054 Crescente
1288 2995 1346 3053 loci
1368 2995 1450 3052 iuter

231 3104 381 3169 utramque
412 3103 524 3170 partem
559 3098 677 3156 tenendi
715 3095 899 3173 difficultate,
941 3114 976 3157 eo
1019 3100 1196 3159 constantius
1232 3105 1282 3157 ant
1318 3097 1448 3156 medium

230 3202 325 3259 locum
364 3203 444 3259 illum
485 3203 562 3259 seria
607 3203 846 3260 commentatione
886 3215 954 3259 vera
999 3203 1167 3276 evangelica
1204 3202 1356 3274 tuebatur,
1397 3209 1449 3260 ant

231 3311 331 3362 contra
363 3307 464 3362 stultos
493 3306 664 3378 monachos,
696 3307 746 3377 qni
776 3305 845 3364 inda
880 3306 1029 3380 depellere
1056 3323 1123 3365 eum
1146 3307 1344 3379 enitebantur,
1374 3307 1448 3379 sale,

231 3409 344 3481 lepore,
375 3410 469 3467 ironia
501 3415 560 3466 tam
597 3410 716 3483 egregie
744 3427 806 3467 rem
836 3411 940 3484 gessit,
975 3417 1006 3468 ut
1035 3410 1083 3470 isti
1110 3410 1344 3484 prudentioribus
1373 3410 1447 3468 risui

231 3517 336 3569 essent.
381 3511 490 3570 Jisdem
514 3513 706 3571 cavillationis
729 3497 817 3571 armis
839 3514 1001 3588 interdum,
1024 3515 1094 3573 licet
1108 3517 1198 3573 multo
1213 3516 1315 3588 rarius,
1336 3514 1448 3572 Latho-

230 3631 293 3673 rnm
316 3631 350 3674 ac
370 3615 564 3689 Lutheranos,
589 3632 694 3690 eosque
718 3634 775 3675 non
797 3623 829 3676 ιι
851 3617 1056 3692 Evangelicos,
1087 3619 1139 3687 ssd
1162 3627 1193 3676 ut
1216 3619 1271 3678 sibi
1294 3619 1365 3692 ipsis
1387 3635 1447 3676 non

230 3724 410 3792 constantes,
445 3721 600 3792 impugnat.
654 3719 701 3778 Sic
732 3722 885 3794 plurimum
916 3719 977 3781 fere
1011 3722 1218 3795 posterioribus
1251 3724 1328 3781 vitae
1362 3723 1447 3780 annis

233 3821 339 3882 festivo
354 3824 404 3881 illo
420 3823 551 3882 certandi
567 3839 690 3898 genere,
714 3830 744 3883 et
759 3825 929 3885 inexhausta
944 3827 1055 3900 ingenii
1071 3825 1212 3886 facilitate
1236 3843 1269 3884 aa
1294 3827 1444 3884 fertilitate

230 3929 334 4002 utitur,
359 3929 463 4000 quibus
488 3944 552 3986 anm
573 3943 608 3986 eu
629 3929 883 4004 Francogallorum
906 3930 1084 4003 quorundam
1104 3931 1214 4003 judicio
1232 3930 1270 3989 ad
1284 3929 1444 3988 Voltarium

230 4033 387 4090 accessisse
418 4048 505 4104 supra
534 4032 664 4090 vidhnns.
723 4032 814 4091 Simul
841 4049 910 4092 vero
942 4039 1011 4091 tnnc
1042 4034 1166 4091 maxime
1195 4050 1280 4108 quarn
1323 4033 1359 4091 ab
1394 4033 1443 4090 illo

230 4134 359 4192 diversus
383 4136 477 4192 animo
501 4134 591 4194 fuerit
609 4142 739 4209 apparet.
785 4137 888 4210 Neque
906 4137 983 4194 enim
1011 4136 1077 4195 odio
1100 4137 1151 4196 sed
1179 4138 1309 4196 veritatis
1332 4137 1444 4194 christi·

230 4253 304 4296 anae
327 4236 421 4296 studio
438 4245 577 4298 movetur.
638 4239 783 4300 Abhorret
809 4240 846 4299 ab
869 4239 1046 4315 implacabili
1069 4240 1195 4315 malitia,
1228 4255 1285 4313 qna
1305 4242 1355 4299 ille
1378 4257 1444 4299 con-

228 4347 275 4401 tra
305 4341 485 4401 adversarios
518 4343 676 4402 teterrimis
709 4343 868 4403 mendaciis
902 4346 1032 4404 conscius
1061 4346 1105 4404 uti
1138 4361 1196 4404 non
1229 4343 1443 4405 reformidabat

320 4557 554 4624 1)Epp.xx111,
576 4563 619 4618 173
637 4557 717 4620 XIX,
738 4565 782 4624 ⁷23
801 4557 881 4624 XIX,
901 4565 942 4612 st.
