3144 5092
661 258 749 314 Gnrnr
766 257 800 312 V.
1294 259 1346 318 129

104 462 260 537 diximus,
293 466 426 540 tempore
458 461 567 522 factum
597 479 672 522 esse
723 461 799 521 Tum
826 461 945 540 obloqui
973 460 1124 522 Galilaeae
1151 463 1259 522 iterum
1286 481 1347 524 non

105 570 249 630 tentavit.
290 569 326 629 Id
349 573 428 630 certo
451 587 521 629 eum
542 573 610 646 post
632 573 676 628 tot
697 569 849 629 frustanea
871 570 1025 630 conamina
1046 570 1159 630 vidisse
1176 574 1292 630 constat
1310 570 1347 630 de

106 677 247 738 tollendo
274 679 387 737 famoso
410 677 463 736 illo
486 677 582 737 edicto
604 676 726 754 cogitari
749 677 880 737 nondum
903 695 999 754 posse.
1044 663 1186 756 Ideoque,
1213 683 1248 737 ut
1269 678 1348 738 inter

105 784 252 845 homines
270 785 423 845 veritatem
442 783 586 844 violenter
603 784 804 862 opprimentes
822 784 938 845 veritati
957 784 1125 860 inserviret,
1150 785 1347 846 simulationis

106 897 146 952 et
168 892 314 952 mendacii
336 891 418 950 larva
439 892 547 951 iterum
571 891 627 951 sibi
645 891 739 950 invito
758 892 902 951 utendum
920 910 986 952 esse
1004 893 1128 952 censuit
1166 893 1347 970 Jampridem

107 998 291 1059 Franciscus
313 998 424 1076 lngoli,
453 998 624 1076 ceteroquin
650 1017 776 1076 magnus
804 999 869 1076 ejus
892 999 1062 1075 admirator,
1090 1000 1179 1060 verba
1200 1000 1238 1060 ad
1260 999 1348 1060 illum

109 1107 227 1166 fecerat
254 1106 286 1164 in
309 1105 411 1165 libello
434 1110 535 1166 eontra
558 1111 690 1180 systema
713 1105 949 1184 Copernioanum
972 1107 1141 1184 composito.
1188 1107 1235 1167 lu
1258 1125 1347 1186 quem

109 1213 264 1291 Keplerus
286 1213 319 1272 in
342 1213 495 1290 ,epitome‘
519 1231 574 1272 sua
595 1217 779 1291 respexerat,
803 1213 954 1275 Galilaeae
975 1219 1094 1292 propter
1112 1215 1272 1274 imminens
1291 1214 1348 1274 sibi

112 1322 269 1382 decretum
291 1321 471 1398 respondere
494 1321 591 1380 adhuc
612 1339 673 1380 non
695 1339 787 1382 ausus
810 1327 880 1382 erat.
926 1321 1014 1382 Nunc
1036 1340 1105 1382 roro
1129 1322 1193 1382 sine
1215 1322 1347 1400 periculo

112 1429 148 1488 id
170 1429 235 1488 fieri
258 1445 346 1506 posse
369 1428 499 1506 putavit,
522 1428 637 1488 scilicet
659 1429 851 1506 hypothetico
874 1429 927 1490 illo
945 1430 1044 1505 modo,
1068 1448 1157 1508 quem
1175 1429 1208 1490 in
1226 1433 1348 1506 ,statera
1399 1469 1402 1474 -

113 1536 247 1595 1111111ί
270 1535 336 1613 ipse
353 1535 493 1596 Pontifex
515 1537 694 1613 probaverat
737 1535 820 1610 Quod
839 1536 903 1597 illio
920 1537 1033 1614 passim
1051 1543 1081 1598 et
1099 1537 1185 1616 quasi
1203 1537 1235 1596 in
1253 1543 1348 1597 trans·

114 1644 163 1702 itu
194 1643 330 1718 licuerat,
361 1643 394 1702 id
426 1642 452 1703 si
484 1644 540 1703 sub
571 1643 674 1703 eadem
705 1643 789 1703 larva
818 1645 970 1723 aliquanto
1002 1645 1123 1706 uberius
1145 1649 1185 1706 et
1216 1645 1348 1724 apertius

114 1755 256 1826 tentaret,
280 1751 343 1810 fore
366 1750 508 1828 speravit,
531 1756 566 1810 ut
588 1756 762 1829 argumenta
779 1771 832 1830 pro
851 1752 1014 1830 Copernioo
1032 1753 1222 1831 hypothetice
1240 1753 1348 1812 iterum

115 1857 208 1916 allata
235 1857 433 1918 tolerarentur
459 1862 489 1918 et
517 1864 732 1936 spargerentur.
779 1860 836 1920 His
864 1860 956 1936 igitur
983 1865 1084 1920 contra
1110 1859 1207 1936 lugoli
1235 1860 1349 1920 somnia

116 1965 271 2040 ingeniose
289 1965 433 2043 expositis
452 1967 538 2044 quasi
557 1967 713 2026 tutamenti
728 1967 822 2028 instar
835 1967 998 2045 praemittit
1011 1967 1143 2028 fucatum
1157 1967 1346 2044 prooemium,

117 2090 177 2149 quo
210 2073 287 2132 serio
319 2073 462 2148 gratulari
489 2073 593 2134 Italiae
623 2074 755 2148 videtur,
787 2075 866 2152 quod
898 2073 1111 2151 sapientissimi
1138 2075 1348 2150 gubernatores

118 2178 292 2257 splendidos
324 2198 437 2240 errores
469 2182 505 2240 ab
537 2199 572 2240 ea
602 2185 721 2241 arceant
752 2186 782 2241 et
809 2181 958 2241 doctrinae
985 2180 1213 2256 ecclesiasticae,
1245 2199 1348 2241 omnes

117 2288 265 2347 humanas
288 2287 441 2365 opiniones
464 2288 619 2365 majestate
641 2293 671 2348 et
689 2288 861 2348 auctoritate
879 2289 967 2365 longe
986 2288 1167 2366 superantis,
1190 2289 1348 2349 acerrimos

118 2401 257 2472 patronos
276 2412 308 2454 se
327 2395 491 2472 praebeant
525 2393 623 2469 Quum
642 2395 722 2455 enim
740 2399 909 2455 exterorum
927 2395 1140 2455 haereticorum
1154 2395 1348 2456 eruditissimi

119 2520 222 2562 omnes
243 2502 478 2579 Copemicanum
501 2507 632 2579 systema
655 2521 708 2580 pro
730 2507 810 2563 certo
832 2507 862 2562 et
884 2521 953 2562 vero
971 2502 1111 2578 babeant,
1134 2503 1183 2562 his
1201 2521 1234 2563 se
1252 2507 1349 2563 osten-

119 2628 224 2670 surum
246 2626 312 2670 esse
335 2609 419 2685 dicit,
442 2609 524 2687 ipsos
546 2609 638 2670 italos
661 2609 821 2670 catholicos
843 2609 920 2669 illud
940 2610 1107 2687 rejicientes
1125 2629 1185 2670 non
1204 2610 1349 2688 ejusmodi

119 2717 246 2777 infirmis
266 2717 449 2794 argumentis
467 2717 537 2793 niti,
561 2717 660 2796 qualia
678 2717 757 2796 apud
775 2717 926 2794 Ingolium
944 2723 1061 2796 praesto
1079 2718 1153 2794 sint,
1177 2718 1228 2778 sed
1247 2718 1350 2779 claris-

120 2825 196 2884 sime
222 2823 408 2884 intellexisse
430 2829 460 2884 et
482 2825 672 2902 perspexisse
694 2826 805 2901 omnia,
833 2843 909 2904 quae
931 2831 1033 2886 contra
1056 2844 1090 2886 ea
1113 2830 1143 2887 et
1165 2845 1218 2904 pro
1242 2825 1350 2904 Copor-

119 2933 187 2992 nioo
205 2932 238 2991 in
256 2932 386 3009 speciem
404 2931 558 2992 verissima
575 2938 605 2992 et
624 2933 788 2994 certissima
805 2933 901 3010 promi
919 2935 1048 3012 possint,
1066 2933 1108 2992 ita
1126 2939 1160 2994 ut
1177 2933 1350 3009 plenissime

119 3044 273 3118 appareat,
311 3057 344 3100 se
375 3057 478 3100 omnes
509 3057 569 3100 non
601 3040 767 3116 ignorantia
798 3040 851 3100 sed
883 3040 945 3100 sola
976 3045 1094 3118 patrum
1125 3039 1289 3100 reverentia
1321 3044 1351 3098 et

120 3146 273 3224 religionis
296 3147 424 3225 fideique
447 3147 545 3207 studio
567 3147 603 3207 ab
626 3147 679 3207 illo
702 3151 863 3223 systemate
885 3146 1062 3208 1111111111.ι

227 3253 363 3314 Pontifici
392 3273 426 3314 ea
453 3255 544 3330 hujus
570 3253 639 3314 libri
666 3273 748 3332 pars,
776 3273 866 3333 quam
894 3254 1066 3332 Ciampolus
1094 3253 1122 3314 ei
1148 3253 1235 3330 legit,
1263 3253 1349 3313 valde

120 3361 257 3440 placuit.²
303 3361 361 3422 Sed
388 3362 490 3422 eodem
513 3367 645 3440 tempore
668 3361 793 3423 Galilaei
816 3367 923 3422 statera
945 3379 1046 3436 aurea,
1074 3361 1217 3440 quodibi
1241 3360 1349 3439 Copor-

120 3469 181 3529 nici
209 3470 356 3530 sententia
382 3470 503 3547 probata
529 3475 621 3545 esset,
648 3469 728 3548 apud
749 3469 957 3548 Inquisitionis
984 3468 1115 3529 tribunal
1137 3473 1273 3529 accusata
1295 3473 1348 3529 est

121 3577 181 3637 Res
203 3595 345 3654 prospere
367 3577 487 3655 quidem
510 3577 609 3638 evenit
631 3595 678 3654 eo,
701 3577 780 3655 quod
804 3577 938 3638 (inavara
959 3576 1169 3637 Theatinorum
1188 3575 1349 3651 Generalis,

121 3703 211 3762 quem
238 3703 317 3744 unus
341 3684 543 3744 Cardinalium
570 3685 770 3760 consuluerat,
797 3703 858 3745 non
883 3684 970 3746 modo
996 3703 1072 3762 opus
1094 3683 1171 3743 illud
1193 3683 1349 3744 admodum

121 3791 265 3868 lapdavit,
296 3810 399 3852 verum
432 3793 521 3852 etiam
553 3792 680 3853 scribere
711 3809 803 3852 ausus
830 3797 888 3868 est,
920 3792 1037 3852 etiamsi
1064 3791 1127 3852 illio
1155 3791 1287 3852 doctrina
1314 3790 1351 3850 de

121 3903 203 3958 motu
229 3904 337 3975 terrae,
364 3899 555 3978 hypothetice
582 3899 708 3976 scilicet,
736 3905 898 3976 teneretur,
925 3899 956 3959 id
984 3899 1183 3960 damnandum
1212 3897 1269 3959 sibi
1290 3915 1351 3958 non

121 4005 239 4068 videri.⁸
285 4007 343 4068 Sed
366 4025 459 4086 qurum
481 4007 570 4086 paulo
592 4011 661 4086 post
684 4006 819 4068 Guevara
840 4025 991 4069 unacum
1013 4007 1168 4068 Francisoo
1191 4005 1351 4066 Barberino

230 4255 256 4325 1)
276 4253 390 4324 Opp'lI
408 4255 479 4311 661.

229 4361 256 4431 2)
275 4361 380 4418 Ibidem
397 4361 440 4417 IX
458 4362 491 4418 97
512 4361 568 4433 (ubi
586 4379 649 4418 cnm
668 4361 801 4418 Reuschio
819 4362 843 4417 d.
860 4361 902 4417 28.
917 4361 1032 4416 1111111.
1047 4375 1070 4417 a
1087 4361 1157 4417 1624
1175 4377 1223 4431 pro
1241 4376 1264 4416 a.
1282 4359 1350 4416 1625

121 4449 265 4522 legendum
283 4454 344 4522 est).

229 4561 257 4630 a)
275 4559 379 4615 ramam
396 4560 439 4616 111
457 4561 499 4615 re.

176 4665 386 4710 Schlottmanni
399 4667 502 4710 Erasmus
516 4667 628 4710 redivivus
642 4667 671 4710 11.
1172 4667 1188 4720 9
