3194 5052
765 312 864 366 Panurs
881 311 995 365 Puronrs

272 533 344 592 alios
372 531 456 590 datis.
501 529 615 590 Deinde
646 531 676 588 in
705 529 828 587 comitiis
850 529 1110 588 wormatiensibus
1139 533 1313 590 senteutiam
1343 549 1423 590 suam
1457 541 1489 590 et

272 636 384 696 duobus
409 635 524 709 jndiciis
553 635 698 708 scriptura
725 633 801 692 datis
828 639 859 692 et
887 651 940 706 per
969 635 1043 693 viros
1071 635 1190 694 idoneos
1211 651 1344 696 asserere
1366 635 1490 709 studuit

271 741 399 800 auctoris
420 757 525 799 nomeu
547 755 617 797 vero
638 737 839 797 occultandum
864 743 924 797 tam
948 737 1107 812 diligenter
1129 740 1254 813 curavit,
1285 745 1318 799 ut
1341 757 1397 799 non
1417 747 1489 799 tan·

271 849 332 903 tum
362 845 500 918 aequales
534 843 585 902 sed
617 859 671 916 per
699 843 815 916 longum
846 846 960 916 tempus
993 844 1081 901 otiam
1113 849 1243 916 posteros
1275 861 1391 917 prorsus
1418 845 1488 918 ipse

270 949 384 1008 lateret.
429 949 473 1007 Ne
497 948 672 1006 clarissimus
695 947 809 1021 quidem
830 945 1024 1021 Seckeudori,
1047 949 1097 1021 qui
1118 954 1270 1021 utrumque
1292 949 1429 1022 scriptum
1453 951 1488 1007 in

269 1053 413 1112 tabulario
441 1052 614 1111 Vimarieusi
647 1053 725 1110 iuter
758 1056 824 1109 acta
852 1049 1078 1110 wormatiensis
1107 1052 1275 1126 invenerat,
1303 1051 1340 1111 de
1363 1059 1486 1112 anctore

268 1157 424 1231 quidquam
446 1157 594 1216 divinavit.
639 1155 746 1214 Postea
766 1171 814 1214 res
836 1155 973 1228 paulatim
993 1161 1148 1229 perspecta
1170 1163 1229 1230 est3
1252 1162 1352 1216 nosue
1366 1157 1485 1216 demum

268 1263 420 1336 memoris,
450 1261 587 1335 quidnam
616 1258 792 1319 eruditorum
823 1260 957 1332 princepe
987 1275 1004 1317 e
1034 1261 1189 1334 longinquo
1219 1261 1249 1318 in
1279 1261 1403 1320 comitiis
1423 1262 1485 1319 illis

268 1364 387 1425 efficere
418 1371 538 1424 mustus
564 1365 614 1438 sit,
645 1361 780 1438 quidnam
810 1379 915 1422 revera
943 1363 1087 1438 effecerit,
1117 1363 1280 1424 accuratius
1314 1366 1484 1438 investigari

268 1475 401 1542 coeptum
424 1477 475 1528 est.

354 1573 399 1632 Ex
422 1573 533 1632 duobus
555 1573 612 1632 illis
631 1573 749 1646 judiciis
772 1575 895 1632 altorum
919 1572 1056 1632 Erasmus
1079 1589 1138 1632 uus
1160 1589 1226 1631 cum
1247 1573 1361 1632 Joaune
1383 1572 1483 1631 Fabro

267 1677 520 1736 Dominicanorum
543 1677 645 1736 Priore
666 1677 835 1750 augustano
858 1675 1044 1751 composuit¹
1089 1677 1145 1736 Hic
1167 1676 1245 1736 solus
1267 1693 1373 1736 nomeu
1395 1694 1480 1736 snum

267 1780 450 1855 subscripsit,
486 1781 538 1840 sed
572 1787 603 1840 et
635 1782 665 1840 in
694 1783 873 1855 argumentis
903 1789 934 1840 et
963 1783 994 1840 in
1024 1799 1158 1842 sermone
1186 1781 1301 1840 Erasmi
1332 1781 1481 1854 ingenium

266 1883 352 1945 facile
384 1885 573 1961 cognoscitur.
625 1885 728 1948 Omnis
756 1887 817 1945 illio
847 1904 883 1946 eo
913 1891 1062 1962 spectant,
1095 1893 1128 1945 ut
1156 1887 1344 1962 magistratus
1372 1886 1481 1960 civiles,

265 1991 397 2064 inprimis
427 1990 607 2066 Germanici,
640 1999 762 2066 propter
793 1992 933 2050 instantia
964 1992 1093 2065 ingentis
1124 1991 1237 2050 discidii
1270 1990 1402 2064 pericula
1435 1991 1481 2047 sui

265 2092 353 2153 officii
375 2111 460 2170 qnam
487 2097 654 2170 gravissime
683 2100 862 2154 moueantur.
908 2094 1022 2166 Quanta
1043 2097 1175 2169 pericula
1197 2097 1249 2153 illa
1271 2099 1383 2166 esseut,
1414 2109 1479 2150 nus-

265 2215 351 2272 qusm
375 2200 476 2259 eodem
499 2206 630 2274 tempore
653 2207 711 2259 tam
733 2201 811 2259 clare
831 2216 917 2273 quam
940 2199 989 2258 illo
1008 2199 1119 2273 judicio
1142 2199 1302 2272 expositum
1325 2203 1378 2256 est
1414 2197 1480 2255 lam

265 2303 306 2361 ibi
328 2304 499 2363 adumbrata
520 2309 600 2379 suut,
623 2321 699 2377 quae
718 2303 857 2363 Erasmus
879 2309 982 2377 postea
999 2305 1087 2363 toties
1105 2302 1313 2378 pronuntiavit,
1336 2300 1387 2375 ‚ab
1402 2307 1480 2360 utra·

265 2424 321 2481 que
349 2407 476 2468 faotione
506 2409 542 2468 de
570 2410 657 2467 rebus
689 2409 895 2467 ecclesiasticis
925 2415 1072 2482 certante,
1102 2408 1159 2467 nisi
1187 2409 1254 2466 lites
1281 2407 1384 2480 spiritu
1409 2421 1479 2464 uere

265 2512 423 2569 christiano
464 2520 718 2586 componerentur,
764 2529 889 2571 summas
924 2513 1105 2572 calamitates
1138 2529 1191 2585 per
1224 2512 1323 2570 secula
1356 2508 1478 2567 forsitan

265 2613 433 2688 duraturas,
461 2631 525 2672 eum
547 2616 701 2674 universae
724 2617 903 2690 reipublicae
927 2617 1118 2690 christianae,
1146 2621 1206 2674 tum
1229 2614 1404 2675 Germaniae
1427 2614 1479 2670 im-

264 2717 392 2793 minere3
426 2735 462 2776 ex
491 2719 585 2777 altera
618 2725 703 2794 parte
736 2720 906 2780 metuendos
936 2737 1000 2781 esse
1030 2721 1168 2780 tumultus
1199 2719 1230 2777 iu
1258 2719 1393 2792 imperio,
1429 2719 1478 2789 qni

265 2819 412 2880 Gallorum
434 2824 543 2881 astutia
566 2823 651 2883 facile
675 2830 866 2898 augerentur,
888 2823 1024 2898 gaudium
1039 2825 1165 2884 hostium
1180 2822 1369 2894 Germaniae,
1387 2819 1479 2878 derui-

264 2927 413 2986 nutionem
442 2926 571 3001 obsequii
600 2945 671 3002 erga
699 2929 899 3003 magistratus,
927 2929 1088 3003 principum
1111 2927 1305 3002 quorundam,
1335 2927 1422 2983 immo
1447 2929 1479 2980 et

264 3029 399 3092 Caesaris
434 3032 602 3108 discrimen,
641 3049 678 3092 ex
706 3035 810 3093 altera
844 3038 929 3107 perte
961 3033 1118 3094 timendam
1150 3031 1338 3091 offensionem
1369 3028 1480 3101 populi,

263 3143 420 3212 augmenta
430 3137 598 3212 tyrannides
614 3145 645 3198 et
658 3139 807 3212 saevitiae,
825 3139 1043 3212 oppressionem
1058 3137 1191 3196 veritatis
1207 3139 1326 3210 ejusque
1341 3132 1480 3207 publicae

262 3242 498 3314 praedicationis.
542 3243 638 3315 Quare
669 3243 758 3302 etiam
788 3257 864 3301 nuuc
892 3247 957 3315 post
986 3241 1095 3300 bullam
1123 3240 1333 3299 damnatoriam
1356 3251 1480 3296 necesse

265 3359 344 3417 esse,
366 3349 399 3402 ut
420 3345 565 3404 Martinus
587 3347 756 3421 audiretur3
778 3346 821 3404 sic
843 3346 957 3419 sperari
980 3361 1065 3418 posse
1086 3341 1202 3403 fierint
1223 3343 1481 3414 omniaprospere

267 3461 331 3503 oum
346 3447 410 3506 Deo
434 3449 632 3507 succederent
669 3449 772 3522 Neque
792 3449 822 3507 id
845 3450 907 3508 sedi
930 3449 1078 3508 Romanae
1097 3447 1271 3506 commento
1286 3443 1366 3518 iore;
1387 3459 1481 3518 quon·

264 3549 321 3605 iam
344 3549 381 3607 de
403 3566 475 3622 pace
498 3551 576 3610 orbis
600 3551 750 3611 christiani
767 3559 916 3627 ageretur,
938 3569 1013 3626 quae
1035 3550 1229 3627 promovenda
1251 3551 1368 3609 omnino
1391 3553 1480 3620 esset,

262 3651 372 3728 Papam
395 3670 458 3712 cum
481 3655 541 3713 suis
562 3656 619 3713 hac
641 3656 704 3714 vice
727 3655 764 3714 ad
787 3657 957 3730 patientiam
982 3673 1156 3732 componere
1179 3673 1210 3715 se
1233 3654 1350 3714 debere.
1403 3651 1480 3710 Gae-

263 3759 336 3816 saris
366 3764 397 3817 et
423 3759 585 3832 principum
617 3774 681 3818 esse
712 3765 771 3818 tam
801 3761 947 3834 perplexis
976 3761 1138 3820 rationibus
1168 3762 1210 3819 ita
1231 3758 1414 3833 prospicere,
1444 3761 1480 3812 nt

263 3863 520 3922 excellentissimos
554 3861 789 3938 doctissimosque
822 3865 899 3924 viros
938 3865 1063 3924 arbitros
1101 3867 1299 3924 convocarent
1368 3858 1480 3918 Contra

262 3968 377 4042 Anum,
400 3965 573 4042 Sabellinm,
597 3968 763 4028 Nestorium
785 3970 828 4026 sic
846 3969 989 4042 quondam
1011 3975 1108 4027 actum
1132 3983 1212 4040 esse;
1235 3981 1331 4038 neque
1351 3977 1478 4037 unquam

263 4069 321 4127 illis
348 4071 525 4144 temporibus
547 4077 645 4131 tantas
667 4089 716 4131 res
737 4073 792 4131 soli
815 4071 913 4146 Papae
937 4078 987 4131 aut
1009 4071 1100 4131 cuivis
1123 4071 1209 4130 alteri
1231 4069 1359 4142 credita3
1382 4081 1478 4138 neque

262 4171 382 4231 Romam
412 4175 517 4234 citatos
545 4157 623 4252 esse,
652 4177 703 4250 qui
731 4176 767 4236 de
798 4177 947 4236 ducuiuae
975 4175 1120 4235 erroribus
1142 4175 1232 4234 delati
1255 4173 1391 4245 luissent,
1421 4185 1478 4226 uec

352 4425 377 4492 1)
395 4425 522 4476 Coniuudi
542 4443 592 4475 nou
612 4426 686 4476 debet
705 4443 760 4477 cum
779 4429 803 4478 J.
822 4427 907 4477 Fabro
927 4427 1125 4478 Leutkirohensi
1148 4433 1238 4494 postea
1256 4426 1378 4491 episeopo
1397 4423 1476 4474 Visu-

262 4510 343 4565 nenni.
380 4511 417 4563 Os.
439 4511 720 4574 Sscksndorl1,1lt.
757 4515 939 4564 Foerstemeuu
962 4529 987 4578 p.
1007 4519 1048 4564 66.
1085 4514 1183 4564 Woker
1206 4514 1236 4563 de
1258 4512 1360 4563 Eraami
1383 4509 1478 4559 studiis

261 4595 365 4646 ironicis
382 4611 409 4659 p.
423 4601 455 4645 28
470 4612 490 4645 s.
