3134 5054
228 243 282 298 264
709 242 811 293 Pharrs
826 241 947 292 Paroaxs

229 461 332 522 b'morc
351 459 551 531 humanaeque
574 457 687 530 gratiae
710 455 876 530 captatione
900 455 1122 529 remotissimus,
1149 453 1321 512 nobilissimi
1349 455 1447 527 cujus-

229 581 286 638 que
306 562 444 637 propositi
465 567 563 636 tenax,
587 561 712 635 cujusvis
732 560 854 634 periculi
876 575 1032 634 spemens‚
1049 557 1118 618 inde
1141 558 1297 631 cvmgatis
1312 557 1445 616 thesibus

230 684 320 742 usque
342 667 379 726 ad
399 667 457 726 iter
471 665 686 726 wormatiense
709 664 800 723 virum
820 663 857 723 ad
877 662 1019 738 agendum
1036 668 1136 720 natum
1152 662 1258 720 iterum
1277 661 1446 734 iterumque

229 789 261 831 se
294 768 537 830 manifestaverat
587 768 731 840 Quantum
759 769 822 842 iam
855 767 916 827 solo
948 765 1038 826 verbo
1071 781 1122 824 suo
1154 766 1280 840 valeret,
1314 765 1346 822 in
1379 765 1446 838 ipsa

230 874 359 934 custodia
387 873 610 946 Wartbnrgensi
636 872 779 947 apparuit.
831 871 902 930 Inde
931 870 1008 930 enirn
1030 869 1152 929 Alberto
1175 868 1337 942 cardinali,
1371 867 1446 928 Ger-

230 979 344 1038 maniae
373 977 508 1050 Primam,
537 976 650 1035 litteras
680 976 770 1050 misit,
801 975 902 1048 quibus
932 979 1051 1048 propter
1078 977 1231 1034 renovatos
1252 969 1390 1046 quosdam
1414 973 1447 1030 in

230 1081 300 1142 sede
329 1080 451 1140 Halonsi
479 1080 692 1140 ecclesiasticos
726 1078 832 1138 abusus
865 1095 929 1137 cum
962 1077 1206 1152 indulgentiarum
1234 1075 1446 1135 nundinatione

229 1186 335 1244 iterum
357 1186 524 1260 conjunctos
544 1189 721 1258 propterque
745 1183 803 1242 alia
826 1183 934 1256 iniusta
955 1181 1086 1241 facinora
1108 1181 1275 1255 musalms
1296 1197 1363 1239 eum
1377 1195 1446 1253 per-

231 1290 395 1349 strinxerat.
441 1287 494 1347 cni
515 1287 565 1347 ille
588 1287 758 1362 respondet,
787 1301 819 1344 se
840 1291 1025 1361 peccatorem
1047 1301 1112 1345 esse
1134 1301 1231 1358 neque
1254 1283 1446 1343 christianam

232 1397 264 1452 et
285 1391 445 1452 maternam
467 1390 589 1450 Lntheri
615 1389 838 1450 admonitionem
862 1405 1012 1464 recusare,
1041 1391 1103 1463 ejus
1126 1403 1242 1462 musae,
1272 1388 1316 1446 uti
1336 1393 1446 1461 speret,

227 1498 289 1571 jam
309 1510 453 1568 cessasse3
474 1495 594 1568 posthac
616 1509 647 1552 se
668 1493 710 1567 pii
733 1497 764 1552 et
786 1493 978 1553 ecclesiastici
1000 1492 1143 1565 Principis
1162 1489 1257 1550 cilicio
1280 1489 1448 1549 iuncturam

233 1615 306 1657 ease.
350 1597 445 1657 Tanta
466 1597 581 1656 scilieet
602 1598 840 1656 excommunicati
859 1597 993 1656 monachi
1012 1596 1169 1656 auctoritas
1186 1596 1265 1654 erati
1295 1593 1352 1654 Sed
1371 1593 1447 1652 baec

233 1702 329 1762 omnia
351 1701 467 1775 aliaque
490 1701 595 1760 similia
617 1700 776 1761 Luthemm
807 1702 890 1761 nobie
919 1699 1075 1760 ostendunt
1104 1697 1290 1760 fortissimum
1313 1699 1447 1758 veritatis

232 1811 351 1880 testem,
380 1823 439 1865 non
467 1811 532 1866 actu
559 1805 778 1866 reformatorem
801 1806 944 1866 ecclesiae
966 1804 1201 1878 reformaturque
1220 1803 1443 1863 moderaturam.

233 1910 333 1969 Talem
354 1909 405 1969 ille
427 1909 496 1970 inde
518 1909 555 1970 ab
578 1925 614 1969 eo
636 1908 765 1984 demum,
794 1911 870 1983 quod
892 1911 1124 1983 memoravimus,
1153 1915 1282 1982 ternpore
1305 1924 1336 1966 sa
1356 1921 1445 1980 prae-

233 2015 315 2088 stitit
358 2015 427 2074 Mox
458 2014 536 2074 enim
561 2013 720 2089 Viteberga
749 2014 872 2074 abarum
900 2015 1089 2074 eeclesiarum
1115 2013 1263 2086 exemplar
1284 2010 1361 2071 lacta
1383 2017 1445 2086 eat3

233 2135 308 2192 quac
328 2135 427 2178 omnes
449 2117 634 2192 surgentibus
657 2116 873 2178 difficultatibus
894 2118 1007 2178 consilii
1030 2118 1187 2191 auxiliique
1210 2133 1299 2176 cansa
1319 2116 1388 2174 illuc
1410 2131 1445 2174 se

232 2221 393 2282 vertebant
443 2223 491 2283 Sic
512 2222 656 2282 Lutherus
679 2223 762 2296 quasi
784 2221 935 2281 dictatoris
961 2223 993 2280 in
1022 2221 1147 2280 ecclesia
1170 2220 1324 2280 emendata
1345 2224 1445 2278 ancto-

232 2326 350 2386 ritatem
377 2332 407 2386 et
435 2327 491 2385 vim
521 2343 580 2386 non
610 2325 757 2386 affectavit
778 2326 893 2400 quidem
922 2324 975 2386 sed
1003 2325 1172 2401 urgentibus
1194 2323 1282 2384 rebus
1303 2323 1443 2397 paulatim

234 2429 365 2492 obtinuit.
433 2429 514 2503 Quod
543 2447 631 2504 quum
663 2432 746 2489 multi
778 2431 945 2504 aequalium
974 2429 1214 2504 praestantissimi
1243 2445 1301 2488 non
1331 2433 1443 2487 mutum

234 2549 338 2606 magno
360 2534 416 2592 viri
437 2533 567 2608 ingenio,
589 2532 640 2592 sed
662 2534 778 2607 spiritui
794 2534 904 2606 divino,
926 2550 980 2608 per
993 2534 1049 2592 hoc
1064 2549 1203 2608 organum
1217 2533 1287 2592 licet
1300 2531 1444 2592 humanae

235 2635 309 2695 labis
333 2652 391 2695 non
414 2651 517 2710 expers
538 2652 571 2695 se
594 2635 757 2711 exhibenti,
780 2639 847 2712 juro
867 2638 1044 2713 tribuerent,
1068 2637 1179 2711 aliquid
1200 2638 1263 2697 veri
1284 2636 1445 2712 prophetae

235 2740 328 2798 simile
353 2739 385 2798 in
407 2756 442 2799 eo
469 2742 530 2814 jam
560 2745 630 2798 tnnc
659 2741 898 2814 conspiciebatur.
961 2743 1031 2801 Vita
1056 2741 1223 2801 demnatum
1251 2757 1317 2800 eum
1342 2745 1446 2815 postea

235 2843 441 2903 Melanchthon
463 2843 549 2905 mnae
572 2843 763 2904 Germanicae
783 2847 909 2905 nationis
930 2847 1047 2906 nomine
1069 2845 1146 2905 haud
1168 2851 1279 2904 temere
1301 2845 1420 2904 vocavit.

322 2947 394 3008 Tam
416 2949 535 3009 robusta
552 2949 687 3008 nimirum
706 2949 906 3024 impavidaque
923 2951 1055 3011 sincerae
1072 2949 1142 3009 fidei
1156 2950 1263 3010 virtute
1278 2949 1304 3008 is
1319 2953 1447 3009 armatus

235 3069 301 3114 esse
316 3053 456 3128 debebat,
478 3054 528 3128 qui
541 3053 617 3114 sedis
632 3053 779 3114 Romanae
797 3055 950 3129 imperium
965 3053 1154 3130 mundanum,
1177 3054 1333 3114 christiano
1349 3055 1446 3112 colore

235 3161 357 3234 tactum,
387 3158 463 3232 quod
485 3163 623 3233 quantum
644 3155 735 3219 luerit
762 3159 851 3218 etiam
876 3159 907 3217 in
930 3158 1078 3220 hodiernis
1102 3161 1164 3234 ejm
1192 3159 1323 3232 reliquiis
1345 3157 1446 3216 videre

236 3261 320 3336 licet,
348 3263 379 3320 in
408 3279 513 3338 magna
535 3261 694 3322 occidentis
719 3269 803 3336 parto
834 3262 962 3322 funditus
992 3269 1125 3323 evertere
1155 3263 1264 3337 primus
1286 3277 1371 3320 ausus
1392 3267 1447 3320 est

234 3364 338 3436 Neque
368 3369 467 3424 tamen
493 3365 561 3426 hnic
586 3368 631 3426 rei
661 3365 833 3427 efficiendae
864 3371 895 3425 et
922 3383 995 3426 novo
1025 3367 1107 3441 quasi
1135 3382 1208 3426 aevo
1230 3365 1373 3424 initiando
1399 3366 1447 3424 vel

238 3482 350 3525 summa
378 3465 446 3526 fidei
475 3469 566 3528 virtus
597 3468 773 3546 sufficiebat,
807 3471 864 3529 nisi
894 3472 1047 3546 conjuncta
1075 3469 1177 3531 fuisset
1207 3486 1272 3530 euru
1299 3455 1447 3530 nascentis

237 3585 322 3646 quam
348 3569 564 3646 descripsimus,
594 3575 766 3634 recentioris
797 3577 927 3636 culturae
953 3575 1037 3649 quasi
1062 3575 1196 3649 igniculis
1223 3579 1253 3634 et
1279 3574 1445 3636 seminibus.

236 3675 355 3735 Etenim
376 3679 499 3749 papatus
513 3675 672 3752 Romanus,
699 3679 792 3752 qualis
814 3685 883 3739 tunc
906 3685 1053 3755 evaserat,
1076 3695 1141 3739 cum
1163 3679 1336 3739 scholastica
1357 3679 1446 3738 medii

236 3779 302 3840 aevi
335 3778 468 3839 doctrina
505 3783 536 3839 et
572 3779 735 3842 eruditione
770 3783 930 3842 arctissime
971 3783 1153 3844 cohaerebat
1212 3783 1278 3844 Jam
1311 3788 1343 3842 ut
1376 3783 1446 3842 indo

235 3883 357 3943 meliora
385 3884 594 3960 retinerentur,
626 3890 760 3960 coneptu
790 3891 822 3946 st
850 3879 990 3962 perversa
1018 3889 1225 3963 rejicerentur,
1256 3887 1359 3947 critica
1382 3895 1446 3946 arte

236 4005 306 4062 opus
330 3992 407 4064 erat,
430 4003 516 4062 quam
538 3990 600 4048 sola
621 4005 695 4050 nova
717 3991 770 4050 illa
784 3992 894 4066 ingenii
911 3993 1023 4052 cultura
1038 3997 1070 4052 et
1088 4009 1164 4053 nova
1178 3993 1301 4052 scientia
1312 3991 1445 4052 idoneam

235 4091 385 4166 porrigere
407 4097 530 4166 poterat.
575 4091 623 4152 Sic
645 4109 780 4170 magnum
801 4095 932 4156 laborem
955 4097 1099 4171 auspicari
1122 4097 1261 4171 oportuit,
1278 4112 1333 4171 per
1347 4095 1446 4156 secula

237 4195 467 4255 continuandum.
506 4195 539 4255 Id
555 4195 694 4257 Ermmus
707 4215 778 4272 prae
795 4201 901 4260 ceteris
916 4201 1116 4276 intellexerat,
1136 4201 1211 4260 viam
1226 4205 1445 4274 monstraverat,

236 4298 409 4373 theologiam
420 4317 485 4360 cum
497 4301 753 4375 juvenescentibus
764 4303 847 4363 bonis
863 4303 969 4365 litteris
984 4305 1179 4379 colligaverat
1216 4303 1289 4364 Eum
1300 4303 1444 4364 Lutherns

235 4401 291 4461 hac
313 4419 349 4462 cx
370 4411 454 4479 parte
478 4409 568 4480 totus,
591 4411 729 4479 quantum
746 4413 876 4485 poterat,
895 4413 1010 4469 secutus
1027 4415 1080 4470 est.
1119 4409 1189 4470 Cum
1213 4426 1247 4468 eo
1262 4425 1319 4468 non
1334 4413 1444 4468 mnium

236 4505 274 4564 ud
296 4525 383 4582 puros
398 4507 505 4570 Sacrae
520 4509 688 4586 scripturae
705 4511 800 4573 fontes
823 4513 995 4588 aperiendos
1018 4515 1180 4590 linguarum
1202 4513 1327 4576 sardium
1348 4513 1444 4575 divino
