3202 5058
721 297 813 346 Cardu
834 299 852 346 i.
1356 299 1385 350 11

171 513 284 586 aliquid
304 512 426 570 forsitan
448 516 650 586 tempestatum
673 511 810 570 Borussia
830 519 933 584 postca
955 513 1099 572 evitatura
1123 512 1233 574 fuisset.
1272 513 1390 572 Etenim

170 616 360 676 Francoiurti
381 617 585 688 Doellingerus
608 633 672 675 cnm
695 617 854 676 clarissimo
873 617 1020 676 Radowitz
1040 617 1161 691 aliisque
1184 618 1254 676 viris
1276 619 1389 678 ducere

172 721 341 795 catholicis,
369 721 472 794 quibus
502 722 591 780 otiam
620 719 826 794 Diopeubrock
847 720 1083 780 Vratislavieusis
1115 727 1145 780 et
1168 721 1266 782 Cerito
1288 721 1391 781 Erme-

171 827 323 890 landensis
356 826 484 899 episcopi
519 825 665 898 astipulati
699 831 781 898 sunt,
815 826 929 900 publice
958 825 1105 900 protessus
1131 832 1191 900 est,
1223 827 1390 885 libertatem

172 933 255 990 illam
287 930 514 989 eeclesiasticam
543 930 662 990 tolerari
685 930 715 990 in
746 929 904 990 Germania
926 931 1005 990 nullo
1027 930 1111 990 modo
1134 947 1231 1004 posse,
1253 931 1310 990 nisi
1332 947 1389 990 nou

172 1035 345 1095 introductis
368 1034 421 1094 scd
441 1035 660 1108 inperpetuum
680 1035 803 1094 exclusis
825 1035 962 1108 Jesuitis,
984 1036 1091 1108 quippe
1108 1035 1158 1108 qui
1176 1035 1295 1108 Imperii
1309 1036 1390 1108 leges

171 1155 322 1213 nunquam
343 1139 429 1212 plene
447 1139 596 1212 accepturi
620 1144 650 1197 et
672 1140 814 1198 servaturi
841 1145 946 1198 essent
989 1139 1089 1198 Etiam
1104 1139 1155 1198 alii
1172 1140 1298 1213 episcopi
1315 1139 1389 1198 Ger·

172 1245 294 1318 manici,
318 1243 419 1303 eodem
443 1260 520 1302 auno
535 1243 685 1316 Herbipoli
707 1245 884 1317 congregati,
907 1243 1094 1317 Docilingero
1117 1249 1149 1302 ut
1171 1243 1275 1302 eximio
1287 1243 1389 1302 Eccle-

173 1351 238 1410 siae
261 1348 372 1408 doctori
395 1364 429 1408 ac
452 1349 608 1407 consultori
631 1364 688 1406 uno
710 1346 772 1407 iere
794 1348 891 1407 animo
915 1345 1150 1422 applauserunt.¹
1196 1349 1250 1421 Qui
1272 1347 1388 1422 quidem

174 1471 242 1513 mox
268 1471 332 1513 eum
360 1453 434 1512 alius
462 1454 640 1527 postellum
669 1452 871 1512 deseruerunt
920 1452 991 1512 Inde
1020 1453 1057 1513 ab
1084 1471 1119 1512 eo
1150 1453 1227 1512 enim
1258 1459 1388 1526 tempore

174 1559 297 1632 bellum,
325 1574 343 1617 a
372 1557 490 1617 Jesuitis
517 1559 577 1629 jam
609 1563 698 1616 autea
728 1557 887 1617 catholicae
914 1556 1123 1617 Germanorum
1150 1557 1317 1632 theologiae
1346 1558 1390 1616 in-

174 1663 302 1736 dictum,
330 1678 365 1720 eo
386 1663 477 1734 magis
498 1661 737 1736 ingravescebat,
765 1679 822 1735 quo
844 1663 936 1736 magis
958 1663 1040 1720 curia
1061 1663 1131 1721 licet
1152 1662 1297 1722 interdum
1319 1662 1390 1720 hae-

173 1767 266 1826 sitans
295 1767 434 1840 instituit,
467 1771 500 1824 ut
531 1767 667 1825 universa
700 1767 824 1825 ecclesia
857 1782 909 1826 sua
939 1767 1116 1826 Jasuitarum
1144 1767 1278 1826 societati
1306 1767 1389 1840 quasi

174 1869 390 1930 adnecteretur.
435 1869 543 1929 Contra
571 1871 651 1928 illam
677 1870 802 1944 denique
828 1871 1006 1945 theologiam
1036 1871 1207 1930 Vaticanum
1231 1869 1389 1930 Concilium

173 1991 310 2050 magnam
331 1981 446 2048 partem
464 1975 641 2034 intentatum
664 1969 754 2036 erat.¹
788 1975 897 2034 Verum
919 1975 980 2050 illa,
1002 1977 1131 2048 quamvis
1153 1991 1307 2050 repressa,
1329 1992 1390 2034 uon

173 2085 290 2138 mortua
321 2084 419 2138 tammr
449 2079 501 2138 sed
527 2080 565 2139 ad
594 2079 790 2153 arripiendam
820 2079 981 2152 pleniorem
1003 2081 1169 2139 libertatem
1192 2080 1388 2153 evangelicam

173 2185 257 2258 quasi
287 2189 388 2243 coacta
414 2191 467 2244 est
518 2184 665 2244 Romanae
695 2185 836 2243 ecclesiae
864 2184 1098 2243 reformationem
1125 2185 1160 2257 ii,
1190 2185 1238 2257 qui
1268 2184 1389 2242 Palaeo-

175 2289 312 2347 catholici
333 2294 480 2362 vocantur,
503 2304 624 2360 poscere
647 2293 855 2362 perrexerunt,
885 2288 938 2347 sed
958 2289 1000 2347 ita
1022 2293 1055 2346 ut
1074 2289 1135 2362 jam
1149 2289 1273 2362 primum
1289 2287 1390 2346 decre·

173 2399 270 2451 torum
302 2393 509 2452 vaticanorum
548 2393 733 2453 abolih'onem
767 2394 957 2468 postularent.
1016 2391 1096 2463 Quae
1128 2394 1154 2452 si
1185 2392 1263 2452 lacta
1292 2391 1390 2466 fuerit,

175 2503 276 2556 cetera
305 2495 391 2557 lacile
421 2502 592 2570 sequentur,
623 2497 647 2554 si
670 2514 729 2556 non
750 2496 814 2572 fiat,
842 2483 961 2571 quaevis
983 2498 1158 2572 declaratio,
1182 2513 1239 2572 qua
1260 2496 1389 2556 nonnulli

172 2601 302 2674 mitigari
317 2601 460 2661 Vaticana
479 2602 616 2676 dogmata
636 2607 666 2660 et
688 2619 752 2660 curn
774 2609 875 2662 vetere
898 2599 954 2661 fide
978 2603 1110 2677 componi
1132 2608 1247 2678 optant,
1269 2601 1406 2676 puerilis-

173 2705 254 2763 lusus
285 2706 349 2764 erit.
399 2705 446 2764 Sic
473 2707 561 2780 igitur
584 2707 715 2766 omnibus
745 2707 905 2766 catholicae
929 2708 1072 2768 ecclesiae
1092 2708 1192 2781 sociis,
1226 2707 1389 2781 quicunque

174 2827 242 2868 eam
263 2810 525 2870 mereJesuiticam
548 2811 718 2871 societatem
741 2827 805 2870 esse
829 2817 859 2870 et
881 2827 1000 2874 manere
1023 2813 1136 2886 nolunt,
1160 2817 1255 2872 certus
1274 2810 1389 2884 quidam

173 2913 240 2972 finis
269 2915 432 2988 propositus
460 2919 512 2974 est.
558 2914 667 2974 Contra
688 2915 847 2976 Concilium
869 2917 1039 2975 Vaticanum
1070 2916 1172 2975 illido
1196 2913 1389 2974 fundamentis

172 3015 243 3076 fidei
265 3021 449 3078 consentiunt
471 3035 534 3078 cum
557 3020 743 3095 Tridentino,
766 3025 909 3094 quatenus
932 3021 987 3079 hoc
1009 3022 1139 3080 sessione
1163 3026 1266 3093 quarta
1288 3019 1389 3078 decre·

173 3123 232 3194 rit,
255 3123 326 3182 nihil
349 3140 414 3183 esse
434 3123 625 3198 credendum,
647 3125 704 3184 uisi
730 3125 805 3198 quod
829 3125 1012 3184 contineatur
1034 3125 1065 3182 in
1087 3125 1231 3196 scriptura
1252 3139 1337 3182 sacra
1359 3129 1389 3180 et

173 3229 253 3300 ,siue
276 3229 383 3301 scripto
406 3227 623 3302 traditionibus,
646 3245 721 3302 quae
743 3229 834 3302 ipsius
847 3227 954 3287 Christi
978 3245 1029 3288 ore
1045 3227 1082 3286 ab
1097 3228 1234 3302 apostolis
1248 3233 1387 3302 acceptae

173 3339 226 3390 aut
247 3332 283 3390 ab
305 3333 375 3405 ipsis
398 3333 551 3408 apostolis,
575 3333 684 3407 Spiritu
706 3340 806 3392 sancto
829 3333 973 3407 deuote,
996 3333 1078 3406 quasi
1099 3349 1153 3406 per
1174 3348 1275 3392 manus
1299 3331 1389 3391 tradi·

172 3443 223 3496 tae
253 3437 289 3496 ad
317 3453 369 3496 nos
395 3453 486 3510 usque
515 3437 722 3511 pervenerint‘
767 3438 858 3510 Quam
890 3438 987 3510 legem
1008 3453 1086 3496 nunc
1108 3437 1243 3496 Vaticani
1266 3435 1388 3496 Concihi

173 3542 304 3600 essedae
337 3558 388 3601 ore
423 3541 538 3614 quidem
571 3541 752 3617 confitentur,
786 3559 891 3602 revera
917 3542 1007 3601 multo
1035 3542 1180 3615 apertius,
1216 3557 1303 3616 quam
1331 3541 1388 3614 ipsi

172 3651 272 3718 patres
295 3645 472 3722 Tridentini,
497 3646 750 3720 uansmediuutur
773 3653 802 3706 et
825 3648 946 3720 tollunt,
976 3664 1062 3720 quum
1084 3662 1159 3704 nova
1181 3646 1233 3705 illa
1252 3647 1388 3720 dogmata

171 3751 353 3824 acceperint,
384 3767 473 3825 quae,
505 3753 562 3810 nisi
588 3752 727 3810 historiae
755 3752 971 3811 ecclesiasticae
999 3751 1165 3824 turpissime
1196 3751 1290 3825 ignari
1312 3757 1387 3823 sunt,

170 3855 279 3927 optime
299 3856 393 3914 sciunt
415 3873 433 3914 a
455 3857 613 3916 vetustiore
637 3857 763 3916 eeclesia
785 3857 963 3916 alienissima
981 3856 1070 3915 fuisse
1093 3871 1188 3927 neque
1205 3859 1274 3912 ante
1289 3859 1388 3911 nostra

170 3967 304 4030 tempora
326 3959 356 4016 in
379 3959 443 4032 ipsa
467 3961 593 4020 ecclesia
616 3959 748 4020 Romana
767 3977 905 4036 ,semper,
927 3961 1034 4034 ubique
1059 3965 1091 4018 et
1113 3959 1149 4017 ah
1172 3957 1303 4016 omuibus
1324 3972 1387 4014 crc-

168 4061 256 4120 dita.‘
301 4061 410 4122 Contra
431 4065 483 4123 hos
506 4081 576 4124 vcro
599 4083 634 4124 er
656 4067 751 4126 altera
771 4071 854 4138 parto
869 4063 1114 4124 Palaeocatholici
1129 4077 1161 4120 se
1176 4059 1386 4121 confessionem

167 4167 370 4228 Tridentinam
397 4169 570 4230 invariatum
596 4171 726 4230 retinere
751 4171 870 4245 gloriari
891 4174 1052 4242 nequeunt,
1082 4172 1182 4240 utpote
1204 4167 1253 4240 qui
1276 4171 1308 4225 et
1329 4171 1387 4224 tra·

261 4425 285 4491 1)
305 4426 344 4478 ct.
364 4427 511 4489 Friedrich,
537 4427 739 4494 Vorgesolriohte
757 4429 801 4478 dos
819 4425 1017 4477 Vaticanisohen
1036 4424 1138 4476 Concils
1161 4441 1187 4490 p.
1207 4429 1265 4474 248.
1300 4422 1385 4482 Bulla,
1426 4425 1430 4434 '

166 4513 321 4564 Gesohiohte
340 4514 386 4565 der
404 4521 524 4566 nsuostsn
542 4515 599 4566 Zeit
620 4519 817 4577 tart-latr,
835 4513 862 4564 11
881 4531 906 4579 p.
921 4517 962 4564 ld.

258 4601 284 4666 2)
305 4604 335 4654 A.
354 4603 386 4652 de
406 4601 533 4667 Gasparin
551 4603 567 4652 l.
588 4619 609 4651 o.
