3202 5058
546 1297 952 1398 PRAEFATIO.
979 1349 981 1352 ·

698 1506 798 1514 -ῄ-

240 1665 503 1766 Quemadmodum
525 1709 644 1770 vemeu
675 1729 709 1770 m
730 1710 796 1788 paci
818 1716 906 1788 pmm
927 1710 1012 1788 poem
1033 1709 1177 1770 mmmm
1199 1709 1255 1768 um
1276 1707 1351 1767 uum

138 1825 307 1887 studuerim
336 1831 368 1886 et
398 1827 471 1904 quid
501 1828 559 1889 sibi
581 1830 655 1891 velit
677 1831 789 1909 duplex
811 1833 877 1908 ejus
899 1831 1066 1908 inscriptio,
1097 1831 1190 1890 altera
1209 1845 1351 1905 magnum

137 1945 230 2006 unius
265 1945 420 2023 cujusdam
449 1948 555 2009 aetatis
584 1969 694 2012 nomen
722 1969 794 2028 prae
825 1970 858 2012 se
888 1952 1006 2026 ferens,
1041 1951 1135 2011 altera
1163 1950 1201 2010 od
1228 1949 1353 2025 longum

139 2067 308 2128 seculorum
343 2068 502 2128 decursum
535 2075 566 2130 et
597 2071 635 2130 ad
674 2078 863 2148 praesentem
897 2071 1042 2132 ecclesiae
1069 2071 1219 2132 Romanae
1251 2071 1352 2131 condi-

137 2187 258 2248 cionem
287 2187 467 2266 respiciens,
497 2209 533 2250 ea
562 2191 677 2266 omnia,
704 2192 840 2270 quisquis
870 2192 975 2252 eodem
1003 2191 1142 2265 consilio,
1171 2191 1250 2268 quod
1280 2191 1352 2251 sori·

138 2307 237 2369 bendo
260 2311 413 2387 sequebar,
443 2311 553 2388 scripte
574 2311 676 2388 legere
699 2318 731 2374 et
752 2313 924 2374 examinem
946 2311 1203 2390 operaepretium
1225 2311 1352 2386 duxerit,

136 2430 363 2506 Prolegomenis
386 2431 459 2492 satis
480 2433 598 2494 abunde
619 2433 749 2495 indicate
770 2435 912 2495 inveniet

226 2549 317 2612 Nunc
347 2537 423 2613 rero'
446 2559 481 2613 ut
510 2547 654 2616 nonnulle
684 2555 745 2616 illis
767 2556 906 2632 adjiciam
928 2554 1074 2631 singulari
1096 2571 1186 2614 causa
1207 2553 1353 2614 adductus

139 2689 215 2731 sum
269 2671 384 2750 Qffippe
414 2674 566 2751 superiore
597 2693 676 2734 anno
705 2677 837 2753 quinque
869 2675 1000 2753 priorum
1019 2674 1110 2750 hujus
1131 2673 1200 2733 libri
1222 2673 1353 2751 capitum

138 2797 275 2853 trecenta
297 2791 361 2854 fere
383 2794 583 2872 exemplaria,
606 2777 845 2872 ,programmatis
867 2794 1031 2874 paschalie‘
1053 2794 1189 2868 nomine,
1211 2799 1245 2854 ut
1266 2799 1353 2854 vetus

140 2915 199 2975 fert
227 2914 426 2989 consuetudo,
458 2916 540 2993 typis
573 2934 732 2994 expressa,
767 2919 804 2978 ab
830 2894 1033 2977 ¹Uniuersitote
1061 2915 1185 2975 Halensi
1215 2915 1253 2974 ad
1290 2933 1353 2975 oer-
1472 2947 1478 2959 ·

140 3040 188 3095 tos
221 3035 365 3114 quosdam
398 3035 477 3096 viros
507 3037 640 3098 eruditos
679 3043 710 3098 et
743 3038 937 3099 bibliothecas
977 3037 1111 3114 publicas
1143 3038 1235 3098 missa
1274 3041 1352 3097 eunt

141 3155 273 3230 Quorum
317 3157 534 3234 exemplarium
579 3176 674 3218 unum
724 3160 824 3220 neecio
869 3158 1014 3236 quomodo
1055 3157 1216 3218 contriciam
1257 3157 1353 3218 Comi-

141 3276 251 3337 tiorum
277 3276 501 3339 Bonussicorum
540 3279 700 3340 lectionem
737 3279 847 3338 mirum
884 3283 1029 3356 quantum
1065 3277 1199 3337 irritavit.
1250 3277 1354 3356 Itaque

142 3415 246 3458 mense
275 3398 365 3474 hujus
394 3399 466 3459 anni
487 3400 594 3460 Martio
622 3405 685 3460 taes
716 3401 782 3476 ejus
804 3399 993 3476 antesignani
1020 3417 1119 3461 coram
1141 3398 1353 3475 augustissimo

142 3523 307 3593 conventu,
336 3537 449 3579 moram
477 3539 512 3581 eo
545 3520 679 3580 taedium
712 3521 742 3581 ei
777 3523 883 3582 afferre
912 3539 973 3580 non
1001 3521 1106 3594 veriti,
1136 3521 1174 3580 de
1204 3538 1354 3581 commen·

143 3639 269 3714 tatione,
301 3658 391 3718 quam
413 3641 466 3700 vix
487 3641 596 3702 leviter
625 3660 659 3702 se
681 3642 852 3720 inspexisse
874 3660 934 3702 non
956 3643 1122 3718 negabunt,
1145 3641 1354 3719 gravissimum

140 3759 287 3838 judicium
309 3761 458 3840 tuilemmt;
484 3768 586 3823 contra
608 3763 751 3838 eandem,
779 3762 865 3842 quasi
885 3781 943 3824 non
966 3763 1004 3822 ed
1025 3781 1075 3824 res
1097 3768 1197 3839 gestae
1218 3763 1354 3840 aperien-

142 3881 210 3957 das,
244 3882 297 3943 sed
332 3883 370 3943 ad
403 3884 536 3944 convicia
565 3885 708 3946 ecclesiae
738 3884 899 3946 catholicae
932 3883 1096 3962 ingerendo
1126 3883 1236 3960 scripta
1265 3887 1354 3956 esset,

143 4001 235 4062 trium
263 4003 430 4064 orationum
460 3973 570 4083 partim
602 4007 675 4066 satie
698 4007 853 4082 longanum
875 4005 1001 4066 fulmina
1022 4005 1202 4080 emiserunt;
1224 4002 1354 4082 denique

142 4123 179 4184 ab
208 4123 410 4186 illustrissimo
432 4124 569 4186 Ministro
591 4127 686 4204 Regio
716 4127 956 4205 postulavemmt,
985 4131 1020 4185 ut
1041 4123 1160 4201 publica
1181 4101 1353 4184 auctoritate

141 4250 174 4306 et
210 4245 385 4324 scriptorem
419 4265 508 4326 quam
542 4249 732 4310 severissime
765 4248 925 4325 castigaret
956 4253 991 4307 et
1022 4245 1097 4305 libro
1133 4245 1200 4322 ejus
1233 4245 1355 4322 posthac

140 4365 308 4443 evulgando
343 4385 376 4428 se
413 4375 583 4446 opponeret.
636 4369 721 4444 Quod
753 4387 846 4448 quum
878 4367 1007 4428 assecuti
1042 4384 1102 4427 uon
1134 4369 1253 4440 essent,
1280 4367 1354 4443 quin

138 4488 234 4548 immo
262 4507 387 4566 parvum
414 4489 552 4550 libellum
572 4489 729 4564 latinum,
758 4489 836 4570 quod
866 4489 1021 4549 obscurare
1051 4487 1084 4547 in
1112 4486 1211 4547 animo
1244 4484 1353 4546 habue-

138 4613 224 4684 rant,
250 4608 341 4670 inviti
361 4609 579 4684 illumtraesent,
602 4609 869 4688 prudentissimum
891 4626 1040 4688 quemque
1062 4605 1199 4669 menonis
1221 4605 1355 4668 sodalem
