3202 5058
639 309 731 358 Curur
749 309 784 358 Il.
1254 365 1261 376 ,
1279 307 1314 362 49

119 523 245 596 opinatus
275 522 386 596 fuerat,
414 521 459 580 fas
486 538 551 580 csse
578 522 723 581 interdum
753 521 851 596 Papae
883 525 965 595 jussa
997 523 1175 596 transgredi,
1208 523 1322 596 publice

117 627 207 685 subito
237 628 409 698 docuerunt3
443 626 536 700 ,illius
574 633 748 700 potestatem
783 643 841 687 non
871 633 980 686 tantm
1013 644 1094 700 esse,
1127 633 1263 700 quantam
1294 629 1322 686 ei

114 731 208 803 plures
229 736 286 792 tam
307 732 340 789 in
361 747 462 804 regem
486 745 571 803 qnam
594 732 626 788 in
650 732 799 804 episcopos
822 731 1033 804 vindicassent3
1056 732 1080 789 si
1102 731 1215 804 judices
1231 731 1324 792 eccle·

114 837 218 893 siastici
248 853 301 894 sua
330 841 473 908 potestate
496 836 695 909 abuterentur,
723 836 781 893 vim
803 835 895 908 passis
924 836 1069 910 integrum
1097 853 1161 894 csse
1185 837 1322 894 auxilium

114 941 191 1014 regis
220 937 419 1013 implorare.‘¹
463 940 526 998 Hoc
557 940 653 998 auimo
678 940 738 1011 jam
770 945 923 1012 antequam
950 939 1099 999 decretum
1126 940 1198 998 illud
1221 941 1323 1014 papale

113 1045 215 1118 exiret,
236 1045 414 1103 Jesnitarnm
439 1043 593 1103 Generalis
616 1043 730 1102 Riccius
757 1045 888 1116 legatum
917 1043 954 1102 ad
976 1043 1159 1102 Fridericum
1184 1045 1322 1116 Magnam

113 1149 241 1222 miserat,
265 1150 314 1221 qui
337 1154 452 1222 peteret
473 1149 510 1207 ab
534 1164 586 1222 eo,
609 1155 642 1206 nt
665 1149 813 1207 societatis
835 1153 1029 1220 protectorem
1048 1149 1163 1222 publice
1180 1164 1211 1206 se
1227 1149 1324 1208 decla-

115 1250 229 1326 raret32
250 1259 352 1326 postea
374 1253 405 1311 in
422 1252 558 1312 Borussia
580 1259 678 1326 spreto
693 1253 774 1326 Papa
783 1253 961 1338 Jesuitarum
984 1233 1109 1312 societas
1131 1269 1186 1326 per
1207 1252 1323 1326 aliquod

113 1364 222 1430 tempus
242 1359 409 1431 permansit.
454 1358 544 1418 Simul
567 1357 751 1432 Eujesnitac,
772 1356 914 1416 mendacii
939 1358 1070 1430 apostoli,
1093 1373 1162 1430 quos
1184 1357 1322 1431 Angusti-

113 1479 166 1520 nus
182 1463 344 1521 Tbeinerus
365 1467 463 1536 vocat,
486 1461 666 1522 foedissimas
685 1461 843 1520 calumnias
863 1462 893 1519 in
908 1459 1087 1520 Clementem
1111 1479 1163 1535 per
1178 1461 1324 1536 Europam.

115 1573 144 1625 et
178 1568 357 1625 sermonibus
381 1573 411 1625 et
443 1567 602 1626 innumeris
624 1567 732 1626 libellis
754 1565 944 1640 spargebant3
973 1565 1082 1625 Romae
1110 1567 1182 1625 duas
1202 1583 1323 1626 vesanas

114 1669 234 1729 feminas
261 1673 487 1744 instigaverunt,
518 1688 593 1744 quac
620 1670 800 1744 ineptissima
822 1670 934 1728 somnia
956 1685 1009 1728 sua
1031 1677 1167 1744 tanquam
1188 1673 1323 1730 vaticinia

113 1777 149 1833 ab
172 1777 234 1849 ipsa
249 1776 346 1834 Maria
364 1777 476 1849 virgine
496 1779 597 1834 sonna
611 1775 719 1847 Papam
742 1773 874 1833 revelata
896 1775 926 1831 in
946 1775 1092 1848 publicum
1117 1777 1253 1848 ederent3
1276 1777 1325 1834 alii

114 1886 235 1938 mortem
264 1897 377 1939 veneno
404 1883 450 1940 vel
480 1876 607 1953 pugione
638 1881 680 1938 illi
707 1876 887 1937 inferendam
906 1877 1148 1954 minitabantur3³
1175 1886 1325 1954 postquam

114 1985 172 2042 vita
195 1985 349 2043 defunctus
372 1991 430 2058 est,
453 1985 730 2058 impudentissimum
754 1982 935 2041 mendacium
958 1983 1216 2058 circumferebant,
1244 1986 1325 2058 quasi

113 2095 229 2162 propter
257 2090 439 2148 commissum
466 2089 496 2148 in
524 2095 655 2148 sanctum
681 2089 825 2160 ignatium
851 2087 946 2144 scelus
976 2093 1073 2145 mente
1101 2089 1245 2146 alienatus
1274 2089 1324 2146 illc

113 2191 240 2254 fuisset.⁴
283 2193 392 2264 Quibus
421 2177 552 2253 omnibns
577 2193 685 2266 patuit,
714 2208 800 2264 quam
824 2193 902 2263 juste
930 2191 1016 2265 ordo,
1042 2192 1090 2264 qui
1119 2197 1162 2248 tot
1185 2195 1324 2264 tuumque

113 2304 240 2356 monstra
261 2303 432 2371 pepererat,
456 2313 625 2371 suppressus
644 2301 730 2354 esset.

199 2403 391 2461 Nihilominus
422 2399 542 2460 fanatici
573 2402 701 2475 ejusdem
728 2398 841 2458 farinae
864 2399 995 2458 homines
1028 2397 1178 2458 Clemente
1212 2406 1324 2459 mortuo

113 2507 252 2580 paulatim
278 2508 309 2564 in
339 2507 421 2566 curia
449 2507 681 2579 praevaluerunt.
726 2505 791 2564 Jam
813 2504 919 2563 iterum
941 2504 986 2562 illi
1008 2503 1133 2563 absoluti
1156 2503 1326 2564 Pontificum

112 2612 229 2685 imperii
251 2615 482 2685 propugnatores
506 2611 685 2668 exstiterunt
735 2609 798 2668 Hoc
821 2609 974 2682 imperium
1000 2609 1172 2668 resolutioni
1197 2610 1325 2668 Franco·

112 2716 250 2790 gallicae,
273 2715 328 2773 boc
350 2715 524 2788 Napoleonis
548 2713 693 2788 tyrannidi
714 2712 914 2786 opponendum
939 2729 1003 2772 esse
1026 2713 1176 2775 docebant.
1223 2717 1325 2788 ltaque

112 2820 167 2878 Pio
191 2819 254 2878 VII.
282 2818 430 2892 Pontifici,
460 2821 509 2892 qui
531 2820 580 2891 pia
600 2819 741 2876 malorum
763 2817 919 2876 tolerantia
940 2818 1031 2892 magis
1053 2833 1140 2891 quarn
1161 2835 1233 2878 sana
1254 2821 1326 2894 ,spi-

111 2927 220 2982 rituum
248 2922 436 2982 discretione‘
462 2921 656 2982 Christianum
683 2939 714 2981 se
744 2922 896 2996 praebuit,
920 2923 969 2980 isti
991 2921 1121 2982 homines
1144 2929 1173 2982 et
1195 2929 1325 2982 veterem

113 3029 241 3086 fabulam
264 3029 300 3087 de
324 3027 476 3087 Clemente
498 3028 529 3085 in
551 3027 686 3086 vecordia
708 3033 821 3084 mortuo
843 3021 1081 3100 persuaserunt,⁵
1101 3033 1131 3084 et
1151 3044 1254 3086 novum
1276 3028 1326 3088 ad-

111 3133 207 3191 ditum
237 3133 434 3206 mendacium,
465 3133 545 3206 quasi
572 3133 633 3204 jam
670 3131 812 3206 ,unanimi
845 3128 908 3188 fere
940 3131 1029 3187 totius
1062 3129 1141 3188 orbis
1169 3131 1325 3190 consensn‘

110 3238 262 3296 sodetatis
291 3237 362 3296 Jesn
396 3238 542 3296 restitutio
577 3237 721 3295 instanter
752 3233 973 3306 efflagitaretur.
1030 3231 1112 3302 Quod
1145 3235 1327 3293 mendacium

110 3345 144 3401 in
181 3342 274 3416 bulla,
305 3359 362 3414 qua
395 3343 471 3400 hanc
504 3342 674 3400 societatem
707 3340 850 3411 restitnit,
890 3337 953 3395 veri
979 3337 1073 3396 instar
1100 3340 1326 3414 pronuntiatum,

110 3462 180 3504 mox
206 3463 289 3519 quarn
320 3447 505 3519 impudenter
534 3443 686 3505 confictum
718 3449 797 3502 esset
823 3442 923 3501 videre
952 3443 1062 3516 potuit,
1086 3460 1171 3516 quum
1200 3445 1326 3518 nudique

110 3566 214 3608 ornnes
245 3551 308 3609 fere
338 3556 439 3622 gentes
466 3551 627 3609 catholicae
651 3553 681 3606 et
710 3549 788 3607 inter
819 3563 868 3606 eas
890 3547 1012 3620 piissimi
1031 3553 1117 3620 atgue
1141 3549 1327 3608 eruditissimi

109 3655 167 3712 viri
187 3655 363 3713 restitutioni
385 3655 427 3712 illi
450 3655 650 3714 reclamarent.
686 3653 744 3712 Sed
759 3669 858 3711 verum
871 3653 970 3710 vide're
982 3651 1050 3710 Pius
1061 3653 1125 3712 VII.
1138 3654 1239 3712 noluit.
1268 3653 1327 3711 Ita·

111 3777 172 3832 que
195 3775 253 3818 non
275 3761 396 3831 mim,
418 3759 493 3834 qnod
515 3775 567 3832 pro
591 3758 763 3817 credulitate
786 3775 839 3815 sua
860 3757 984 3816 versutis
1006 3757 1062 3816 illis
1077 3757 1224 3817 sodalibus
1239 3759 1327 3816 toties

133 3913 372 3922 ...αι’-*-

184 3997 210 4060 1)
229 3995 268 4045 Cf.
286 3997 372 4046 theses
388 3995 416 4047 in
434 3995 572 4046 Germania
591 4012 613 4046 a.
632 4001 698 4047 true
717 3995 876 4059 publicatae,
897 4010 959 4060 quas
979 3995 1009 4043 Α.
1029 3993 1139 4042 Theiner
1157 4007 1187 4041 er
1201 3991 1326 4042 Vaticana

106 4083 268 4134 bibliotheca
284 4083 376 4133 edidit:
396 4081 534 4134 Clementis
553 4099 614 4148 opp.
637 4087 683 4135 etc.
703 4099 728 4146 p.
751 4087 802 4132 365
814 4063 847 4132 s.¹

197 4171 226 4235 t)
245 4172 274 4220 A.
293 4169 417 4233 Tbeiner,
436 4170 551 4222 Clemens
569 4169 641 4224 ΧΠ.
660 4178 721 4222 torn.
740 4169 775 4219 11.
803 4186 827 4232 p.
848 4173 906 4218 265.

198 4259 226 4322 3)
246 4256 344 4306 Ibidem
363 4273 389 4322 p.
408 4263 468 4308 510.

196 4345 224 4410 4)
243 4343 301 4394 Hoc
319 4345 475 4394 mendacium
497 4343 612 4394 indubiis
631 4343 785 4394 testimoniis
803 4341 929 4391 refellitur
947 4339 1040 4390 ibidem
1060 4344 1111 4390 stt
1123 4356 1155 4394 ss.
1182 4345 1241 4392 eos.
1267 4345 1325 4391 bii.

196 4431 224 4497 b)
245 4429 274 4479 ld
293 4431 514 4482 credensJesuitis
533 4432 560 4480 in
579 4432 727 4496 captivitate
738 4429 839 4479 Gallica
857 4427 956 4492 timuit,
975 4443 1006 4476 ne
1024 4433 1049 4476 et
1067 4427 1123 4492 ipse
1141 4435 1223 4478 mente
1236 4431 1326 4493 captus

102 4524 257 4570 moreretur.
293 4517 367 4573 Quod
385 4525 474 4570 narrat
492 4519 594 4568 Paeon
614 4519 653 4568 in:
672 4509 792 4576 memorie
811 4517 934 4578 studebo,
961 4515 1043 4564 Roma
1062 4519 1129 4565 1830
1147 4533 1173 4580 p.
1194 4519 1251 4564 238.
1289 4513 1327 4564 Cf.

102 4607 211 4666 Huber,
230 4605 276 4654 der
294 4605 520 4656 Jesuiten-Orden
538 4621 563 4669 p.
585 4611 643 4655 etr.

150 4706 360 4750 Scblottmanui
374 4707 477 4750 Erasmus
491 4705 610 4754 redivivos.
1087 4695 1106 4750 4
