3156 5056
256 302 308 359 178
731 297 835 354 Punrr's
861 304 976 356 Paroars

255 524 378 583 diximus
405 519 557 594 praesidiis
586 520 676 579 fretus
709 521 813 579 iterum
842 523 1002 595 iterumque
1029 523 1207 596 persuadere
1239 523 1295 584 sibi
1323 520 1471 596 studebat,

256 627 319 688 fieri
341 643 424 701 posse
447 630 480 684 ut
500 625 594 685 bonae
613 624 734 684 litterae
752 630 783 686 et
805 627 902 685 sanior
924 627 1071 701 theologia
1094 628 1182 687 etiam
1200 627 1310 688 Mutae
1334 628 1473 702 civiliter,

256 737 288 790 ut
310 732 365 806 ait,
388 732 570 804 irrepereut;
593 729 648 787 hoc
669 729 764 788 animo
787 729 935 790 admonuit
956 732 1049 790 virum
1070 732 1196 806 pietate,
1218 732 1390 806 eruditione,
1412 733 1472 790 oir-

256 833 474 909 eumspicientia
495 834 652 907 insignem,
674 832 850 908 Sadoletum,
872 841 904 892 nt
926 841 1079 908 ,quantum
1100 841 1200 909 posset
1222 851 1323 895 sacrae
1346 837 1473 908 scriptu-

255 959 307 1002 rae
330 939 471 1012 studium,
495 938 579 996 nimis
602 937 651 996 diu
674 937 735 996 illic
757 939 948 1012 languescens
969 940 1121 1000 sublevare
1143 939 1300 1014 pergeret‘
1346 939 1471 1012 Campe·

255 1047 333 1120 gium
365 1045 508 1118 aliosque,
542 1043 646 1116 quibus
681 1043 786 1101 similia
820 1045 950 1118 scripsit,
984 1045 1083 1104 risisse
1110 1059 1147 1103 ea
1177 1046 1224 1103 vel
1252 1061 1341 1118 aegre
1367 1044 1471 1102 tulisse

255 1149 436 1210 crediderim.
481 1147 596 1206 Revera
624 1146 679 1206 hac
707 1163 741 1206 ex
771 1153 855 1221 parte
884 1149 922 1208 ad
943 1148 1108 1223 Erusmum,
1134 1149 1205 1208 licet
1234 1150 1306 1208 alias
1328 1164 1385 1206 non
1409 1154 1469 1206 tam

255 1256 353 1328 exigui
380 1253 469 1312 animi
494 1249 596 1326 fuerit,
626 1267 711 1324 quam
739 1252 825 1324 vulgo
847 1257 973 1328 putatur,
994 1255 1062 1326 jure
1085 1253 1248 1314 traduxerit
1270 1254 1374 1326 aliquis
1394 1267 1471 1325 quae

255 1361 304 1420 ille
328 1359 412 1418 dixit:

430 1511 528 1585 Serpit
549 1510 627 1569 humi
649 1515 727 1569 tutus
748 1511 867 1570 nimium
888 1513 1061 1610 timidusque
1082 1515 1226 1588 procellae
1251 1546 1292 1556 —

426 1617 459 1674 In
482 1616 583 1674 vitium
606 1615 687 1673 ducit
704 1617 809 1691 culpae
831 1615 906 1690 fuga.

340 1771 406 1846 Ipse
436 1770 583 1830 interdum
606 1771 714 1844 sensit,
745 1786 776 1830 se
801 1787 923 1844 suosque
945 1772 991 1832 sni
1014 1773 1123 1831 similes
1146 1774 1272 1846 impares
1295 1789 1357 1832 esse
1383 1777 1467 1832 tanto

252 1876 388 1951 negotio,
412 1891 467 1934 nco
489 1875 546 1932 nisi
568 1875 634 1934 aliis
657 1873 766 1932 viribus
787 1876 909 1949 aliisque
930 1877 1058 1935 consiliis
1079 1878 1150 1936 illud
1172 1877 1270 1950 perlici
1293 1891 1386 1950 posse.
1432 1875 1469 1934 Id

256 1982 440 2054 aliquatenus
473 1979 533 2053 jam
572 1976 617 2036 iu'
634 1978 867 2038 adnotationibus
908 1980 945 2039 ad
980 1980 1093 2040 Novum
1127 1982 1357 2054 Testamentum,
1395 1995 1470 2052 quas

251 2086 344 2146 Leoni
365 2085 402 2144 X.
435 2083 594 2158 dedicarit,
630 2082 774 2158 significat
800 2085 844 2142 his
878 2084 987 2145 verbis:
1020 2085 1155 2160 ‚Utinam
1181 2086 1335 2160 aliquando
1363 2101 1469 2158 exper-

252 2191 379 2265 giscatur
402 2187 533 2248 Christus
561 2193 592 2247 et
619 2188 674 2246 hoc
696 2188 844 2247 ludaismo
872 2193 959 2261 atque
990 2189 1046 2249 hac
1073 2190 1228 2264 tyrannide
1249 2190 1355 2250 liberet
1375 2205 1468 2263 popu·

252 2295 311 2353 lum
336 2310 434 2366 suum,
462 2293 519 2351 nisi
551 2290 626 2381 {orte
648 2292 714 2352 ideo
734 2309 786 2352 nos
808 2292 947 2367 redemit,
978 2298 1010 2351 ut
1028 2293 1191 2368 hujusmodi
1213 2294 1356 2368 portentis
1375 2294 1468 2352 servi·

252 2398 352 2458 amus.‘
396 2398 476 2469 Quae
498 2396 587 2456 rerha
598 2393 768 2456 Pontificem
789 2397 887 2470 illum,
915 2397 940 2455 si
953 2397 1028 2456 forte
1050 2399 1170 2473 legerit,
1192 2398 1279 2458 facile
1300 2398 1468 2471 neglexisse

251 2503 427 2577 putaverim3
457 2517 492 2562 eo
515 2499 648 2560 acerbius
671 2516 741 2560 vero
764 2506 795 2560 et
816 2501 982 2560 iracundius
1004 2502 1123 2575 posthac
1146 2502 1282 2562 albertus
1305 2502 1384 2560 Pius·
1397 2501 1471 2560 Gar-

252 2608 366 2682 pensis‚
390 2605 529 2679 Princeps
551 2605 709 2678 Romanus,
739 2605 892 2678 opprobrio
914 2621 950 2664 ea
972 2605 1094 2665 Erasmo
1117 2609 1205 2666 vertit
1227 2608 1311 2679 quasi
1333 2607 1469 2678 sentiret,

252 2713 329 2770 hunc
355 2712 398 2785 id,
427 2710 503 2783 quod
530 2709 658 2782 suscepit
687 2709 849 2785 Lutherus,
879 2710 1093 2784 suscipiendum
1124 2712 1185 2783 jam
1211 2716 1279 2772 ante
1307 2712 1469 2770 Luthernm

252 2817 314 2875 illie
334 2817 537 2889 proclamasse.
582 2814 645 2873 Nec
667 2813 753 2888 longe
776 2814 878 2873 aberat
900 2830 919 2872 a
939 2831 1016 2874 vero.
1061 2815 1179 2874 Etenim
1193 2815 1341 2874 Lot-herus
1363 2817 1470 2874 multas

253 2936 316 2994 res,
347 2935 418 2993 quas
439 2918 579 2978 Erasmus
601 2916 701 2991 perfici
724 2919 869 2992 voluerat,
892 2919 1011 2977 heroica
1032 2920 1120 2978 animi
1143 2917 1313 2979 fortitudine
1336 2917 1470 2993 perfecit.

253 3025 349 3098 Quare
376 3025 461 3084 initia
491 3026 554 3098 ejus
574 3023 714 3082 Erasmus
743 3039 807 3081 cum
835 3039 944 3081 summo
971 3024 1077 3096 gaudio
1108 3029 1138 3082 et
1165 3040 1285 3082 assensu
1308 3025 1471 3098 gratulatus

253 3134 307 3190 est.
352 3129 411 3190 Sed
440 3128 578 3189 nonnulla
605 3129 636 3186 in
667 3144 702 3187 eo
727 3128 788 3201 jam
816 3133 884 3184 tnnc
913 3127 1097 3200 vituperabat
1119 3133 1150 3186 et
1171 3128 1372 3202 desiderabam
1394 3144 1469 3201 quae
1575 3143 1576 3200 ἦ

252 3237 324 3295 vitia
346 3235 543 3296 crescentibus
566 3235 772 3294 controversiis
795 3249 830 3292 ac
852 3234 955 3308 pugnis
977 3234 1008 3290 in
1030 3233 1093 3292 dies
1109 3251 1242 3294 crescere
1266 3238 1294 3294 ei
1316 3235 1378 3294 sisa
1393 3241 1468 3295 sunt

253 3338 362 3398 Exorto
386 3340 539 3398 schismate
562 3339 630 3412 alii,
660 3353 775 3396 omnem
805 3336 994 3410 perturbatae
1016 3338 1097 3410 pacis
1123 3340 1237 3412 culpam
1256 3340 1286 3397 in
1309 3338 1469 3398 Luthernm

254 3442 456 3516 conferentes,
481 3448 514 3501 nt
535 3442 715 3500 haereticum
731 3447 762 3500 et
784 3419 1018 3500 haeresiarcham
1042 3442 1123 3501 letali
1145 3443 1210 3502 odio
1232 3443 1313 3502 illum
1336 3459 1471 3502 exsecre-

254 3545 374 3618 bantur,
396 3545 447 3603 alii
470 3551 502 3603 ut
525 3545 711 3619 evangelicae
733 3545 865 3604 veriatis
887 3545 1030 3604 vindicem
1054 3551 1136 3620 grato
1158 3548 1255 3606 auimo
1276 3564 1342 3606 eum
1361 3547 1471 3620 ample-

255 3647 421 3708 ctebantur:
445 3649 494 3721 qui
516 3649 623 3722 partim
638 3650 718 3722 jnsta
740 3648 930 3708 admiratione
950 3651 1028 3722 justo
1050 3651 1164 3724 longius
1187 3657 1338 3725 tantopere
1354 3651 1471 3725 abrepti

254 3759 337 3828 sunt,
367 3759 400 3812 ut
426 3751 463 3812 ab
489 3753 622 3812 omnibus
652 3752 715 3812 fere
745 3754 809 3826 ejus
836 3755 990 3814 sententiis
1017 3759 1047 3814 et
1069 3755 1166 3814 verbis
1185 3756 1356 3829 penderent.
1401 3756 1470 3830 lpse

253 3843 392 3919 Erasmus
422 3859 519 3918 uentri
547 3857 624 3931 parti
652 3857 793 3917 accedere
823 3857 913 3917 voluit
943 3859 996 3918 sed
1026 3860 1141 3933 utrique
1164 3861 1303 3934 prodesse
1326 3860 1362 3920 ad
1382 3863 1471 3920 resti-

252 3963 389 4024 tuendam
418 3963 621 4037 conoordiam‚
650 3979 735 4036 qnam
764 3978 823 4022 non
847 3962 1029 4037 desperabat
1075 3963 1129 4024 Cui
1160 3969 1241 4024 tanto
1264 3963 1359 4024 officio
1381 3983 1470 4038 quum

253 4069 347 4142 impar
373 4074 464 4144 esset,
493 4069 623 4127 incertus
652 4067 731 4128 inter
752 4074 904 4141 utramque
931 4065 1087 4127 factionem
1108 4071 1171 4144 vel,
1198 4075 1231 4129 ut
1252 4069 1396 4142 utrimque
1418 4070 1471 4128 iis-

253 4171 320 4231 dem
344 4173 440 4232 rerbis
470 4173 522 4232 sed
549 4171 665 4230 diversa
686 4171 840 4244 {sententia
861 4171 968 4246 passim
989 4172 1149 4248 dicebatur,
1171 4175 1250 4234 inter
1272 4173 1415 4233 Christum
1439 4181 1472 4233 et

252 4276 356 4351 Belial,
378 4276 525 4337 haesitare
549 4277 626 4336 visus
649 4282 702 4336 est.
739 4279 804 4337 Nou
818 4283 930 4337 tantum
945 4277 1131 4337 obscurorum
1147 4279 1351 4338 monachorum
1371 4279 1472 4350 sectio,

252 4397 356 4440 verum
376 4383 463 4440 etiam
479 4381 624 4440 Lutherus
647 4382 784 4455 caecique
809 4384 871 4456 ejus
885 4386 1045 4442 secmwrer
1059 4399 1112 4456 pro
1125 4384 1254 4456 sceptico
1269 4389 1300 4443 et
1313 4382 1471 4456 Epicureo,

253 4485 452 4544 achristiana
482 4489 579 4543 mente
609 4484 720 4559 alieno,
749 4503 814 4544 eum
843 4486 998 4545 habebant.
1044 4487 1125 4558 Quod
1145 4491 1291 4559 tamquam
1313 4487 1471 4546 immanem

253 4589 427 4648 calumniam
459 4585 574 4650 lortitm
603 4587 753 4648 declinans
790 4592 826 4650 iis
860 4591 1025 4650 carissimus
1057 4591 1204 4666 manebat,
1241 4592 1290 4665 qui
1323 4591 1471 4666 utrimque
