3144 5092
685 323 773 378 Cesar
791 323 824 376 V.
1316 326 1366 379 121

138 526 333 604 cogitationes
356 545 426 586 suas
448 527 525 586 nihil
548 545 614 588 esse
630 526 691 586 uisi
709 525 885 587 nebulam!¹
921 528 967 586 Ab
986 527 1088 588 eodem
1106 527 1273 589 archiduce
1290 548 1368 589 anno

138 639 208 712 post
230 635 310 694 haud
332 635 443 694 frustra
465 633 583 712 petivit,
611 639 645 694 ut
667 635 788 712 Kepleri
817 634 964 712 epitomen
988 634 1230 712 Gopernicanam,
1258 635 1368 696 Romae

138 742 363 802 condemnatam
387 743 443 802 sibi
467 742 545 802 mitti
564 743 689 820 juberet
737 741 818 816 Quae
840 761 900 802 una
922 761 990 803 oum
1013 743 1161 820 Principis
1184 730 1309 821 epistola
1330 745 1368 803 ad

138 868 208 910 eum
230 849 344 928 perlata
366 853 419 910 est.

246 958 320 1018 Inde
347 957 493 1036 Keplerus
521 976 574 1036 per
600 957 742 1018 Ioannem
770 959 895 1018 Remum
928 958 1075 1018 medicum
1107 962 1137 1018 et
1168 963 1367 1020 astronomum

137 1071 212 1126 tuno
228 1065 362 1126 Viennae
380 1066 549 1142 degentem,
572 1066 658 1143 cujus
680 1066 792 1126 auxilio
811 1066 965 1126 Arohidux
983 1066 1020 1125 ad
1038 1068 1267 1144 comparandum
1284 1067 1367 1126 illius

138 1174 284 1251 scriptum
302 1191 376 1234 usus
395 1178 468 1249 erat,
492 1174 548 1234 hoo
566 1173 677 1234 Romae
695 1179 725 1234 et
743 1174 908 1234 Florentiae
929 1174 1110 1251 prohibitum
1133 1193 1198 1234 esse
1216 1175 1366 1252 comperit.

138 1280 221 1356 Quae
248 1299 372 1342 censura
398 1301 491 1360 quum
518 1281 607 1342 etiam
634 1281 666 1341 in
689 1282 811 1342 Austria
838 1281 897 1358 ipsi
924 1281 1036 1342 auctori
1064 1282 1160 1342 fraudi
1187 1300 1253 1342 esse
1279 1301 1368 1360 posse

137 1390 301 1465 videretur,
328 1389 452 1466 RemuS,
481 1390 534 1468 qui
556 1389 705 1468 quondam
731 1390 765 1449 in
787 1389 936 1450 Romanae
958 1389 1307 1468 Inquisitionis·carcere
1329 1391 1367 1450 ad

138 1515 222 1557 saera
248 1497 403 1558 Pontificio
434 1501 638 1574 transgressus
668 1515 707 1558 ex
733 1498 799 1575 ipsa
827 1497 903 1558 Urbe
934 1497 1100 1558 litterarum
1131 1498 1367 1574 conjunctionem

137 1623 208 1664 cum
230 1604 357 1682 Keplero
380 1605 519 1680 iniemt,2
540 1605 617 1664 nihil
640 1605 784 1682 ejusmodi
806 1605 972 1666 timendum
995 1623 1061 1666 esse
1083 1606 1254 1681 affirmavit,
1277 1605 1366 1666 immo

138 1712 222 1772 illius
244 1712 367 1787 librum,
391 1731 570 1791 quamquam
592 1713 748 1790 diplomati
770 1712 870 1774 Sancti
890 1711 988 1774 Officii
1011 1717 1079 1773 ante
1101 1713 1254 1776 biennium
1276 1714 1366 1772 affixo

136 1824 296 1897 repugnet,
323 1824 435 1896 tamem
468 1824 503 1880 ut
529 1821 594 1898 ipse
622 1821 742 1898 quidem
770 1822 919 1898 opinetur,
946 1821 1006 1898 legi
1034 1839 1103 1881 oum
1129 1821 1250 1880 licentia
1276 1841 1294 1880 a
1316 1821 1366 1882 do-

137 1927 195 1988 ctis
218 1931 249 1987 et
267 1927 369 2004 peritis
392 1928 424 1986 in
442 1928 498 1987 hae
520 1933 582 1988 arte
600 1928 710 1988 Romae
733 1933 763 1988 et
784 1947 838 2006 per
860 1933 951 1988 totam
969 1929 1099 2005 ltaliam3
1123 1928 1219 1988 caveri
1242 1933 1386 2004 tuntum,‘

137 2053 176 2096 ne
208 2035 239 2093 in
272 2035 381 2112 vulgus
414 2035 569 2113 Copernici
601 2035 701 2112 opinio
732 2035 845 2096 Italicis
875 2035 986 2096 libellis
1018 2035 1202 2112 spargatur.³
1255 2035 1366 2095 Eodem

137 2148 270 2221 tempore
296 2143 446 2203 Blanehus
476 2142 581 2203 Comes
607 2143 742 2204 Venetus
769 2143 896 2221 Keplem
929 2143 1060 2220 scripsit,
1093 2143 1232 2221 quoniam
1262 2161 1366 2204 recens

138 2251 178 2311 sit
200 2251 233 2310 in
252 2250 448 2328 Copernioum
465 2250 692 2326 animadversio,
715 2251 897 2311 fervescente
915 2251 1012 2310 adhue
1029 2269 1154 2310 censura
1175 2251 1366 2312 metuendum

138 2376 212 2433 esse,
235 2377 274 2418 ne
291 2357 360 2418 libri
379 2358 488 2418 Romae
505 2358 693 2436 mutilentur;
717 2359 881 2418 illustrium
898 2363 997 2418 tamen
1017 2358 1229 2419 Germanorum
1248 2359 1365 2436 scripta,

138 2466 194 2526 etsi
222 2466 397 2545 quandoque
424 2470 562 2526 vetentur
592 2465 670 2526 olam
701 2465 896 2526 nihilominus
923 2466 1012 2526 vendi
1043 2469 1074 2526 et
1104 2466 1246 2526 attentius
1277 2466 1366 2542 legi⁴

138 2574 296 2652 Propterea
322 2574 402 2634 haud
433 2593 554 2652 pmrsus
586 2573 699 2634 irritam
726 2575 820 2634 fulsse
848 2573 1025 2635 crediderint
1057 2574 1301 2650 ,admonitionem
1329 2574 1366 2633 ad

138 2682 312 2760 bibliopolas
335 2687 451 2742 exteros
474 2682 648 2760 praesertim
665 2682 777 2758 Italos‘,
801 2701 890 2760 quam
912 2682 978 2760 ipse
997 2682 1144 2760 Keplerus
1163 2682 1266 2742 eodem
1288 2701 1365 2741 anno

138 2790 207 2850 novi
239 2795 269 2850 et
300 2789 442 2867 praeclari
475 2790 585 2867 operis,
617 2790 801 2850 harmonices
832 2790 949 2865 mundi,
978 2790 1053 2850 libro
1085 2791 1188 2868 quinto
1220 2790 1364 2867 praefixit

137 2897 206 2958 Illic
227 2903 343 2975 praeter
364 2897 423 2956 alia
445 2897 518 2956 haee
539 2897 680 2974 legrmtur
703 2903 865 2957 memoratu
888 2897 1075 2974 dignissima:

246 3004 371 3082 ,Scripsi
388 3004 462 3065 haee
479 3006 566 3064 homo
585 3004 763 3079 Germanus,
781 3023 862 3064 more
880 3009 910 3064 et
926 3005 1061 3064 libertate
1080 3003 1265 3081 Germaniam
1290 3022 1365 3082 quae

139 3132 198 3193 quo
224 3113 317 3190 major
344 3116 403 3188 est,
435 3112 491 3172 hoc
517 3113 587 3190 plus
616 3112 685 3172 fidei
712 3111 849 3172 conciliat
880 3111 1056 3188 ingenuitati
1083 3110 1364 3188 philosophantium.

139 3221 327 3281 Christianus
345 3225 446 3280 mmen
464 3239 544 3296 sum,
567 3219 709 3280 ecelesiae
726 3219 807 3279 filius
825 3223 855 3278 et
873 3219 1035 3278 doctrinam
1053 3215 1252 3293 catholicam,⁵
1274 3235 1365 3295 quau-

138 3335 203 3388 tum
227 3328 291 3404 ejus
318 3328 356 3387 ad
383 3328 461 3388 hauc
487 3346 582 3406 usque
609 3346 705 3388 meam
731 3331 856 3386 aetatem
879 3343 983 3402 capere
1005 3325 1100 3403 potui,
1128 3343 1188 3384 non
1215 3325 1366 3385 voluntate

138 3441 255 3496 tantum
277 3435 450 3512 amplector,
483 3435 535 3496 sed
563 3435 651 3495 etiam
676 3434 788 3512 judicio
815 3434 978 3515 comprobo.
1026 3432 1150 3511 Culpam
1173 3451 1243 3493 vero
1270 3451 1366 3492 meam

138 3543 268 3619 ingenue
293 3543 397 3618 fateor,
430 3543 482 3621 qui
509 3542 696 3602 cunctatione
722 3542 814 3600 nimia
840 3559 972 3601 meorum
1000 3559 1121 3618 operum
1148 3541 1366 3620 philosophiam

138 3649 310 3710 defensione
337 3669 392 3710 sua
414 3651 586 3711 destitutam
609 3650 775 3728 praeveniri
803 3667 870 3709 sum
897 3666 1012 3727 passus.
1058 3648 1135 3708 Nam
1157 3649 1288 3726 profecto
1310 3649 1366 3708 hoo

136 3757 311 3835 judicabunt
341 3758 418 3819 lecto
450 3759 506 3819 hoc
538 3776 625 3836 opere
657 3757 826 3818 harmonico
857 3756 1027 3817 Italicorum
1062 3761 1092 3816 et
1123 3756 1366 3834 philosophorum

248 4005 274 4074 1)
294 4003 378 4074 Opere
398 4003 665 4059 attumulatus.

246 4093 273 4163 2)
292 4093 400 4163 Kepleri
418 4110 498 4164 opera
515 4093 591 4148 Vss.
615 4094 648 4148 et.
667 4092 707 4148 VI
726 4093 786 4148 534.
823 4091 931 4162 Keplcri
950 4091 1076 4162 epistolae
1099 4109 1123 4161 p.
1140 4093 1200 4146 517.

246 4183 273 4252 3)
292 4183 401 4253 Kepleri
423 4183 550 4253 epistolae
573 4201 598 4253 p.
618 4185 678 4238 517.
718 4183 819 4238 Fodem
846 4199 914 4237 anno
943 4181 1108 4252 (uuum)
1135 4181 1230 4236 nobilis
1258 4181 1366 4250 quidem

138 4271 223 4328 Italus
242 4289 334 4328 omnes
351 4273 460 4344 Kopleri
482 4273 564 4328 libros
582 4273 663 4328 latine
682 4273 794 4343 scriptos
812 4271 929 4328 nancaei
947 4289 995 4342 per
1011 4271 1127 4326 Remum
1146 4271 1226 4340 eupit.
1263 4269 1366 4325 Ibidem

138 4379 163 4433 p.
178 4363 231 4418 529
246 4377 267 4418 s.

244 4453 273 4522 4)
291 4452 393 4507 Ibidem
412 4469 437 4522 p.
453 4453 514 4508 605.
598 4521 602 4534 ὁ

245 4542 273 4613 5)
291 4541 415 4597 Fortasse
438 4541 551 4597 lectores
575 4541 683 4612 quidam
711 4541 963 4598 commonefaciendi
986 4543 1061 4611 sunt,
1089 4541 1160 4610 ipsos
1183 4539 1364 4595 Protestuntes

138 4633 202 4687 tune
221 4631 347 4702 temporis
365 4647 394 4688 se
413 4647 490 4688 vere
508 4631 705 4688 catholicam
724 4631 871 4686 doctrinam
888 4633 979 4692 tenera
998 4647 1103 4701 semper
1120 4629 1293 4700 praedicasse.
