3134 5054
241 295 293 350 262
727 297 828 348 Parme
846 297 959 348 Paroraia

241 514 360 586 ejusque
382 511 497 570 sodales
517 510 607 570 multo
629 511 747 586 propius
770 513 940 587 accesserit,
971 529 1058 586 quam
1079 513 1117 571 ad
1139 517 1253 586 partem
1275 513 1306 572 in
1329 513 1449 572 comitiis

239 616 298 674 illis
320 616 476 674 victricem.
521 613 602 685 Quae
624 631 692 688 pars
713 613 846 674 Caesaris
867 616 984 688 quidem
1005 608 1122 676 intefea
1142 617 1173 675 in
1192 617 1363 690 Hispaniam
1384 634 1450 690 pro·

239 719 308 779 fecti
334 721 459 793 politicis
489 719 647 778 rationibus
678 721 909 796 sustentabatur,
946 721 1002 780 sibi
1031 735 1100 780 vero
1130 721 1290 780 contrarios
1320 722 1351 778 in
1380 719 1451 779 Ger·

240 823 336 882 mania
350 839 450 882 omues
465 822 604 897 habehat,
627 823 790 896 quicunque
810 841 902 884 novae
925 825 1037 898 ingenii
1061 825 1192 884 culturae
1215 829 1283 882 tunc
1305 825 1451 883 nascentis

240 931 271 986 et
300 926 406 1000 ubique
435 926 647 1000 progredientis
675 933 904 1000 propugnatores
936 935 967 990 et
996 934 1156 988 sectatores
1187 932 1279 988 erant
1324 928 1363 986 Hi
1390 927 1451 985 reri

238 1030 416 1104 reipublicae
439 1029 598 1089 litterariae
622 1030 699 1089 cives
721 1047 821 1090 omnes
841 1033 1073 1107 consentiebant,
1093 1033 1235 1092 ecclesiae
1253 1031 1450 1091 condicionem

240 1151 275 1194 ex
298 1134 404 1194 Sacrae
427 1135 586 1208 scripturae
609 1135 711 1208 regula
731 1135 941 1195 emendandam
964 1153 1037 1196 esse.
1073 1135 1202 1209 ideoque
1225 1153 1341 1210 semper
1359 1135 1450 1194 adbuc

240 1241 408 1312 exspectare
431 1236 553 1312 licebat,
576 1235 638 1297 fore
654 1243 686 1296 ut
701 1255 764 1296 cum
779 1239 824 1296 his
839 1242 951 1298 cunctis
968 1240 1106 1299 Erasmus
1122 1246 1151 1299 et
1166 1239 1312 1299 Lutherus
1328 1239 1449 1298 eundem

239 1340 325 1402 finem
350 1343 459 1416 junctis
490 1340 598 1402 vhibus
626 1349 881 1416 persequerentur.
944 1344 1027 1402 Haec
1053 1360 1120 1417 spes
1149 1343 1338 1416 sequentibus
1368 1344 1450 1402 annis

238 1444 379 1519 paulatim
412 1443 545 1506 concidit.
604 1445 685 1504 Tunc
718 1445 834 1504 demum
860 1445 1004 1506 Pontificii
1038 1447 1069 1505 in
1101 1445 1200 1506 futura
1233 1449 1333 1506 secula
1366 1449 1449 1520 plane

238 1548 501 1624 triumphaverunt,
524 1567 610 1623 quum
632 1550 797 1625 respublica
818 1551 966 1611 litteraria
987 1551 1065 1625 apud
1087 1551 1247 1611 Germanos
1268 1551 1387 1626 dirupta
1408 1556 1451 1610 est

239 1667 383 1726 quumque
422 1653 459 1711 ab
490 1654 584 1712 altera
612 1660 696 1728 parte
726 1653 872 1714 Lutherus
904 1670 969 1714 cum
999 1657 1073 1730 suis,
1112 1657 1150 1715 ab
1180 1657 1274 1715 altera
1304 1655 1450 1728 Erasmus,

238 1755 353 1829 Zasius,
389 1755 618 1831 Pirkheimerus‚
652 1757 703 1816 alii
733 1762 892 1834 steterunt,
928 1759 1025 1818 hostili
1056 1759 1152 1819 animo
1180 1775 1212 1818 se
1246 1760 1371 1818 invicem
1400 1760 1450 1816 im-

238 1865 409 1936 pugnantes.
453 1859 500 1920 Ab
529 1861 574 1920 his
603 1861 727 1920 maxime
756 1862 914 1922 inimicitiis
940 1863 1027 1937 longa
1056 1864 1170 1936 patriae
1193 1869 1309 1922 nostrae
1334 1863 1449 1922 miseria

238 1966 353 2026 initium
375 1966 461 2040 cepit.
507 1965 641 2026 Ecclesia
664 1966 835 2042 christiana,
860 1984 945 2040 quam
966 1973 997 2028 et
1014 1968 1186 2026 catholicam
1205 1973 1236 2026 et
1254 1968 1450 2040 evangelicam

237 2085 303 2130 esse
325 2069 463 2130 Erasmus
490 2069 621 2146 volebat,
650 2071 682 2128 in
707 2071 879 2130 catholicam
902 2077 933 2132 et
956 2072 1152 2146 evangelicam
1174 2071 1320 2130 hostiliter
1341 2071 1450 2130 divulsa

238 2181 290 2234 est
336 2173 400 2234 Hoc
426 2173 578 2248 quominus
600 2173 686 2236 fieret
710 2175 761 2234 ille
784 2191 848 2234 eum
870 2175 947 2234 bona
970 2176 1066 2251 gratia
1087 2175 1241 2250 prohibere
1272 2175 1362 2234 etiam
1388 2179 1451 2249 post

237 2279 354 2340 dimissa
380 2279 497 2340 comitia
517 2279 744 2340 Wormatiensia
765 2279 910 2340 studebat.
956 2279 1014 2340 Sed
1037 2280 1074 2340 ah
1096 2281 1141 2338 his
1163 2279 1286 2340 comitiis
1308 2277 1450 2338 Pontificii

236 2401 289 2458 per
302 2383 437 2444 Carolum
453 2383 579 2444 edietum
593 2383 666 2444 illud
681 2384 920 2460 impetraverant,
936 2399 992 2460 quo
1008 2385 1150 2445 ecclesiae
1160 2384 1449 2444 Romanocatholicao

238 2493 268 2548 et
290 2489 368 2548 seria
389 2487 558 2548 reformatio
582 2493 747 2564 arceretur,
779 2495 810 2548 et
831 2491 941 2565 unitas,
972 2490 1067 2564 quoad
1093 2488 1157 2549 fieri
1183 2495 1295 2563 posset,
1318 2490 1448 2563 pervim

238 2595 413 2651 servaretur.
459 2590 572 2652 Idcirco
586 2591 725 2652 Erasmus
744 2594 776 2652 in
796 2609 909 2653 cassum
924 2594 1085 2668 nitebatur,
1108 2599 1154 2667 ut,
1177 2593 1335 2653 universali
1358 2593 1449 2652 eccle-

237 2695 298 2754 siae
329 2693 534 2754 reformatione
563 2711 618 2770 per
637 2696 789 2772 Principes
818 2697 1085 2758 aRomanemibus
1112 2693 1241 2772 extorta,
1267 2697 1449 2771 particularis

237 2799 415 2874 singularum
438 2799 627 2860 ecclesiarum
648 2798 816 2860 reformatio
838 2803 1011 2877 evitaretur,
1039 2803 1174 2862 exoriens
1193 2801 1346 2861 discidium
1366 2817 1450 2860 sana·

236 2909 331 2980 retur,
362 2904 521 2964 christiana
552 2905 649 2965 unitas
677 2905 890 2966 restitueretur.
935 2906 1052 2966 Etenim
1073 2911 1195 2982 propter
1217 2905 1343 2965 edictum
1364 2905 1449 2965 Wor-

236 3009 377 3070 matieuse
390 3008 616 3085 Vitebergenses
638 3009 744 3084 quique
760 3009 798 3068 ad
818 3026 868 3069 eos
882 3011 1062 3070 inclinabant
1076 3012 1169 3070 coacti
1184 3015 1251 3070 sunt
1265 3009 1450 3082 conscientia,

236 3119 269 3173 ut
291 3131 343 3175 suo
366 3115 497 3188 periculo
521 3115 704 3190 gravissimos
728 3115 871 3176 ecclesiae
894 3113 1001 3174 abusus
1027 3115 1083 3189 ipsi
1108 3115 1261 3174 abolerent
1291 3119 1322 3172 et
1344 3114 1450 3172 seriam

235 3233 334 3279 rerum
360 3236 508 3280 sacrarum
534 3219 771 3280 reformationem
801 3219 980 3280 inchoarent.
1040 3219 1122 3291 Quod
1153 3219 1282 3292 quamvis
1310 3217 1450 3276 Erasmus

235 3323 453 3396 improbaverit,
483 3329 581 3384 tamen
602 3325 665 3384 sine
686 3325 801 3384 Erasmi
823 3325 934 3399 ingenii
956 3323 1110 3398 praesidiis
1133 3323 1171 3382 ad
1192 3339 1364 3398 prosperum
1387 3321 1450 3381 diu-

236 3423 383 3498 tinumque
407 3431 542 3486 eventum
562 3427 718 3488 adductum
737 3445 795 3488 uon
814 3445 879 3488 esse
899 3429 930 3486 in
950 3428 1139 3501 sequentibus
1157 3427 1427 3488 demonstrabimus.

813 3671 865 3732 XI.

322 3824 363 3886 Ut
383 3823 522 3884 memoria
545 3823 663 3899 dignum
681 3827 743 3900 jam
758 3825 892 3901 Philippo
906 3825 1127 3886 Melanchthoni
1149 3823 1316 3900 videbatur,
1338 3825 1447 3886 Luthe·

234 3947 298 3990 rum
329 3929 413 3990 initio
442 3929 592 4004 ,tetricum
618 3927 787 4005 disciplinae
819 3929 967 3990 custodem
994 3931 1074 3990 inter
1103 3947 1170 3989 suos
1200 3929 1311 4003 foisse‘,
1342 3945 1448 4004 neque,

234 4041 389 4109 antequam
416 4035 455 4095 ad
477 4041 648 4094 conventum
676 4035 797 4110 Imperii
819 4035 1033 4096 wormatiense
1056 4041 1223 4108 vocaretur,
1252 4033 1282 4092 in
1306 4033 1447 4094 ecclesias

234 4142 314 4201 culto
344 4139 441 4200 divino
470 4145 560 4214 atque
587 4141 797 4201 consuetudine
826 4139 983 4214 quidquam
1011 4143 1148 4199 mutasse.
1203 4137 1317 4213 Quippe
1346 4153 1448 4198 noua

232 4245 346 4322 privato
369 4244 500 4320 homino,
530 4245 582 4305 sed
604 4244 719 4320 publica
741 4245 914 4304 auctoritate
943 4244 1085 4318 eJusmodi
1108 4243 1296 4303 mutationem
1319 4240 1447 4302 efficien-

234 4351 300 4411 dam
330 4366 394 4410 esse
424 4350 578 4424 censebat3
616 4355 771 4424 praeterea
799 4347 952 4408 admodum
985 4349 1142 4409 verebatur
1169 4347 1308 4407 debilium
1337 4347 1447 4406 animos

232 4455 314 4515 novis
335 4455 423 4514 rebus
445 4459 631 4528 praepostere
658 4456 777 4514 tentatis
800 4453 956 4514 offendere.
1004 4453 1112 4514 Postea
1133 4453 1262 4527 demum,
1293 4452 1362 4512 dum
1383 4451 1447 4525 ipse

233 4555 411 4626 aPontifice
433 4557 709 4634 excommunicatus,
732 4557 891 4619 aCaesare
912 4558 1105 4634 proscriptus,
1127 4559 1201 4616 latet
1222 4556 1254 4616 iu
1270 4555 1373 4615 Patmo
1394 4571 1447 4614 sua
