3188 5086
38 856 41 903 l

645 299 737 352 emar
754 298 787 352 V.
1277 297 1327 352 127

1137 389 1327 398 ——..

132 519 156 570 et
173 515 326 588 evangelici
337 519 457 574 eunome
469 515 660 574 Terentianae
673 513 836 574 comoedias
847 515 945 586 pneris
955 513 1094 588 legendas
1104 519 1326 587 proposuerunt.

130 613 275 685 ,stultitiae
305 619 481 677 encominm‘
509 635 566 677 non
593 623 705 677 tantm
735 619 797 676 Leo
819 618 855 676 X.
883 613 1014 698 (tametsi
1045 617 1151 676 Curiae
1181 619 1327 691 corruptio

129 735 215 780 msere
237 723 296 782 illic
318 717 505 802 castigatur),
525 739 624 782 verum
644 725 734 782 etiam
755 724 811 781 siri
833 723 948 782 biblicis
970 723 1072 781 studiis
1094 721 1148 780 toti
1168 721 1273 796 dediti,
1297 727 1329 780 nt

126 824 240 885 loannes
255 827 384 901 Coletus,
404 829 529 887 libenter
544 829 685 901 legerunt.
722 829 853 888 Summus
871 827 916 886 vir
931 827 1060 886 loannes
1081 827 1205 886 Holbein
1223 826 1328 886 additis

126 929 312 1000 pulcherrimis
344 933 502 1006 imaginum
535 931 720 990 lineamentis
753 932 973 990 celeberrimum
1007 932 1174 1004 opusculum
1205 931 1328 1004 ornavit,

124 1031 209 1092 horna
242 1036 374 1110 ejusdem
407 1036 569 1109 apologiam
602 1037 773 1109 composuit.
825 1035 905 1107 Quod
932 1037 994 1108 ipse
1024 1035 1162 1093 Erasmus
1190 1035 1328 1094 adversus

124 1136 248 1210 Dcrpium
270 1141 396 1198 amicum
417 1142 460 1199 lta
482 1139 624 1214 defendit,
647 1147 679 1198 ut
699 1157 736 1199 ne
761 1139 931 1199 Christianis
958 1139 1073 1212 quidem
1096 1139 1255 1198 Horatiano
1277 1141 1326 1198 illo

124 1241 269 1313 ,ridentem
293 1243 393 1304 dicere
416 1243 529 1304 verum‘
549 1245 733 1303 interdictum
758 1261 822 1303 esse
841 1243 1034 1316 demonstret3
1065 1245 1106 1301 sic
1130 1245 1329 1303 subausteram

123 1346 263 1406 satiatem
306 1347 421 1407 facilins
462 1353 617 1422 penetrare
657 1349 688 1406 in
720 1349 832 1407 animos
866 1349 1046 1420 mortalium,
1083 1347 1137 1406 hoc
1171 1349 1228 1406 mel
1263 1363 1327 1406 esse

124 1450 189 1522 quod
209 1453 287 1526 apud
310 1457 423 1525 mttam
446 1451 550 1511 medici
568 1453 666 1525 pueris
688 1453 840 1512 medentes
858 1453 995 1512 absinthii
1018 1453 1121 1526 poculo
1138 1450 1328 1524 praelinant¹

125 1551 196 1623 Quod
217 1558 359 1629 ,iocosum
374 1556 547 1615 admonendi
563 1555 667 1630 genns‘
690 1555 829 1615 Erasmus
851 1555 993 1615 adhibens
1016 1555 1155 1615 nonnulla
1173 1557 1328 1630 praestitit,

123 1673 188 1729 quae
209 1660 377 1720 clarissimis
404 1660 645 1734 lepidissimisqne
669 1661 780 1734 ingenii
802 1661 911 1719 lusibus
930 1663 997 1734 jnre
1020 1677 1135 1732 semper
1156 1661 1327 1720 adnumera-

123 1759 229 1836 bmtur;
261 1765 323 1823 alia
351 1765 445 1822 minus
474 1764 600 1823 feliciter
630 1765 658 1822 ei
688 1771 855 1838 cesserunt;
888 1781 981 1838 pauca
1010 1781 1094 1838 vero,
1130 1770 1162 1823 nt
1188 1765 1218 1822 in
1245 1769 1328 1824 tanta

36 1925 39 1962 ι,
123 1867 198 1940 mole,
216 1869 297 1941 justo
318 1870 463 1928 incautius
483 1875 514 1926 et
533 1869 624 1927 levius
647 1869 733 1944 dixit,
756 1870 862 1943 partim
886 1886 922 1928 eo
944 1885 1082 1942 peccans,
1105 1868 1181 1942 quod
1195 1869 1329 1926 similiter

37 1969 38 1983 ¹
123 1975 198 2042 etque
224 1975 330 2031 summi
356 1973 473 2046 qnidam
496 1973 625 2046 ejnadem
647 1974 738 2032 accub
765 1979 886 2046 poetae,
916 1973 1078 2046 Torquatus
1105 1973 1205 2046 Tasso,
1234 1971 1329 2031 Ludo-

36 2124 38 2135 .
123 2075 191 2134 vicus
204 2076 240 2135 de
256 2077 416 2151 camoena,
439 2079 503 2152 alii,
527 2079 701 2137 christianas
724 2094 759 2136 ac
781 2094 909 2152 paganas
932 2078 1076 2137 sentiendi
1100 2077 1206 2136 formas
1225 2093 1328 2151 pamm

123 2189 306 2254 congunemcr
332 2183 491 2257 consociat,
521 2184 626 2256 partim
656 2199 705 2256 eo,
733 2183 809 2256 quod
837 2183 1030 2257 petulantiam
1058 2184 1153 2257 illam,
1184 2181 1328 2256 adquam

123 2281 210 2344 imola
237 2286 337 2346 verbis
366 2286 485 2346 ludendi
517 2293 547 2345 et
576 2287 717 2346 illudendi
746 2284 871 2346 facilitas
902 2303 1024 2360 vergere
1051 2288 1140 2360 solet,
1169 2303 1227 2346 non
1257 2288 1328 2346 satis

124 2393 225 2449 merom
239 2396 329 2463 atque
345 2390 522 2450 moderatur.
561 2391 642 2464 Quae
663 2391 778 2464 quidem
801 2392 896 2450 omnia
917 2390 1076 2450 defendere
1100 2392 1131 2450 in
1153 2392 1249 2450 animo
1269 2406 1328 2450 non

123 2497 172 2564 est,
200 2509 299 2568 neque
329 2493 366 2554 de
397 2495 447 2568 iis,
479 2511 554 2568 qnae
583 2497 662 2568 justo
689 2496 819 2554 severina
845 2495 970 2569 judicari
997 2495 1067 2554 mihi
1095 2495 1242 2568 videntur,
1274 2494 1328 2552 hoc

122 2594 176 2654 loco
202 2598 366 2673 disputabo.
421 2599 485 2657 Hoc
510 2599 590 2658 dieo:
620 2615 677 2672 quo
708 2600 799 2673 magia
828 2600 911 2658 varia
941 2604 973 2657 et
1001 2599 1116 2658 dvorsa
1145 2599 1220 2658 dona
1250 2597 1329 2658 Dens

121 2698 255 2761 interdum
278 2703 310 2760 in
330 2719 388 2761 uno
409 2719 514 2778 magno
537 2705 598 2762 viro
617 2705 772 2777 conjuncta
792 2719 857 2763 esse
881 2704 1018 2779 voluerit,
1039 2719 1074 2763 ec
1096 2702 1240 2763 difficilius
1260 2704 1328 2762 hnic

122 2819 189 2880 esse,
217 2807 317 2866 omnia
338 2807 381 2866 ita
403 2814 584 2883 temperare,
613 2813 645 2866 nt
675 2807 712 2866 ad
740 2813 850 2868 certam
873 2807 1017 2882 quandam
1039 2809 1276 2882 aequabilitatem
1299 2813 1329 2866 et

120 2911 193 2979 quasi
221 2915 395 2970 concentum
425 2913 606 2972 conveniant.
652 2911 734 2983 Quod
768 2913 792 2970 si
820 2912 956 2987 Erasmo,
987 2918 1021 2971 ut
1049 2913 1087 2971 ad
1114 2913 1254 2971 humanas
1278 2928 1327 2970 rea

120 3012 328 3090 investigandas
362 3021 392 3074 et
427 3017 528 3076 critice
566 3016 770 3090 disquirendas
805 3017 960 3091 singularis
997 3018 1154 3090 sagacitas,
1188 3015 1327 3088 solemia,

121 3116 247 3194 andacia,
274 3120 316 3177 ita
341 3119 378 3178 ad
401 3125 468 3193 apte
491 3119 616 3179 dicenda
638 3137 827 3193 quaecunque
850 3121 997 3194 cogitabat
1026 3119 1115 3178 etad
1137 3117 1241 3177 festiva
1263 3133 1328 3175 ora-

120 3221 191 3282 tione
224 3223 382 3282 ludendum
413 3241 482 3283 rara
514 3223 640 3283 facilitas
673 3223 742 3283 data
776 3229 854 3298 erat,
886 3231 966 3284 carte
995 3225 1058 3298 ipse
1088 3228 1119 3281 ut
1149 3221 1328 3280 Christianus

121 3325 216 3401 uoluit,
247 3327 336 3385 etiam
367 3326 468 3386 horum
502 3328 643 3386 donorum
678 3343 761 3386 usum
793 3344 858 3387 oum
890 3329 1011 3387 coelesti
1041 3327 1207 3402 vocatione,
1241 3341 1328 3401 qnam

122 3441 201 3501 super
222 3431 320 3489 omnia
338 3431 449 3504 posuit,
475 3447 591 3505 semper
613 3436 643 3489 et
663 3431 769 3504 ubique
793 3433 957 3491 convenire.
1001 3430 1094 3502 Quem
1114 3429 1200 3491 finem
1223 3432 1279 3490 etsi
1297 3436 1331 3491 ut

122 3531 199 3592 homo
223 3534 312 3608 plane
339 3539 488 3595 assecutus
515 3553 573 3594 non
596 3542 655 3610 est,
687 3552 820 3596 noanon
843 3537 929 3596 decet
950 3536 987 3596 de
1010 3537 1074 3611 ipsa
1097 3539 1160 3611 eJua
1181 3537 1329 3596 voluntate

121 3635 167 3694 illa
187 3637 367 3698 addubitare.
412 3639 596 3699 Credendum
619 3641 648 3699 ei
672 3646 730 3716 est,
752 3640 827 3714 quod
844 3641 959 3715 saepius
975 3639 1114 3716 affirmat,
1135 3657 1170 3701 eo
1185 3657 1217 3700 se
1232 3641 1329 3699 animo

124 3755 195 3817 ease,
215 3749 249 3801 ut
267 3744 341 3804 nolit
361 3745 393 3802 in
408 3744 490 3804 libris
505 3745 564 3803 suis
580 3745 710 3804 residere
725 3745 801 3818 quod
816 3751 926 3820 pugnet
941 3763 1006 3804 cum
1021 3746 1179 3804 christiana
1193 3737 1331 3818 pietate.2

123 3843 260 3919 Quidquid
281 3849 360 3906 enim
378 3851 445 3922 jnre
467 3849 498 3906 in
521 3864 557 3908 ec
577 3848 763 3908 desideratur
783 3855 814 3909 et
835 3851 1029 3924 vituperatur,
1056 3863 1075 3906 a
1100 3847 1217 3920 pietatis
1243 3847 1330 3904 simu·

124 3947 227 4010 latione
253 3953 459 4012 remotissimus
488 3958 569 4027 erat3
601 3953 669 4027 qnid
697 3959 903 4028 persequatur,
933 3959 1070 4026 quantum
1089 3949 1126 4008 ab
1149 3947 1330 4020 assequendo

127 4053 207 4130 absit,
230 4056 352 4116 candide
374 4056 493 4132 profert

206 4157 308 4236 Certo,
331 4162 357 4221 si
378 4162 442 4234 quis
463 4163 642 4235 aliquantulo
663 4163 782 4238 propius
803 4161 840 4221 ad
855 4161 971 4220 Erasmi
986 4159 1093 4230 scripta
1108 4157 1278 4232 accesserit,
1300 4157 1331 4216 id

127 4258 206 4322 facile
227 4265 399 4340 perspiciet,
421 4281 480 4325 non
501 4271 614 4326 tantum
637 4267 814 4342 singulorum
836 4266 899 4338 ejus
922 4278 1056 4337 operum,
1079 4260 1132 4320 sed
1149 4263 1237 4320 totius
1252 4262 1330 4320 vitae

126 4379 258 4428 smmum
285 4371 416 4431 laborem
446 4372 478 4430 in
509 4388 544 4432 eo
573 4369 662 4432 fnisse
691 4372 832 4446 positum,
861 4375 893 4426 nt
921 4365 1106 4426 humaniores
1128 4367 1242 4425 litteras
1265 4381 1330 4424 cum

209 4590 236 4654 1)
252 4593 319 4658 Bpp.
338 4591 446 4657 xxx1,
465 4598 507 4648 tt.
614 4593 640 4658 2)
659 4593 697 4643 cf.
716 4607 774 4656 app.
793 4588 858 4654 XX,
879 4595 919 4641 14.
