3188 5086
206 296 258 350 156
694 297 797 346 Paurrs
815 297 928 346 Puronrs

205 508 336 582 Quonam
363 526 472 585 genere
503 510 642 570 sermonis
669 509 718 568 isti
747 511 809 584 jam
837 509 906 568 iude
936 509 972 568 ab
1002 509 1086 568 iuitio
1106 508 1243 568 aduersus
1265 507 1420 567 Erasmum

205 615 313 687 passim
335 615 380 674 usi
401 615 468 689 sint,
491 615 522 673 in
544 615 673 688 epistolia
696 613 882 673 obscurorum
904 613 1041 688 virorum,
1063 613 1139 686 quod
1160 613 1198 672 ad
1219 629 1280 671 rem
1305 613 1419 687 attinet,

207 719 277 777 satis
306 734 375 777 vere
403 735 438 777 ao
462 718 558 791 lepide
579 717 763 793 describitur,
788 718 859 777 lieet
887 718 1007 790 singulis
1034 717 1277 776 obtrectatoribus
1306 716 1419 788 singula

208 823 298 883 verba
324 823 414 881 nimia
442 822 633 896 protervitate
660 822 829 881 nominatim
856 838 909 895 pro
937 822 1057 880 arbitrio
1085 821 1195 880 tributa
1224 818 1306 882 sint¹
1354 819 1419 878 Illic

208 928 347 1000 magister
375 925 492 1000 quidam
513 923 695 984 Erfurtensis
717 933 830 998 narrat,
852 925 1020 1000 magistrum
1043 926 1118 984 seori
1144 925 1247 999 palatii
1267 923 1420 983 Erasmum

208 1032 364 1090 haereseos
394 1031 590 1089 convicturum
623 1046 701 1104 esso;
735 1030 858 1104 Papam,
887 1030 933 1088 eui
953 1029 1026 1088 Novi
1044 1028 1228 1088 Testamenti
1263 1027 1436 1120 editionem·

209 1134 401 1209 dedicaverit,
431 1150 495 1206 eam
518 1139 599 1192 certe
624 1133 859 1209 repudiaturum,
886 1151 972 1207 quum
1000 1133 1181 1192 Parisienses
1204 1132 1328 1191 Moriam
1354 1147 1422 1190 oon-

209 1253 339 1298 oremare
365 1238 464 1297 velint
508 1237 548 1312 Et
570 1237 762 1297 Hocbstratus
790 1237 937 1296 inducitur
959 1237 1112 1320 scriberes
1133 1236 1180 1312 ,Si
1200 1251 1255 1309 ego
1277 1235 1362 1294 venio
1384 1233 1422 1294 ad

209 1341 412 1400 Alemanniam
435 1347 466 1402 et
488 1341 554 1417 lego
577 1357 643 1400 suos
660 1341 804 1402 codiculos
828 1347 859 1402 et
879 1342 996 1400 invenio
1018 1359 1106 1400 unum
1127 1340 1327 1415 parvissimum
1349 1356 1423 1414 pun·

210 1452 302 1520 ctum,
325 1445 375 1504 nbi
398 1446 519 1520 erravit,
543 1452 594 1505 aut
615 1447 666 1505 ubi
690 1463 749 1505 non
771 1446 915 1520 intelligo,
938 1447 1000 1520 ipse
1024 1445 1112 1506 debet
1131 1444 1249 1519 uidere,
1271 1443 1347 1518 quod
1368 1459 1423 1516 ego

209 1550 275 1608 volo
295 1549 350 1608 sibi
369 1567 457 1624 super
479 1549 594 1608 cutem‘

299 1653 353 1712 His
384 1653 516 1712 omnibus
547 1654 635 1712 rebus
666 1655 819 1726 multisque
855 1655 920 1712 aliis
951 1652 1092 1712 similibus
1118 1653 1268 1728 perpensis
1302 1656 1424 1726 quaeret

212 1758 368 1832 quispiam,
396 1757 537 1830 quomodo
563 1756 627 1816 fieri
648 1759 790 1833 potuerit,
819 1765 851 1818 ut
873 1758 1029 1833 Erasmus,
1060 1759 1140 1816 nullo
1171 1773 1296 1830 unquam
1315 1755 1424 1830 judicio

215 1861 252 1920 ad
286 1861 464 1921 revocandas
497 1862 659 1921 sententias
689 1869 805 1922 coactus
838 1864 870 1921 in
901 1864 1026 1922 ecclesia
1063 1862 1214 1922 incolumis
1248 1868 1423 1934 remaneret,

211 1967 298 2025 immo
325 1971 426 2025 eontra
456 1971 500 2024 tot
525 1971 677 2040 tantosque
701 1967 894 2041 adversarios,
922 1967 1032 2026 Romae
1054 1966 1285 2041 potentissimos,
1308 1979 1425 2038 sempor

212 2075 362 2144 patronos,
398 2071 448 2143 qui
490 2071 578 2130 etiam
613 2070 721 2131 Romae
757 2072 804 2130 vel
842 2072 1023 2146 potentiores
1063 2076 1161 2144 erant,
1199 2071 1424 2128 nancisceretur.

213 2173 300 2249 Cujus
327 2175 372 2232 rei
399 2189 516 2234 oausam
542 2175 573 2233 id
602 2176 781 2248 potissimum
809 2175 899 2234 fuisse
923 2179 1061 2249 apparet,
1092 2175 1168 2248 quod
1185 2173 1351 2247 respublica
1373 2173 1425 2229 illa

213 2279 273 2336 sive
303 2279 487 2337 aristocratia
520 2279 681 2353 litteraria,
711 2279 748 2338 de
782 2295 839 2352 qna
879 2295 967 2353 supra
1001 2277 1138 2352 diximus,
1173 2278 1210 2338 ab
1234 2277 1356 2336 Erasmo
1387 2273 1425 2334 ad

213 2399 353 2441 summum
378 2383 559 2442 auctoritatis
589 2387 621 2441 et
641 2385 790 2457 potentiae
813 2383 961 2457 fastigium
981 2382 1136 2457 perducta,
1163 2382 1266 2440 ducem
1290 2397 1324 2440 ao
1346 2381 1425 2454 prin·

214 2486 309 2559 oipem
331 2502 415 2544 suum
440 2502 505 2544 cum
524 2486 610 2561 alibi,
631 2492 693 2545 tum
715 2489 746 2545 in
768 2488 831 2560 ipsa
845 2488 943 2561 papali
958 2487 1028 2546 aede
1048 2487 1192 2547 tuebatur.
1224 2486 1280 2544 Hie
1301 2485 1345 2543 vir
1367 2484 1425 2558 pri-

213 2583 306 2662 vatue,
327 2589 491 2662 presbyteri
512 2589 693 2664 dignitatem,
715 2607 774 2649 non
802 2608 905 2650 munus
928 2591 1065 2666 adeptus,
1091 2591 1271 2664 iniquissima
1292 2593 1325 2648 ut
1345 2587 1425 2648 uide·

214 2693 301 2750 batur
322 2697 401 2751 sorte
423 2699 524 2768 natus,
550 2709 623 2767 puer
641 2694 679 2753 ed
702 2694 885 2768 suscipienda
911 2701 978 2754 uota
1000 2700 1131 2770 coaetus,
1152 2699 1255 2768 postea
1277 2709 1366 2766 aegre
1390 2709 1425 2750 ex

214 2797 389 2856 monasterio
412 2801 545 2872 ereptus,
576 2800 694 2872 saepius
719 2815 738 2857 a
768 2799 915 2858 monacbis
941 2801 1097 2874 repetitus,
1127 2815 1180 2872 per
1202 2796 1426 2871 pulcherrimam

215 2905 343 2959 aemtem
371 2899 581 2960 aduersissimis
607 2902 693 2961 rebus
723 2901 868 2978 afflictus,
898 2920 951 2976 per
979 2908 1068 2962 wtam
1099 2903 1188 2962 sitnm
1209 2901 1349 2961 molestiis
1371 2901 1427 2958 cir·

215 3010 397 3080 cumventus,
426 3021 547 3080 corpore
578 3005 696 3081 debilis,
726 3008 885 3066 tenerrima
906 3008 1086 3082 valetudine,
1117 3007 1169 3067 sed
1191 3021 1338 3080 uunquam
1360 3019 1427 3063 exa·

215 3109 335 3170 cerbato
361 3111 458 3169 animo
487 3127 619 3170 corrosus
647 3111 695 3170 rel
722 3111 759 3170 ad
787 3111 999 3186 desperandum
1026 3113 1192 3196 abreptus,
1209 3111 1270 3186 bie,
1300 3110 1427 3183 inquam,

214 3220 327 3274 tautum
348 3217 466 3290 iugenio
485 3216 591 3291 valuit,
615 3221 647 3274 ut
670 3217 757 3275 etiam
780 3218 986 3275 acerrimorum
1010 3215 1242 3276 adversariorum
1264 3214 1427 3290 prudentia·

215 3318 304 3376 simus
327 3319 460 3394 quisque,
489 3320 537 3378 uel
556 3320 648 3378 iuvita
669 3320 792 3394 quadam
815 3321 982 3380 reverentia
1001 3321 1047 3379 vel
1071 3325 1151 3378 metu
1172 3335 1338 3392 repressus,
1361 3333 1427 3391 par-

217 3421 339 3479 cendum
374 3423 402 3480 oi
433 3439 498 3482 esse
534 3428 677 3484 censeret.
721 3423 803 3482 Haec
835 3425 925 3497 igitur
958 3425 1033 3483 mira
1067 3426 1129 3498 ejus
1156 3421 1314 3482 auctoritas
1345 3420 1428 3480 nobis

217 3525 439 3599 contemplanda
465 3528 522 3586 erit
549 3533 579 3616 et
613 3528 705 3601 qualis
733 3528 785 3586 illa
818 3527 921 3602 fuerit,
956 3545 1095 3602 quasnam
1124 3527 1240 3586 vivendi
1265 3525 1427 3600 agendique

215 3627 344 3688 rationes
367 3645 465 3688 seeum
487 3631 600 3706 tulerit,
631 3632 846 3690 accuratissime
873 3631 1091 3706 inquirendum,
1118 3637 1150 3690 nt
1172 3631 1258 3694 etde
1281 3631 1344 3705 ipso
1367 3629 1428 3688 viro

217 3737 248 3792 et
274 3733 310 3792 de
341 3734 480 3808 singulari
505 3735 569 3809 via,
591 3752 648 3809 qua
671 3735 708 3794 ad
730 3735 945 3804 reformandam
971 3737 1124 3796 ecclesiam
1147 3736 1316 3809 incesserit,
1346 3737 1428 3794 recte

217 3853 253 3898 ac
272 3838 349 3911 juste
369 3838 539 3911 J'udicemua.

304 3942 394 4014 Quam
423 3945 625 4004 auctoritatem
655 3944 680 4002 si
706 3945 901 4004 recentiorum
929 3950 1090 4019 temporum
1121 3945 1260 4018 exemplis
1282 3943 1429 4002 illustrare

216 4049 353 4122 velimus,
389 4054 499 4108 tantam
535 4064 599 4108 eam
628 4065 681 4122 per
708 4054 798 4108 totam
823 4049 970 4124 Europam
1000 4049 1091 4109 fuisse
1118 4049 1259 4122 dicamus,
1292 4051 1429 4121 quautam

216 4152 427 4212 recentioribus
456 4153 632 4228 temporibus
655 4153 813 4212 Alexandri
840 4153 876 4212 de
900 4153 1057 4212 Humboldt
1079 4159 1130 4212 aut
1151 4147 1241 4234 (quae
1264 4149 1429 4222 similitudo,

217 4256 241 4314 si
267 4261 348 4316 recte
379 4259 546 4332 accipiatur,
572 4259 619 4317 vel
647 4259 765 4332 propior
794 4250 896 4338 luerit)
919 4257 1051 4317 Voltarii.
1096 4258 1173 4316 Huic
1194 4257 1333 4316 &eamus
1360 4255 1430 4313 licet

223 4355 298 4418 alies
318 4361 355 4418 ab
379 4377 414 4420 eo
435 4361 645 4420 diversissimus
666 4363 780 4438 indole,
803 4378 866 4420 cum
888 4367 1007 4435 propter
1029 4362 1139 4437 ingenii
1160 4361 1341 4435 ubertatem,
1363 4357 1433 4418 iaci·

308 4579 331 4646 1)
353 4579 390 4632 Oi.
409 4579 514 4643 Wolrer,
531 4579 561 4630 de
579 4579 678 4631 lirasmi
699 4578 792 4630 studiis
811 4578 915 4630 ironicis
932 4595 959 4645 p.
978 4585 1003 4636 ὅ.
