3144 5092
662 296 749 352 Carur
766 296 800 350 V.
1308 301 1342 356 81

94 495 215 572 legato
238 497 354 557 invisus
377 501 447 557 erat.
494 497 581 558 'leste
604 497 702 575 Varga
725 503 808 558 erant
830 499 963 577 quidem,
991 501 1043 579 qui
1066 505 1147 562 tanto
1170 501 1238 562 illos
1260 521 1344 579 prae·

97 607 217 663 sentes
249 604 367 664 videndi
400 606 519 666 horrore
550 605 797 683 percellebantur,
830 611 864 666 ut
892 625 931 667 ne
963 625 1128 669 sermonem
1161 610 1280 686 quidem
1307 611 1344 670 da

97 711 146 770 iis
178 711 258 771 ferre
285 718 420 789 possent,
451 714 503 773 sed
531 713 816 791 quamplurimorum
844 715 920 775 votis
948 717 1201 792 exspectabantur,
1247 717 1343 776 Evan-

98 817 227 893 gelicae
250 819 395 880 libertatis
416 821 543 898 spiritus
566 825 637 880 tunc
660 822 746 899 quasi
768 821 882 881 afflamt
904 821 1078 883 Concilium.
1124 823 1217 900 Cujus
1240 824 1283 884 rei
1306 843 1344 885 ex

99 924 316 1003 Hispanorum
339 928 544 1006 episcoporum
566 929 674 988 litteris
697 929 866 989 testimonia
888 930 1032 990 nonnulla
1054 931 1217 991 afferemus.

228 1032 326 1108 Quum
353 1036 544 1096 advenissent
569 1037 801 1096 Protestantium
828 1037 933 1114 Legati
965 1037 1058 1118 (iuter
1085 1056 1159 1116 quos
1187 1038 1343 1098 Sleidanus

103 1145 175 1200 erat
205 1142 241 1201 ab
264 1143 562 1219 Argentoratensibus
589 1143 711 1224 missus)
739 1162 891 1222 quumque
916 1149 1158 1222 exspectarentur
1185 1146 1344 1206 eorundem

103 1248 258 1326 theologi,
290 1269 390 1310 rumor
421 1252 510 1311 etiam
541 1256 620 1312 esset
651 1252 751 1328 ipsum
783 1251 954 1312 Mauritium
981 1252 1146 1313 Electorem
1177 1257 1343 1332 verticum,

107 1355 305 1417 Crescentius
324 1358 454 1435 Legatos
471 1364 579 1419 terram
597 1377 632 1419 ac
650 1363 758 1418 tartara
776 1377 892 1420 movere
912 1360 1038 1436 studuit,
1058 1365 1092 1420 ut
1110 1360 1235 1436 cladem,
1255 1379 1344 1438 quam
1420 1425 1423 1432 Δ

106 1463 320 1524 imminentem
338 1466 472 1542 timebat,
495 1466 585 1527 minis
608 1485 643 1526 ac
660 1467 926 1528 machinationibus
944 1471 1095 1528 averteret.
1133 1467 1178 1527 De
1196 1468 1253 1528 hoc
1270 1468 1344 1528 Mal-

108 1572 211 1631 venda
238 1573 271 1631 in
293 1573 418 1650 epistola
444 1575 481 1634 ad
508 1574 681 1652 episcopum
703 1575 940 1635 attrebatensem:
969 1575 1076 1651 ,Crede
1099 1575 1237 1651 Domine,
1265 1580 1344 1636 totus

108 1679 228 1739 artibus
250 1685 331 1757 patet
353 1681 491 1758 Legatos.
536 1681 620 1742 Nihil
647 1685 705 1757 est,
732 1682 770 1742 da
797 1700 855 1761 quo
882 1682 952 1742 lites
978 1701 1039 1742 uon
1065 1688 1189 1742 moveat.
1235 1682 1344 1742 Mirum

110 1791 160 1845 est
188 1793 298 1864 quanta
325 1790 491 1865 arrogantia
517 1791 676 1850 efferatur.‘
723 1789 768 1850 De
795 1790 898 1850 eodem
925 1789 1040 1867 Vargas
1069 1791 1131 1866 jam
1158 1795 1244 1850 anteo
1272 1791 1343 1850 scri·

112 1898 227 1970 pserat:
252 1895 393 1972 ,Legatus
412 1897 499 1956 homo
517 1902 575 1973 est,
599 1896 651 1974 qui
673 1898 800 1957 frontem
822 1896 980 1974 insigniter
1002 1897 1169 1974 perfricuit,
1192 1898 1278 1974 cujus
1296 1897 1345 1956 vel

112 2002 296 2079 snperbiam,
324 2003 373 2062 vel
395 2004 547 2064 audaciam
574 2005 607 2062 iu
629 2004 797 2080 digerendis
825 2005 861 2063 ab
885 2021 919 2064 eo
945 2005 1034 2064 rebus
1059 2003 1184 2064 Concilii
1207 2003 1259 2063 vix
1282 2005 1344 2064 fere

113 2109 300 2170 sermonibus
323 2111 397 2169 mihi
419 2111 490 2171 licet
512 2111 686 2188 exprimere
732 2111 789 2170 Ubi
812 2129 867 2171 nos
894 2111 1057 2171 timidiores
1084 2111 1292 2171 animadvertit
1314 2117 1344 2172 et

112 2215 324 2293 Imperatorem
356 2218 436 2278 omni
468 2219 598 2278 adhibito
631 2219 728 2278 studio
760 2236 799 2278 ne
825 2217 963 2278 Pontifici
994 2236 1081 2294 aegre
1112 2218 1201 2278 faciat
1232 2237 1343 2294 cavere,

113 2329 204 2400 auget
225 2330 351 2384 terrores
378 2331 408 2385 et
430 2326 608 2403 importunis
631 2325 806 2386 clamoribus
834 2325 959 2403 impetit.
1005 2324 1168 2402 Episcopos
1192 2343 1343 2385 servorum

114 2449 195 2491 more
213 2431 308 2492 habet.
350 2431 480 2493 Minatur
502 2438 532 2493 et
552 2434 632 2510 jurat
654 2433 810 2511 pervices
834 2451 867 2493 se
889 2450 944 2492 nos
966 2432 1147 2492 relicturum.
1190 2433 1270 2493 Modi
1292 2433 1343 2493 isti

116 2544 199 2614 sunt,
223 2539 330 2617 quibus
349 2540 406 2600 sibi
424 2559 442 2600 a
461 2541 615 2601 desideriis
635 2541 698 2618 suis
717 2540 793 2600 solet
811 2541 988 2622 satisfacere.
1026 2539 1131 2600 Cetera
1149 2543 1178 2600 et
1196 2540 1228 2599 in
1246 2544 1344 2617 poste·

116 2665 181 2705 rum
204 2647 354 2708 obtinebit
400 2647 504 2708 Finem
528 2649 653 2710 Concilii
676 2649 766 2709 talem
789 2649 924 2708 futurum
946 2647 1115 2725 praevideo,
1143 2647 1261 2726 qualem
1281 2648 1344 2724 jam

117 2753 168 2812 diu
195 2755 332 2830 extimui,
365 2755 423 2815 uisi
450 2755 533 2817 Deus
561 2775 600 2816 ex
626 2756 686 2816 alto
714 2761 744 2816 et
769 2775 824 2833 per
850 2754 992 2815 miracula
1019 2773 1051 2815 se
1079 2760 1215 2832 opponat.
1260 2753 1344 2814 Nihil

119 2861 277 2940 quidquam
298 2863 453 2923 homiuum
475 2864 579 2942 profici
601 2864 759 2941 prudentia
781 2863 897 2923 abunde
919 2863 1105 2940 exploratum
1128 2865 1190 2922 eat‘
1231 2861 1270 2922 nt
1292 2880 1344 2940 po·

119 2973 179 3028 stea
200 2969 277 3030 idem
301 2969 338 3030 de
355 2970 471 3030 eodem:
496 2971 646 3046 ,Frontem
664 2971 736 3030 adeo
753 2970 909 3047 perfricuit
926 2974 1046 3047 tamque
1063 2969 1217 3028 ambitiose
1235 2972 1343 3044 uetur,

120 3095 150 3136 se
171 3078 284 3138 aditum
306 3078 540 3138 Protestantibus
563 3078 600 3136 ad
624 3077 791 3138 Concilium
813 3076 1059 3150 interclusurum,
1081 3093 1120 3135 ne
1143 3075 1261 3152 quaed
1284 3074 1343 3134 col-

119 3183 249 3262 loquium
271 3203 339 3245 cum
361 3185 437 3262 ipsis
460 3185 671 3260 committatis,
693 3189 728 3244 ut
745 3183 823 3243 nihil
842 3183 905 3260 jam
923 3182 1008 3242 nobis
1026 3181 1161 3241 videam
1181 3180 1341 3242 difficilius.

120 3291 235 3352 Utinam
256 3293 330 3354 liaeo
351 3311 399 3354 res
422 3311 460 3353 ue
482 3293 531 3352 via
554 3292 594 3352 sit
615 3291 726 3368 Legato
748 3291 786 3350 ad
810 3289 935 3350 Concilii
957 3289 1127 3349 interitum!

220 3399 423 3460 Nihilominus
439 3401 613 3478 urgentibus
628 3398 793 3474 Germanis,
812 3396 1019 3458 accedentibus
1033 3395 1184 3473 Hispanis,
1202 3394 1343 3472 languide

122 3508 312 3568 annuentibus
330 3508 427 3584 Italis,
448 3508 555 3568 silente
571 3507 696 3584 Legata,
718 3505 913 3566 constitutum
930 3509 976 3564 est
994 3507 1029 3563 ut
1041 3503 1242 3564 Protestautes
1260 3501 1342 3562 audi-

123 3621 224 3676 rentur,
270 3615 315 3676 De
337 3633 372 3676 ea
398 3635 431 3676 re
453 3615 580 3693 Vargas:
614 3614 660 3690 ,Si
682 3614 824 3692 respicias
847 3617 912 3673 acta
933 3612 1084 3686 hesterna,
1111 3628 1238 3688 pensum
1266 3609 1344 3670 inter

123 3723 237 3800 majora,
261 3728 404 3802 quotquot
422 3725 572 3799 novimus,
595 3723 627 3782 iu
646 3723 702 3782 hoc
720 3721 852 3782 Concilio
874 3719 1052 3798 ponendum.
1091 3717 1142 3777 Nil
1165 3717 1223 3778 nisi
1246 3717 1343 3776 minas

124 3829 268 3892 intendere
290 3832 375 3892 nobis
397 3831 552 3892 videbatur
569 3830 716 3908 Legatos!
754 3829 898 3890 Similiter
914 3827 1090 3887 franciscus
1113 3825 1270 3903 episcopus
1289 3823 1343 3883 Το-

124 3939 244 4016 letanus,
268 3941 320 4018 qui
339 3939 466 3998 civiliter
484 3957 552 3998 cum
569 3937 701 3998 Mauritii
719 3936 882 3996 oratoribus
901 3935 1072 3994 versabatur
1093 3950 1203 4010 eosque
1220 3931 1344 3991 honeste

125 4047 246 4107 habebat.
293 4047 460 4121 ,Adventus
482 4044 739 4118 Protestantium‘,
768 4043 878 4120 iuquit,
906 4043 952 4118 ,in
979 4045 1095 4101 tautum
1117 4040 1253 4100 timorem
1275 4056 1344 4098 con·

124 4155 187 4230 jecit
206 4153 389 4228 PontificioS,
412 4159 447 4212 ut
469 4153 521 4212 vix
543 4151 581 4212 ad
603 4151 849 4229 acquiescendum
871 4149 1039 4226 adigamus,
1063 4153 1131 4208 utut
1153 4163 1255 4207 omnes
1278 4164 1344 4204 ner-

127 4277 172 4320 vos
188 4261 370 4320 intenderim.
391 4295 433 4304 -
454 4259 579 4320 Concilii
598 4259 824 4337 suspensionem
846 4263 962 4318 tantum
984 4274 1045 4316 non
1067 4254 1178 4314 indixit
1196 4253 1343 4330 Legata!

72 4420 75 4430 ,
127 4367 204 4428 lluno
226 4369 329 4428 ecdem
346 4373 478 4446 tempore
496 4368 585 4428 etiam
607 4367 639 4426 in
657 4367 725 4426 aliis
743 4365 875 4443 negociis
893 4365 1073 4443 inquietum,
1096 4380 1259 4436 morosum,
1282 4367 1344 4420 tur-

128 4476 269 4536 bulentum
282 4477 397 4553 Vargas
415 4475 555 4554 graphice
574 4473 720 4553 depingit,
743 4474 885 4534 nimirum
906 4472 1025 4550 injuriis
1047 4469 1226 4531 afficientem
1248 4473 1278 4528 et
1299 4467 1345 4527 in-

128 4589 283 4662 crepantem
305 4583 481 4662 gravissima
503 4587 647 4663 quotquot
668 4583 866 4659 refragantur,
892 4579 1032 4641 haeretici
1054 4579 1149 4640 instar
1170 4579 1345 4638 tractantem

166 4705 368 4750 Schlottmanui
386 4705 488 4750 Erasinus
501 4705 613 4749 redivivus
631 4703 660 4746 11.
1167 4701 1184 4754 6
