3134 5054
641 252 732 303 Garun
748 253 805 304 XV.
1284 255 1336 308 319

110 471 205 526 tuere
237 464 408 526 Pontificem
437 466 580 540 declarat,
612 472 656 540 ut,
690 467 715 525 si
745 472 892 527 constaret
922 467 977 526 sibi
1012 473 1158 542 receptam
1191 470 1334 543 quandam

111 571 299 629 sententiam
333 586 396 630 esse
431 568 636 644 damnandam,
670 570 700 629 id
731 572 827 644 palam
856 571 935 630 inter
964 571 1091 631 eruditos
1116 571 1247 646 prolerre
1277 591 1334 633 non

113 673 258 734 auderet
317 674 441 736 Tantum
474 675 578 734 abesse
607 680 640 733 el
666 675 760 734 sciens
791 681 935 750 oppugnet
969 676 1163 750 evangelium,
1194 684 1224 736 ut
1255 681 1337 738 malit

114 777 224 838 decies
247 779 338 838 occidi
360 795 445 851 quam
468 783 570 838 contra
591 779 680 838 animi
702 781 877 839 sententiam
896 795 1063 854 oppugnare
1078 797 1167 839 unum
1187 781 1247 841 iota
1261 784 1337 842 veri-

115 883 192 942 tatis
217 884 412 958 evangelicae.
472 885 506 942 In
530 885 632 944 salutis
651 884 769 958 negotio
790 899 848 942 non
878 883 995 943 aliunde
1017 900 1049 943 se
1071 883 1204 957 flagitare
1227 889 1337 959 praesi-

115 987 202 1046 dium
226 1004 311 1060 quam
333 1004 351 1046 a
374 987 573 1047 misericordia
594 988 709 1047 Domini
740 1004 834 1061 nequa
862 988 1017 1048 secundum
1040 987 1134 1046 Deum
1163 991 1223 1048 nlla
1244 992 1275 1050 in
1302 1009 1336 1051 re

115 1092 187 1166 plus
209 1090 319 1150 habere
335 1093 381 1151 vel
397 1093 460 1166 spei
479 1093 526 1152 uel
546 1093 641 1152 solatii
664 1108 749 1165 quam
771 1093 803 1150 in
825 1093 915 1150 sacris
929 1093 1044 1151 litteris.
1077 1092 1159 1164 Quod
1173 1094 1210 1153 ad
1228 1094 1336 1156 Lutbe-

117 1212 185 1254 rum
208 1196 352 1270 pertinet,
381 1203 570 1270 posteaquam
601 1201 632 1256 et
660 1197 723 1270 ipse
746 1197 776 1254 in
804 1195 902 1254 libello
924 1211 976 1255 sno
997 1201 1041 1255 tot
1067 1197 1094 1256 ei
1116 1197 1253 1257 retribuit
1275 1201 1335 1260 ala·

118 1317 174 1372 pas
206 1305 238 1358 et
266 1301 414 1376 colaphos,
446 1317 505 1360 non
537 1305 655 1360 veretur
685 1299 815 1360 dolorem
846 1316 928 1359 suum
957 1301 1075 1374 testari,
1109 1301 1184 1375 qnod
1217 1309 1336 1378 propter

120 1405 335 1464 adhaerentem
354 1407 412 1479 illi,
435 1411 467 1464 ut
488 1411 586 1484 putat,
615 1406 703 1464 animi
726 1405 855 1464 morbum
875 1405 963 1464 etiam
984 1421 1020 1464 aa
1039 1403 1095 1464 fide
1118 1413 1238 1466 careant
1260 1409 1337 1482 apud

119 1509 276 1583 plurimos,
300 1525 374 1582 quae
397 1514 478 1570 recte
501 1511 547 1568 vel
570 1509 687 1582 doceat,
709 1510 755 1568 vel
771 1514 901 1582 moneat,
922 1509 968 1567 vel
990 1509 1129 1584 inculcet,
1152 1511 1250 1584 qualia
1264 1509 1338 1571 lato·

121 1619 172 1672 tur
196 1629 260 1672 esse
282 1613 426 1687 permulta
445 1615 475 1671 in
498 1613 613 1687 scriptis
634 1615 704 1686 ejus.
751 1609 801 1670 Sic
821 1613 917 1686 palam
936 1613 1068 1686 judicare
1091 1613 1127 1672 de
1148 1614 1209 1673 viro
1223 1631 1241 1673 a
1254 1617 1338 1690 papis

122 1725 154 1776 et
178 1717 322 1790 episcopis
343 1718 522 1776 sollemniter
541 1716 746 1791 condemnato,
776 1733 794 1774 a
816 1714 942 1776 Caesare
961 1717 1138 1790 proscripto,
1167 1719 1217 1790 qui
1239 1719 1284 1777 ira
1309 1725 1339 1779 et

121 1821 199 1880 laisa
223 1821 386 1894 suspicione
410 1821 546 1895 abreptus
569 1821 661 1895 ipsum
684 1821 835 1880 Erasmnm
866 1826 899 1879 nt
921 1820 1096 1894 Epicureum
1118 1823 1338 1898 perstrinxerat,

121 1926 213 1984 animi
248 1931 311 1984 erat
348 1941 443 1998 neque
479 1925 593 1985 servilis
627 1941 724 1999 neque
760 1941 779 1982 a
816 1925 1012 1998 generositate
1045 1925 1203 1986 christiana
1239 1928 1336 1988 alieni.

121 2028 292 2102 Eodemque
323 2030 426 2103 spiritu
457 2029 560 2088 ductus
589 2030 712 2088 alteram
743 2027 810 2087 libri
842 2035 955 2102 partem
985 2029 1029 2087 bis
1055 2030 1150 2088 verbis
1178 2031 1337 2091 concludit:

123 2131 268 2208 ,Christus
287 2133 432 2193 illuminet
454 2149 506 2192 nos
529 2149 629 2192 omnes
653 2150 718 2192 cum
736 2132 880 2207 Luthero,
901 2139 933 2190 ut
952 2148 1051 2191 omnes
1074 2149 1131 2190 uno
1146 2149 1211 2208 ore,
1235 2135 1337 2195 eadem

123 2241 221 2297 mente
241 2237 400 2311 eademque
425 2239 570 2297 sententia
592 2237 793 2312 praedicemus
824 2252 1004 2296 comunem
1026 2238 1152 2296 omnium
1176 2238 1338 2316 Dominum,

123 2343 170 2400 cui
192 2341 285 2415 gloria
306 2341 344 2400 sit
366 2343 398 2401 in
420 2359 530 2402 aevum.
575 2341 686 2401 Amen‘

701 2513 763 2572 XV.

212 2651 318 2711 Postea
348 2669 460 2726 quoque
482 2653 620 2712 Erasmm
651 2669 716 2711 cum
744 2668 796 2726 pro
818 2652 883 2725 ipsa
910 2667 983 2726 pace
1007 2657 1066 2710 tum
1090 2667 1142 2726 pro
1162 2654 1286 2712 commta
1309 2660 1340 2713 et

125 2754 261 2816 libertate
285 2756 454 2830 euangelica
476 2763 591 2816 certam
613 2757 764 2831 pergebat
812 2755 895 2828 Quod
917 2761 1065 2816 certamen
1088 2761 1151 2816 orto
1174 2758 1250 2816 inter
1273 2775 1339 2818 enm

125 2865 155 2918 et
177 2860 337 2920 Lntberum
366 2861 482 2934 publico
511 2861 633 2921 discidio
661 2863 746 2936 longe
776 2859 921 2920 difficillus
951 2863 978 2920 ei
1001 2860 1146 2919 redditum
1169 2867 1221 2922 cst.
1281 2863 1339 2922 Sed

125 2965 194 3024 mihi
215 2964 330 3038 quidem
353 2967 395 3024 ita
417 2967 448 3024 in
470 2982 506 3026 eo
529 2982 734 3040 perseuerasse
758 2965 887 3040 videtur,
920 2971 952 3023 ut
982 2965 1097 3038 saepius
1117 2965 1154 3024 ad
1177 2965 1248 3024 illud
1272 2983 1340 3026 con-

125 3067 321 3142 templandum
350 3075 379 3128 et
409 3069 630 3129 examinandum
661 3085 797 3130 tenemus
822 3085 880 3127 nou
908 3069 1014 3143 possim
1043 3083 1101 3126 non
1132 3068 1272 3127 adsentiri
1295 3069 1339 3128 bis

125 3172 238 3246 verbis,
271 3189 346 3246 quae
380 3174 425 3232 vir
457 3175 664 3247 integerrimus
699 3179 729 3232 et
759 3173 983 3246 emditissimus‚
1016 3171 1152 3230 Albertus
1176 3171 1339 3247 Fabricius,

126 3274 280 3350 ‚centifolii
301 3275 478 3337 Lutherani‘
509 3279 632 3352 scriptor
650 3279 762 3352 ipsique
789 3276 919 3336 Luthcro
939 3277 1052 3334 sineere
1076 3273 1221 3350 addictus,
1250 3293 1339 3350 quon-

126 3379 192 3440 dam
215 3379 322 3440 edidit:
357 3382 433 3456 ‚Ego
463 3399 520 3455 quo
543 3384 683 3442 attentius
705 3382 820 3441 Erasini
844 3383 952 3454 scripta
980 3385 1011 3438 et
1032 3379 1161 3440 actiones
1178 3380 1339 3456 considero,

125 3485 214 3544 multa
242 3485 272 3543 in
303 3501 339 3544 eo
368 3485 452 3544 video
482 3487 579 3560 magni
607 3487 694 3545 animi
723 3485 846 3559 vestigia
876 3486 961 3544 unius
990 3499 1062 3558 prae
1093 3485 1190 3545 multis
1213 3486 1339 3546 nullibus

126 3589 336 3649 contemnentis
358 3591 509 3662 pecunias,
536 3589 711 3664 dignitates,
740 3589 884 3662 convicia,
914 3589 1021 3662 mines,
1054 3589 1212 3664 promissa,
1244 3591 1339 3650 omnia

125 3708 229 3766 susque
259 3691 359 3768 (laquie¹
384 3693 585 3769 aestimantes,
616 3695 701 3754 unice
727 3693 903 3753 celebrantis
926 3692 1033 3766 ubique
1056 3699 1087 3754 et
1109 3693 1337 3753 commendantis

125 3796 274 3872 uirtutem,
307 3797 460 3872 pietatem,
494 3799 570 3858 bona
593 3803 624 3856 et
645 3803 727 3856 rectu
749 3797 857 3856 studia:
892 3796 1017 3854 vicissim
1045 3813 1159 3856 errores
1181 3801 1212 3854 et
1234 3797 1339 3856 abusus

125 3901 154 3959 in
177 3916 268 3976 papa,
291 3901 485 3977 principibus,
505 3903 646 3976 episcopis
669 3906 699 3960 ot
716 3900 878 3974 monacbis,
909 3899 1009 3958 amicis
1032 3905 1062 3958 et
1083 3897 1213 3958 hostibus
1236 3905 1336 3973 aperte

126 4009 157 4062 et
185 4021 297 4064 summa
326 4005 463 4064 libertate
494 4007 656 4084 carpentis,
687 4009 772 4078 etque
799 4004 830 4061 in
859 4003 903 4061 bis
933 4002 1064 4062 omnibus
1090 4019 1125 4061 ax
1148 4002 1269 4076 symboli
1295 4005 1339 4064 sui

125 4107 248 4168 formula
286 4125 355 4169 vere
395 4109 557 4169 cedentis
594 4107 704 4169 nulli‘
762 4107 859 4166 Etiam
892 4111 1023 4167 extrema
1060 4106 1133 4165 baec
1173 4106 1278 4182 verba,
1315 4110 1341 4168 si

125 4217 217 4270 totum
253 4213 345 4272 virum
382 4228 476 4288 aequo
504 4213 614 4290 jndicio
641 4212 851 4288 ponderamus,
887 4215 969 4270 recto
1007 4226 1039 4268 se
1077 4209 1191 4272 babent
1252 4210 1340 4288 Sane,

126 4317 241 4390 qualem
262 4316 479 4392 descripsimus,
512 4319 593 4393 posci
615 4317 652 4378 ab
683 4335 718 4378 eo
743 4334 801 4376 non
823 4319 954 4390 poterat,
981 4321 1013 4373 nt
1041 4330 1136 4374 coram
1158 4313 1341 4390 Principibus

126 4421 172 4480 uel
190 4421 309 4496 Imperii
329 4423 453 4482 comitiis
475 4423 635 4498 prophetae
656 4425 750 4483 instar
772 4419 945 4482 aduersafiis
968 4419 1079 4480 obviam
1102 4420 1168 4479 iret.
1213 4418 1271 4480 Sed
1292 4421 1342 4480 ubi

126 4526 206 4583 locus
229 4526 366 4586 divinitus
390 4528 417 4586 oi
441 4529 604 4600 assignatus
632 4535 709 4602 erat,
740 4529 770 4586 in
797 4525 948 4601 republica
976 4523 1118 4583 litteraria
1150 4531 1251 4584 contra
1276 4525 1342 4585 illos
