3222 5034
787 321 875 377 Cirur
892 320 925 375 V.

354 525 459 604 Neque
494 526 543 586 his
580 525 687 586 studiis
722 525 855 602 privatae
889 527 1006 584 tantum
1037 524 1239 585 delectationis
1271 529 1301 585 et
1331 525 1474 585 utilitatis

244 652 332 694 011100
360 652 392 693 se
418 633 518 709 dabat,
547 633 599 694 sed
627 651 714 692 curae
741 631 769 692 ei
797 635 881 692 erant
908 631 1063 692 universae
1090 631 1271 710 reipublicae
1293 632 1475 692 christianae

245 742 312 800 fata.
354 741 425 801 Ideo
448 759 538 819 quam
560 739 779 800 accuratissime
802 739 970 828 perspicere
992 739 1087 800 voluit
1109 757 1144 799 ea
1166 739 1277 815 omnia,
1300 741 1338 800 de
1361 741 1473 818 quibus

243 852 346 908 mutuo
373 849 439 907 odio
466 848 607 908 acerrime
634 848 805 908 certabatur.
851 847 933 907 Inter
957 833 1109 925 'duplicem
1130 847 1360 924 evangeliorum
1384 847 1472 906 farni-

243 956 314 1015 liam
332 961 367 1015 ut
384 974 444 1033 pax
462 955 668 1016 conciliaretur
678 946 815 1015 ‘maxime
833 955 963 1032 optabat,
982 953 1071 1014 etiam
1089 954 1221 1015 diversas
1235 955 1472 1014 Lutheranorum

244 1063 386 1124 factiones
408 1064 446 1122 ad
468 1062 792 1122 omittendasfuriosas
816 1061 1044 1140 disceptationes
1062 1062 1196 1140 impense
1213 1063 1391 1122 hortabatur.
1434 1061 1473 1121 In

243 1171 382 1232 universa
400 1169 633 1231 Occidentalium
656 1169 792 1245 eeclesia,
815 1175 845 1230 et
867 1169 946 1230 inter
962 1169 1156 1246 Evangelicos
1179 1174 1210 1230 et
1229 1170 1308 1230 inter
1325 1169 1471 1229 Romano-

245 1279 404 1340 eatholicos
427 1278 521 1338 multa
544 1295 622 1352 esse,
650 1295 726 1356 quae
748 1277 953 1338 reformatione
976 1281 1108 1353 egerent,
1132 1282 1161 1336 et
1184 1277 1323 1355 quoniam
1345 1283 1472 1355 utraque

244 1405 312 1464 pars
343 1386 375 1445 id
407 1386 576 1463 denegaret,
608 1389 777 1463 utramque,
809 1389 844 1444 ut
869 1385 908 1444 ad
933 1385 1040 1444 bonam
1066 1385 1183 1462 frugem
1209 1384 1331 1461 rediret,
1362 1403 1381 1443 a
1408 1385 1471 1444 Deo

244 1493 388 1570 castigari.
434 1493 521 1552 Anno
544 1497 612 1570 post
634 1493 786 1570 inceptum
809 1493 841 1551 in
859 1491 1001 1552 Bohemia
1022 1491 1120 1551 dirum
1143 1491 1220 1551 illud
1242 1491 1367 1566 bellum,
1391 1491 1471 1569 quod

244 1619 297 1677 per
323 1600 446 1676 triginta
472 1615 565 1659 annos
593 1600 767 1660 duraturum
790 1605 865 1676 erat,
893 1600 966 1660 haec
989 1599 1121 1677 scripsit:
1151 1599 1230 1676 ,Non
1253 1599 1472 1677 desperandum

243 1707 280 1767 de
312 1705 495 1784 providentia
521 1707 577 1766 Dei
607 1707 724 1782 censui,
756 1707 828 1784 quin
856 1707 921 1784 ipse
948 1707 1039 1767 totius
1066 1705 1207 1768 ecclesiae
1234 1707 1404 1781 melodiam,
1436 1707 1470 1765 in

244 1819 325 1874 motu
354 1814 557 1888 constitutam,
586 1815 629 1874 sie
652 1832 718 1874 esse
740 1815 971 1888 moderaturum,
998 1819 1033 1873 ut
1054 1813 1198 1874 concinna
1220 1815 1290 1888 ista,
1317 1813 1388 1874 lieet
1409 1813 1471 1872 dis·

244 1939 316 1981 sona
347 1939 401 1998 per
432 1921 486 1980 hos
518 1925 637 1981 centum
668 1939 774 1997 annos,
806 1921 925 1982 tandem
956 1922 989 1981 in
1018 1921 1181 1998 plenariam
1207 1921 1391 2002 concordiam
1420 1921 1471 1980 de-

243 2029 402 2089 flecterent.
444 2027 476 2088 Si
499 2029 578 2087 enim
601 2028 638 2088 de
660 2029 716 2088 hac
737 2047 770 2088 re
791 2034 937 2088 certamen
957 2033 1048 2104 esset,
1073 2027 1209 2088 Christus
1228 2047 1266 2087 an
1285 2029 1470 2088 Mahometus

243 2136 284 2196 sit
306 2135 486 2213 sequendus,
510 2135 696 2213 implacabile
719 2137 838 2196 omnino
861 2136 974 2196 bellum
996 2137 1052 2196 hoo
1075 2136 1216 2215 sciebam;
1241 2136 1293 2196 sed
1316 2135 1386 2214 quia
1403 2153 1470 2213 par-

242 2243 320 2302 tium
337 2243 429 2302 altera
447 2243 680 2303 emendationem
699 2243 797 2303 cultus
816 2247 847 2303 et
864 2243 1013 2303 doctrinae
1028 2243 1153 2318 Christi,
1172 2243 1264 2303 altera
1281 2242 1470 2320 disciplinam

244 2354 274 2410 et
300 2349 433 2410 ordinem
461 2349 695 2410 ecclesiasticum
722 2345 945 2429 doctrinamque
967 2355 997 2410 01
1019 2369 1115 2410 mores
1138 2351 1275 2428 antiquos
1298 2369 1315 2410 a
1337 2349 1470 2427 patribus

243 2461 379 2534 acceptos
411 2463 509 2532 urget,
542 2475 668 2536 quorum
700 2459 832 2518 studium
863 2463 1023 2537 utrumque
1054 2459 1162 2518 bonum
1195 2462 1254 2533 est,
1286 2458 1312 2518 si
1344 2457 1469 2518 alterum

243 2565 342 2640 alteri,
370 2582 428 2642 quo
455 2565 518 2624 loco
545 2583 599 2643 par
626 2571 684 2640 est,
712 2566 808 2641 cedat,
836 2571 996 2644 utrumque
1022 2565 1134 2625 malurn
1157 2565 1184 2626 si
1205 2567 1326 2626 modurn
1349 2565 1471 2626 excedat

243 2676 295 2730 aut
322 2671 347 2730 si
376 2672 431 2731 sub
460 2653 570 2732 sanetis
597 2673 798 2749 praetextibus
826 2673 884 2732 alia
906 2673 1048 2748 mysteria
1070 2677 1260 2751 peragantur;
1289 2672 1357 2750 quis
1379 2671 1470 2748 igitur

244 2778 371 2853 dubitet,
395 2778 468 2856 quin
486 2779 567 2838 Deus
589 2779 622 2838 in
644 2781 724 2840 hunc
746 2781 836 2840 finem
859 2781 1010 2857 permittat
1032 2785 1131 2858 partes
1153 2781 1231 2840 inter
1253 2797 1286 2840 se
1303 2780 1469 2856 confligere,

244 2891 278 2945 ut
299 2885 422 2946 veritate
444 2885 594 2964 utrimque
617 2887 689 2947 satis
713 2903 860 2965 superque
881 2886 1022 2946 ventilata
1041 2887 1241 2965 separatisque
1259 2892 1289 2947 et
1306 2885 1469 2964 profligatis

243 2993 439 3052 humanorum
462 2995 621 3054 affectuum
643 2993 738 3071 paleis
761 2992 851 3072 (quod
872 2994 907 3052 tit
924 2993 1068 3054 bellorum
1088 2994 1230 3074 tribulis),
1253 2994 1380 3072 quisque
1399 2993 1470 3072 quid

245 3099 301 3160 sibi
333 3100 528 3178 sequendum,
561 3101 633 3178 quid
660 3101 749 3160 etiam
775 3119 794 3159 a
821 3119 876 3161 sua
897 3105 981 3178 parte
1006 3100 1148 3162 vitiosum
1176 3119 1268 3179 eoque
1295 3100 1468 3178 fugiendum

245 3208 296 3283 sit,
319 3207 397 3268 clare
415 3209 582 3286 perspicere
599 3208 695 3286 possit
712 3207 891 3286 tandemque
910 3207 1015 3268 saltem
1032 3209 1190 3286 posteritas
1208 3207 1308 3286 aliqua
1325 3207 1469 3286 paulatim

244 3315 277 3373 in
298 3333 403 3392 puram
426 3333 529 3392 paoem
552 3313 753 3375 consentiat‘1

351 3421 416 3480 Tali
438 3421 530 3498 igitur
556 3422 654 3482 animo
677 3421 824 3498 Keplerus
847 3421 950 3482 multis
973 3422 1093 3502 quidem
1115 3422 1174 3500 piis
1197 3427 1285 3500 atque
1308 3421 1469 3499 ingeniosis

244 3527 327 3588 illius
358 3529 499 3605 temporis
531 3529 616 3604 viris,
650 3529 738 3589 sicuti
762 3529 919 3590 Valentino
942 3530 1078 3590 Andreae
1105 3531 1229 3608 ejusque
1255 3529 1372 3606 amicis,
1405 3549 1469 3605 gra·

243 3635 379 3695 tissimus
397 3639 485 3713 atque
504 3635 716 3696 dilectissimus
734 3641 809 3712 erat,
829 3637 881 3696 sed
899 3636 1003 3713 rigidis
1021 3637 1198 3715 quibusdam
1212 3637 1367 3697 orthodoxi
1382 3655 1469 3714 quem

244 3743 459 3802 arbitrabantur
489 3743 710 3803 Lutherauismi
741 3744 946 3804 defensoribus
977 3744 1135 3804 admodum
1167 3761 1284 3805 exosus.
1340 3743 1469 3818 Quorum

244 3867 323 3911 unus
350 3849 450 3926 illum,
478 3850 548 3928 quia
569 3855 689 3927 argutas
712 3853 854 3929 quasdam
877 3851 1021 3912 formulae
1043 3851 1225 3928 concordiae,
1254 3869 1330 3930 quae
1352 3851 1469 3924 dieitur,

243 3957 281 4016 de
303 3957 566 4018 communicatione
588 3958 761 4018 idiomatum
785 3960 945 4019 sententias
968 3977 1027 4019 non
1049 3959 1196 4037 probavit,
1219 3959 1308 4019 etiam
1331 3977 1370 4019 ex
1392 3977 1470 4019 oom-

244 4065 384 4124 munione
411 4064 569 4125 excludere
596 4083 664 4125 eum
691 4085 752 4126 non
778 4066 891 4126 veritus
916 4071 969 4126 est.
1016 4065 1113 4126 Simul
1135 4085 1203 4127 vero
1226 4067 1365 4142 eundem,
1393 4065 1471 4125 inter

243 4171 414 4232 Austriaoos
442 4177 622 4248 versantem,
650 4173 880 4233 Romanensium
907 4173 959 4232 olii
983 4175 1125 4251 speciosis
1147 4175 1329 4252 argumentis
1352 4179 1382 4234 et
1404 4191 1469 4251 pro

244 4278 447 4354 missionibus,
471 4280 522 4339 alii
540 4280 673 4340 molestis
695 4280 906 4340 offensionibus
924 4285 954 4340 et
971 4283 1239 4358 persecutionibus,
1258 4286 1378 4360 propter
1396 4298 1470 4358 quas

245 4385 337 4444 semel
361 4385 393 4445 in
415 4387 576 4464 Ungariam
603 4387 630 4448 ei
653 4387 827 4464 fugiendum
850 4392 924 4464 erat,
952 4388 990 4448 ud
1012 4388 1173 4450 deserenda
1195 4389 1366 4467 evangeliea
1388 4406 1470 4449 saera

352 4613 379 4680 1)
399 4611 486 4682 Opera
504 4613 530 4666 V
547 4614 608 4668 469.
