3144 5092
189 189 224 278 74
731 225 818 280 Carnr
836 227 869 279 V.

1532 309 1534 348 l

188 426 437 502 desideraverant,
467 427 556 488 Curia
582 427 714 488 Romana
740 428 829 489 anxio
857 429 954 489 animo
983 446 1100 506 semper
1126 434 1296 506 respuerat,
1329 435 1376 489 ut
1409 430 1454 489 in
1533 449 1534 464 ¹

190 535 322 596 Concilio
340 535 571 596 Protestantium
591 535 755 596 sententiae
777 555 836 596 non
860 537 1035 614 simpliciter
1057 536 1280 612 damnarentur,
1306 538 1373 597 sed
1402 538 1452 598 de

189 643 384 703 controversis
407 643 630 722 quaestionibus
654 643 791 704 similiter
813 649 901 728 atque
919 643 952 702 in
970 644 1127 722 colloquiis
1145 645 1328 722 quibusdam
1356 645 1449 706 Ger-

188 751 312 811 manicis
335 751 495 811 christiane
517 757 659 828 ageretur.
703 749 786 826 Quod
809 752 968 830 quominus
991 752 1044 826 ita,
1072 756 1107 812 ut
1128 753 1164 811 ab
1183 752 1258 829 ipsis
1277 752 1446 812 Patribus

189 859 374 935 congregatis
398 859 581 919 sollemniter
602 859 783 936 promissum
806 864 880 934 erat,
908 877 1010 919 revera
1032 859 1128 935 fieret,
1156 860 1292 919 acerrimi
1316 859 1443 920 Ponti-

188 965 248 1026 fioii
272 967 408 1026 omnibus
426 967 540 1027 viribus
558 967 733 1027 nitebantur.
771 967 968 1045 aliquatenus
986 971 1086 1026 tamen
1107 967 1191 1026 initio
1209 967 1279 1026 anni
1300 967 1442 1027 MDLH

191 1073 325 1133 Tridenti
347 1074 378 1133 id
400 1075 512 1134 factum
534 1079 593 1149 est,
617 1075 695 1152 quod
717 1074 782 1134 fieri
800 1073 951 1134 Lutherus
973 1073 1120 1149 voluerat,
1143 1078 1178 1133 ut
1200 1074 1231 1132 in
1254 1074 1323 1151 ipso
1343 1074 1440 1134 Con-

189 1181 257 1241 cilio
275 1183 312 1241 ab
330 1181 576 1258 Evangelicornm
594 1182 701 1259 legatis
718 1181 851 1242 veritatis
870 1181 1073 1242 testimonium
1091 1181 1233 1241 ederetur.
1265 1182 1438 1242 Perterre-

189 1290 284 1349 factae
299 1289 404 1350 Curiae
422 1289 501 1349 haud
520 1290 579 1350 levi
602 1294 675 1350 tnnc
693 1290 834 1367 temporis
853 1289 957 1350 solatio
975 1289 1040 1364 fuit,
1060 1289 1139 1367 qnod
1156 1307 1251 1348 novus
1270 1288 1438 1350 Senoniae
1533 1303 1534 1313 ¹

189 1395 307 1456 Elector
334 1401 436 1456 centra
465 1397 619 1457 Caesarem
642 1397 770 1458 surrexit
797 1401 827 1457 et
854 1397 982 1457 excitato
1009 1400 1131 1474 repente
1154 1395 1286 1457 tumultu
1309 1397 1436 1457 bellico
1533 1444 1534 1455 ,

191 1503 345 1564 honestam
368 1504 569 1582 suspendendi
592 1504 717 1565 Consilii
740 1505 922 1565 occasionem
945 1504 1088 1581 praebuit.

296 1611 466 1686 Mauritius,
489 1612 620 1700 iujurias
637 1617 666 1672 et
689 1613 805 1672 cunctis
823 1611 1058 1672 Protestantibus
1082 1615 1113 1672 et
1130 1611 1187 1671 sibi
1206 1611 1318 1671 adlatas
1340 1612 1432 1672 baud

190 1720 302 1778 frustra
328 1723 464 1797 questus,
492 1719 691 1779 fraudulentia
717 1720 817 1797 ipsum
846 1719 984 1780 Carolum
1011 1719 1147 1792 vincens,
1179 1719 1212 1777 in
1240 1718 1431 1778 duraturum

189 1825 363 1888 Germaniae
391 1827 600 1887 detrimentum
627 1827 744 1887 foedere
771 1845 840 1886 oum
868 1826 963 1887 Gallis
991 1826 1161 1903 conjuncto,
1189 1827 1242 1904 qni
1263 1831 1339 1886 tunc
1363 1827 1429 1887 Lo-

189 1933 353 2011 tharingiae
376 1939 459 2012 parte
481 1935 569 2012 potiti
592 1939 675 2009 sunt,
697 1933 937 2012 potentissimum
955 1934 1166 2011 Imperatorem
1185 1933 1282 1994 subito
1300 1934 1428 1994 fortiter

188 2041 315 2119 perculit
342 2060 469 2120 eumque
496 2042 594 2119 coegit
620 2046 666 2118 ut,
695 2059 786 2120 quum
816 2041 905 2118 paulo
932 2044 1018 2101 antea
1040 2041 1223 2102 voluntatem
1246 2059 1330 2100 suam
1354 2043 1424 2101 orbi

189 2147 382 2226 impositurus
409 2150 528 2224 fuisset,
554 2150 616 2227 jam
643 2149 741 2210 omnia
764 2148 887 2209 consilia
909 2147 974 2223 illa,
1004 2148 1112 2226 quibus
1134 2147 1315 2226 reipublicae
1337 2149 1422 2208 chri-

190 2256 305 2316 stianae
329 2275 381 2335 pro
410 2275 465 2317 sua
497 2257 643 2318 sententia
670 2257 818 2316 moderate
844 2256 1058 2331 reformandae,
1087 2256 1232 2316 unitatem
1260 2256 1421 2316 restituere

189 2367 219 2423 et
242 2381 358 2423 servare
381 2364 572 2440 cogitaverat,
600 2381 721 2442 prorsus
744 2363 925 2441 relinqueret
947 2382 982 2423 ac
1004 2363 1159 2423 desereret.
1206 2361 1321 2437 Quibus
1345 2381 1418 2423 sane
1535 2354 1536 2379 ³

189 2470 322 2530 consiliis
349 2471 382 2529 in
408 2489 515 2547 magno
543 2470 628 2549 quasi
655 2489 755 2532 rerum
783 2471 977 2547 gerendarum
999 2471 1128 2546 theatro,
1156 2487 1250 2548 aeque
1271 2475 1361 2548 atque
1384 2471 1417 2530 in

189 2683 265 2743 sisse
292 2683 506 2764 adnotavimus)
540 2685 638 2745 nentri
671 2685 748 2762 parti
781 2685 950 2746 satisfacere
977 2686 1081 2763 potuit.
1131 2684 1295 2762 Utriusque
1321 2687 1415 2763 partis

189 2791 367 2866 condicioni,
396 2791 493 2869 qualis
520 2791 594 2852 haec
621 2798 693 2852 tnnc
719 2793 861 2870 temporis
881 2793 945 2869 jam
968 2797 1112 2868 evaserat,
1141 2792 1218 2851 nihil
1240 2793 1323 2852 aliud
1344 2811 1413 2853 con-

188 2900 306 2976 gruisse
324 2904 457 2977 apparet,
480 2899 540 2960 nisi
563 2899 594 2959 id
617 2899 696 2978 quod
718 2904 786 2978 post
804 2899 934 2960 Mauritii
956 2899 1110 2959 victoriam
1128 2899 1325 2960 uansaetione
1344 2900 1413 2959 Pas·

189 3007 318 3068 saviensi
346 3007 541 3068 oonst'tntum
568 3013 598 3068 et
625 3008 751 3068 triennio
779 3013 847 3086 post
874 3026 946 3085 pace
973 3007 1126 3084 religionis
1151 3007 1324 3084 Argustana
1346 3025 1413 3066 oon-

187 3116 337 3174 firmatnm
368 3120 421 3175 est.
467 3115 593 3194 Utrique
624 3116 766 3175 nimirum
797 3115 874 3194 parti
902 3115 984 3192 paria
1008 3114 1088 3192 jura,
1120 3115 1209 3175 eertis
1238 3114 1410 3192 quibusdam

82 3215 85 3223 ’
188 3223 298 3282 finibus
322 3223 555 3300 circumscripta,
579 3241 719 3283 concessa
741 3228 825 3300 sunt;
850 3223 1020 3300 quicunque
1042 3222 1162 3282 nomine
1184 3221 1336 3299 religionis
1354 3221 1409 3282 bel-

188 3329 253 3388 lum
274 3329 324 3389 rel
346 3329 470 3406 injurias
493 3329 561 3390 aliis
583 3330 696 3389 illaturi
720 3335 832 3404 essent,
855 3330 992 3408 publicae
1014 3329 1120 3390 salutis
1143 3331 1243 3390 hostes
1266 3329 1406 3388 declarati

189 3433 270 3509 Quae
293 3454 364 3512 pax,
388 3435 466 3496 bello
488 3437 610 3514 triginta
632 3455 775 3496 annorum
798 3442 899 3514 rupta,
922 3443 990 3514 post
1008 3437 1145 3513 ingentes
1164 3436 1338 3497 Germaniae
1354 3435 1408 3496 ela·

189 3543 250 3618 des,
269 3542 375 3620 longae
393 3543 537 3619 miseriae,
556 3544 746 3622 paupertatis,
766 3544 927 3604 debilitatis
941 3561 1053 3618 causas,
1073 3543 1283 3620 Vestphalicae
1297 3542 1407 3602 nomine

189 3651 325 3711 restituta
348 3656 414 3711 est
447 3650 525 3711 Belli
547 3651 643 3726 illiue,
672 3651 760 3711 sicuti
785 3656 871 3711 antea
894 3651 1094 3724 Smalcaldici,
1122 3650 1226 3709 Furiae
1254 3650 1346 3709 instar
1367 3650 1406 3708 in-

189 3759 326 3835 stigatrix
348 3759 480 3818 Romana
504 3759 592 3818 (huia
619 3763 688 3819 erat.
736 3759 843 3819 Contra
870 3776 973 3836 pacem
995 3757 1218 3834 Vestpholicam
1245 3775 1306 3817 non
1330 3757 1407 3816 aliter

188 3885 278 3945 quarn
314 3872 414 3928 contra
446 3868 650 3943 Augustanam
681 3867 763 3944 Papa
798 3865 1040 3926 intercessionem
1072 3865 1135 3925 sive
1166 3865 1405 3942 protestationem,

189 3993 279 4052 quarn
310 3975 426 4050 dicunt,
454 3974 533 4034 fecit.
580 3973 700 4034 Scilicet
727 3973 821 4034 falsus
849 3974 907 4034 iste
930 3973 1042 4034 Christi
1069 3972 1198 4032 vicarius
1225 3971 1405 4050 privilegium

188 4080 342 4157 religionis
372 4097 442 4139 suae
465 4080 563 4156 gladio
586 4085 616 4141 et
639 4081 707 4157 igne
729 4081 935 4158 propagandae
958 4081 1016 4141 sibi
1039 4098 1156 4140 servare
1177 4080 1275 4157 ipsius
1298 4079 1405 4156 religio-

188 4187 237 4247 nis
260 4205 326 4248 esse
348 4187 477 4264 putabat.
1283 4259 1286 4268 ,

295 4293 379 4355 Idem
401 4294 518 4354 animus
542 4293 575 4354 in
598 4293 723 4355 ecclesia
745 4294 877 4355 Romana
896 4297 959 4373 jam
981 4295 1079 4373 ipsius
1102 4294 1227 4356 Consilii
1251 4293 1403 4353 Tridentini

188 4405 277 4478 opert
313 4402 484 4478 praevaluit.
546 4400 631 4476 Quod
662 4421 680 4461 a
710 4402 789 4462 Julio
817 4403 871 4463 HI.
905 4404 938 4462 in
969 4403 1123 4463 biennium
1153 4407 1354 4479 prorogatum,
1387 4417 1402 4459 a

189 4508 283 4570 Paulo
301 4508 353 4568 IV.
377 4509 594 4586 contemptione
616 4509 744 4587 quadam
765 4509 948 4586 neglectum,
971 4509 1044 4569 Pius
1064 4508 1131 4584 IV,
1154 4508 1200 4568 vir
1221 4508 1320 4568 animo
1342 4505 1401 4567 satis

71 2573 75 2582 '
189 2577 335 2652 theologia
353 2577 495 2637 Erasmus
518 2576 566 2656 (ad
589 2577 675 2654 cnjus
694 2578 856 2638 sententias
875 2596 944 2638 eum
962 2578 994 2637 in
1013 2577 1189 2656 quibusdam
1210 2577 1299 2638 rebus
1317 2596 1416 2638 acces
1533 2583 1534 2594 ¹
