3194 5042
221 298 273 353 160
763 298 851 353 Carur
868 296 902 352 V.

220 499 298 575 dole,
327 499 498 560 universam
520 499 642 559 humani
665 501 782 578 generis
805 501 959 562 historiam
981 502 1143 563 etidcirco
1166 503 1255 562 etiam
1278 503 1455 562 nniversam

219 625 317 666 rarum
335 613 469 667 naturam
488 625 557 667 vere
579 607 707 684 intelligi
730 627 789 668 non
813 627 908 686 posse.
950 609 1001 670 Sic
1018 615 1163 687 tompore,
1186 628 1245 688 quo
1263 610 1455 687 praevalebat

220 715 438 792 soaptieismus,
466 715 532 792 ipse
554 714 681 776 Kantius
706 715 966 776 Christianismum
988 717 1144 777 mirificam
1165 717 1248 776 illam
1276 717 1454 795 religionem

219 823 364 896 nominat,
392 822 594 900 philosophiae
621 821 732 883 multas
755 825 889 884 notiones
912 825 1114 902 praebentem,
1142 843 1218 904 qnae
1245 825 1305 884 nisi
1333 826 1370 884 ab
1398 825 1454 884 illa

219 931 367 1007 praebitae
394 930 453 1008 ipsi
482 930 687 1008 philosophiae
714 931 909 992 inveniendae
936 932 1073 992 fuissent
1123 931 1207 992 later
1232 933 1287 992 bas
1314 932 1453 992 notiones

219 1038 311 1098 variis
339 1037 515 1115 scriptorum
543 1056 663 1098 suorum
690 1038 764 1098 loeis
791 1039 829 1099 de
855 1039 940 1116 regni
963 1039 1017 1100 Dei
1046 1039 1165 1100 notione
1191 1039 1337 1118 loquitur,
1370 1041 1453 1118 qnod

220 1163 288 1204 cum
310 1145 470 1218 leibnitio,
497 1145 535 1204 ad
561 1145 643 1205 hunc
669 1163 737 1206 eum
760 1146 870 1206 diserte
891 1147 996 1222 refert,
1022 1153 1162 1226 tanquam
1185 1165 1311 1224 regnum
1338 1147 1453 1224 gratiae

220 1271 351 1329 aragne
373 1257 495 1312 naturae
517 1252 704 1328 distinguens
726 1254 823 1314 ideam
841 1255 969 1332 practice
987 1255 1182 1314 necessariam
1200 1254 1285 1329 dicit,
1308 1255 1452 1332 queniam

220 1359 285 1419 sine
308 1378 342 1420 ea
364 1378 481 1420 summa
502 1360 578 1419 bona
600 1360 723 1420 moralia
746 1361 809 1420 sive
831 1362 906 1421 fines
925 1363 1068 1422 bonorum
1087 1367 1121 1421 ut
1139 1351 1250 1431 ὅντως
1268 1351 1367 1431 ὄντες
1386 1363 1452 1422 sire

218 1485 287 1527 vere
323 1467 500 1527 exsistentes
533 1465 607 1546 (quo
638 1468 727 1527 verbe
758 1468 808 1528 hic
840 1469 885 1528 uti
915 1468 1017 1546 liceat)
1050 1469 1173 1544 cogitari
1204 1475 1360 1546 nequeant.
1412 1469 1452 1529 Et

219 1575 350 1652 proiecto
382 1593 440 1652 quo
472 1574 617 1635 sincerius
648 1575 717 1653 quis
745 1593 861 1635 summa
887 1575 939 1636 illa
965 1577 1041 1636 bona
1068 1577 1194 1654 quaerit,
1227 1595 1262 1636 eo
1289 1577 1390 1636 minus
1417 1575 1450 1635 16

219 1682 315 1742 medic
343 1683 428 1759 quasi
451 1681 524 1741 chao
547 1682 596 1742 vel
617 1701 738 1758 666666,
766 1684 815 1743 661
837 1689 882 1743 161
904 1683 1106 1744 diversissima
1129 1683 1226 1743 sardia
1249 1683 1360 1743 similia
1382 1701 1450 1743 esse

219 1789 371 1864 ridentur,
403 1794 482 1850 certo
514 1789 567 1850 illo
595 1795 625 1850 et
652 1791 796 1850 immobili
824 1791 891 1868 polo
919 1809 1017 1851 carere
1044 1797 1154 1869 potest,
1186 1809 1274 1872 quem
1302 1791 1449 1869 quidquid

219 1896 440 1956 nobilissimum
471 1901 518 1958 est
548 1897 581 1956 in
612 1898 742 1957 humana
773 1905 878 1958 natura
904 1898 1059 1958 desiderat.
1111 1897 1208 1972 Quare
1235 1899 1324 1958 etiam
1351 1899 1448 1958 David

220 2003 352 2080 Strauss,
379 2024 397 2064 a
424 2023 482 2083 quo
509 2004 586 2064 inter
613 2023 715 2065 omnes
737 2005 929 2092 gravissimos
952 2024 1064 2066 errores
1087 2006 1146 2066 tale
1169 2006 1348 2066 desiderium
1371 2024 1448 2065 nun-

222 2131 311 2190 quam
334 2130 456 2190 prorsus
479 2112 660 2190 exstinetam
682 2119 757 2189 erat,
781 2133 873 2192 quum
896 2119 964 2191 post
986 2113 1073 2174 toties
1095 2119 1239 2174 mutatam
1262 2113 1447 2188 sententiam,

220 2225 288 2298 post
309 2219 443 2280 iteratam
465 2219 557 2279 animi
579 2221 801 2281 fluctuationem
823 2221 951 2298 deniqne
973 2221 1005 2280 in
1028 2221 1237 2282 materialismo
1255 2227 1286 2282 et
1303 2222 1448 2281 atheisme

219 2327 467 2405 acquiescendum
489 2345 556 2388 esse
578 2329 635 2388 sibi
658 2328 866 2406 persuasisset,
889 2333 989 2388 tamen
1011 2329 1077 2389 idea
1095 2329 1148 2389 illa
1165 2329 1249 2406 regni
1268 2328 1375 2404 divim,
1398 2330 1448 2388 eui

221 2453 336 2495 summa
348 2441 449 2495 nostra
463 2436 561 2496 studia
574 2435 764 2512 inservirent,
783 2454 882 2496 carere
899 2437 1003 2496 noluit
1036 2435 1101 2510 Qua
1119 2437 1304 2512 confessione
1321 2436 1448 2514 aliisque

222 2541 370 2603 similibus
389 2543 539 2620 seipsum
557 2542 668 2603 refellit
685 2549 715 2602 et
733 2549 864 2619 systema
881 2543 958 2603 illud
979 2563 1039 2604 non
1062 2545 1231 2605 satisfacere
1253 2545 1311 2604 sibi
1333 2543 1448 2604 invitus

220 2649 369 2724 agnovit¹
414 2649 482 2710 Non
514 2651 623 2710 desunt
650 2650 741 2727 igitur
763 2651 842 2728 apud
864 2669 995 2729 paganos
1017 2658 1147 2727 6661166,
1175 2670 1251 2730 quae
1273 2651 1353 2729 apud
1376 2669 1447 2712 snos

221 2756 422 2817 Tertullianus
444 2757 571 2832 invenit,
595 2757 776 2832 ,testimonia
798 2759 914 2820 arrimae
936 2759 1109 2819 naturaliter
1130 2759 1329 2820 christianae‘.

327 2864 452 2926 Facilior
478 2865 603 2924 tortasse
630 2865 704 2925 tides
731 2865 814 2925 reddi
840 2866 960 2926 illorum
987 2867 1091 2927 multis
1119 2867 1277 2944 potuisset,
1303 2867 1364 2927 nisi
1386 2871 1449 2926 tam

222 2990 309 3051 saepe
333 2973 493 3034 Christiani
519 2972 656 3049 religioni
684 2991 754 3034 suae
781 2975 862 3033 varia
888 2974 966 3034 idola
989 3009 1030 3020 —-
1054 2976 1143 3035 verbo
1166 2981 1233 3034 utar
1259 2974 1360 3034 eadem
1389 2993 1451 3052 quo

220 3082 297 3142 Baco
321 3100 411 3142 sensu
431 3115 473 3125 -—
496 3081 732 3141 admiscuissent.
778 3080 893 3155 Quibus
915 3083 1036 3142 remotis
1059 3089 1093 3142 61
1115 3083 1240 3143 ecclesia
1262 3083 1449 3158 reformetur,

220 3191 313 3250 bonae
339 3190 454 3250 litterae
481 3189 602 3264 iterum,
634 3194 668 3248 61
695 3195 763 3250 ante
790 3189 863 3250 haec
889 3189 946 3249 tria
973 3189 1073 3250 secula
1105 3196 1136 3250 et
1166 3190 1252 3268 quasi
1283 3190 1344 3249 alta
1374 3209 1449 3250 voce

220 3298 373 3376 postulant
399 3303 429 3357 et
455 3303 489 3356 61
516 3297 581 3356 11611
608 3297 703 3374 possit
729 3296 842 3356 auxilia
864 3299 998 3358 offerunt.
1045 3297 1140 3358 Sicuti
1167 3298 1219 3358 illo
1241 3315 1313 3358 aevo
1335 3297 1447 3376 prolati

220 3406 366 3465 humanae
394 3405 546 3478 scientiae,
573 3404 664 3463 immo
691 3404 787 3482 ipsius
814 3405 1028 3482 quodammodo
1055 3407 1201 3466 humanae
1228 3410 1349 3465 natiuae
1371 3406 1450 3466 fines

220 3513 389 3572 hominibus
407 3531 424 3571 a
442 3511 504 3572 Deo
523 3511 626 3572 electis
645 3512 777 3572 officium
795 3512 1011 3590 imposuerunt,
1035 3519 1069 3573 ut
1087 3515 1226 3591 spiritum
1243 3512 1450 3588 christianum,

219 3620 332 3680 viribus
346 3619 383 3679 ad
398 3619 598 3697 superandum
616 3620 760 3678 mundum
778 3619 969 3696 instructum,
988 3621 1117 3681 vinculis
1135 3621 1224 3680 medii
1242 3621 1320 3696 aevi,
1338 3621 1451 3698 quibus

219 3727 297 3788 vires
315 3727 384 3787 illae
402 3727 561 3804 impeditae
579 3728 709 3802 fuerant,
729 3727 843 3787 fortiter
860 3727 1031 3802 liberarent,
1051 3729 1094 3789 sic
1111 3735 1212 3789 nestra
1229 3733 1336 3802 aetate,
1355 3745 1451 3806 quum

220 3835 383 3897 humanum
405 3835 557 3913 ingenium
581 3835 672 3896 insita
695 3835 725 3894 vi
748 3841 778 3895 et
796 3835 873 3896 datis
896 3835 1040 3896 divinitus
1064 3837 1185 3896 auxiliis
1204 3836 1323 3913 longius
1340 3836 1451 3895 itemm

219 3945 252 4004 iu
274 3945 390 4005 cunctis
414 3945 556 4005 dochinis
579 3943 751 4022 artibusque
774 3961 963 4021 progressum
987 3945 1039 4019 611,
1062 3961 1165 4005 616666
1189 3943 1350 4004 Christiani
1372 3943 1450 4002 tanti

219 4053 354 4113 beneficii
383 4059 533 4129 compotes
561 4051 631 4112 facti
658 4051 714 4110 niti
741 4051 860 4125 debent,
889 4057 923 4111 ut
950 4069 1040 4130 snper
1067 4071 1126 4112 uno
1149 4053 1245 4130 posito
1268 4051 1320 4110 illo
1343 4050 1451 4110 166116-

220 4166 333 4236 mento,
362 4161 399 4220 de
422 4179 480 4239 quo
503 4160 635 4238 loquitur
657 4159 823 4236 apostolus,
846 4160 970 4220 firmiter
993 4161 1203 4235 666616166166,
1231 4159 1376 4238 quidquid
1399 4158 1451 4218 de-

219 4267 279 4328 bile
311 4273 400 4346 atque
431 4286 557 4346 pravum
589 4267 718 4327 humana
750 4267 940 4329 imbecillitas
972 4269 1019 4328 illi
1052 4267 1264 4346 superstruxit,
1301 4266 1450 4343 dejiciant,

219 4428 433 4439 ffl-

328 4514 355 4582 1)
374 4512 412 4567 01.
437 4513 628 4567 commentatio
651 4528 724 4566 mea:
757 4513 844 4568 David
867 4512 974 4568 Shauss
1003 4514 1043 4568 als
1066 4513 1239 4568 Romanhlier
1261 4513 1308 4567 des
1331 4483 1471 4566 Helen!

219 4601 320 4655 tharne.
