3202 5058
256 291 272 344 li
744 291 847 338 l‘narrs
866 290 976 339 Parosta

1290 376 1463 384 ——.—--

257 511 288 563 ot
308 504 437 578 pericula
466 519 524 562 non
545 503 751 576 intellegantur
780 519 875 576 neque
907 501 1131 562 considerentur.
1176 503 1222 560 lta
1252 500 1367 560 videtur
1387 515 1466 556 nune
1576 501 1577 576 ἦ

256 609 425 681 contingere
443 608 513 666 viris
535 608 749 682 ecclesiasticis,
771 623 842 680 quos
865 621 954 680 saepe
977 607 1119 681 redarguo
1140 621 1204 665 esse
1227 620 1339 679 caecos,
1358 604 1465 676 quippe
1576 659 1577 694 1

204 689 205 694 ἵ
257 713 305 786 qni
328 711 446 772 videant
465 712 562 786 ignem
582 727 677 784 neque
701 728 736 771 eo
759 711 852 770 minus
875 717 995 770 currunt
1018 725 1117 768 versus
1139 706 1258 770 illurn.‘l

345 815 472 888 Quodsi
495 803 660 875 factasunt
683 833 719 875 ex
739 820 835 890 parto,
869 831 943 888 quae
969 815 1101 874 Julianus
1127 813 1284 887 praedixit,
1312 827 1406 871 nonne
1428 828 1465 868 ex

257 919 358 980 iisdem
387 920 482 979 causis
513 936 549 978 ea
579 935 728 978 emanasse
761 925 895 992 apparet,
930 925 1050 992 propter
1079 935 1150 991 quas
1180 920 1246 992 jure
1282 918 1364 975 illum
1395 916 1468 974 talia
1576 971 1577 996 1

256 1025 386 1084 timuisse
408 1024 566 1083 &sanetus
585 1023 742 1096 indicavit?
786 1021 966 1082 Deiecerunt
987 1021 1092 1082 assde
1114 1021 1254 1095 Romana,
1273 1037 1360 1093 quum
1382 1020 1468 1078 toties
1576 1075 1577 1080 ,

256 1129 497 1188 irreformabilem
520 1133 550 1186 et
568 1128 760 1188 insanabilem
782 1143 813 1186 se
834 1127 1031 1202 praebuisset,
1050 1143 1108 1185 non
1130 1132 1242 1185 tantmn
1257 1125 1467 1184 Germanorum
1576 1139 1577 1200 q

257 1233 387 1308 plurimi,
422 1231 585 1292 sedetiam
615 1231 691 1290 aliae
725 1237 835 1305 gentes.
880 1231 961 1290 luter
982 1231 1164 1304 Nemausus,
1187 1230 1236 1303 qui
1258 1235 1300 1288 tot
1322 1228 1467 1300 tantisque
1576 1231 1577 1260 l

257 1337 403 1410 suppliciis
426 1335 542 1396 inflictis
562 1336 614 1396 sub
626 1341 771 1410 potestate
786 1334 932 1410 pontificia
948 1335 1066 1394 cohibiti
1081 1340 1174 1408 erant
1196 1335 1261 1408 plus
1275 1331 1468 1404 semelLaici,

257 1441 361 1514 partim
391 1439 573 1500 sacerdotum
598 1442 724 1514 superba
751 1438 904 1514 tyrannide
931 1445 962 1498 et
989 1435 1131 1514 eonnptis
1159 1439 1285 1498 moribus
1315 1437 1352 1496 ad
1371 1435 1470 1496 odium

259 1545 390 1617 excitati,
415 1559 450 1604 ea
466 1560 552 1618 quam
574 1545 625 1604 ille
647 1545 719 1603 dixit
744 1545 897 1603 atrocitate
919 1545 950 1603 in
965 1544 1031 1603 illos
1046 1545 1201 1602 irruerunt
1245 1543 1348 1602 Nonne
1365 1557 1470 1601 revera

259 1647 418 1708 timendum
440 1653 499 1722 est,
529 1665 580 1722 ne,
610 1649 667 1707 nisi
690 1649 832 1708 acerrima
850 1648 995 1708 medicina
1017 1655 1129 1708 mature
1153 1647 1333 1720 adhibeatur,
1356 1646 1470 1719 similia,

259 1753 346 1810 immo
368 1750 445 1811 forte
468 1752 614 1812 atrociora
635 1752 741 1810 iterum
756 1753 918 1826 iterumque
932 1750 1020 1812 fiant?
1051 1751 1147 1823 Quare
1161 1751 1310 1812 Romanae
1327 1750 1470 1810 ecclesiae

260 1873 318 1914 non
339 1861 471 1929 prosunt,
494 1856 543 1928 qui
564 1862 748 1930 praesentem
771 1858 834 1930 eJus
858 1857 1057 1916 condicionem
1079 1855 1222 1914 mordicus
1244 1856 1339 1914 teneri
1361 1855 1472 1914 volunt.

347 1959 419 2018 Sunt
450 1959 565 2034 quidem
592 1961 669 2018 inter
698 1959 749 2018 hos
778 1961 920 2034 nonnulli,
950 1941 999 2034 qui
1029 1961 1144 2019 sincera
1171 1961 1281 2031 pietate
1305 1965 1336 2018 et
1362 1957 1473 2018 feruido

260 2064 435 2124 christianae
457 2063 605 2139 religionis
627 2063 722 2122 studio
737 2069 913 2124 moveantur.
958 2064 1047 2123 Immo
1068 2065 1144 2124 hane
1163 2063 1239 2136 apud
1262 2080 1294 2122 se
1315 2065 1390 2123 solos
1411 2065 1473 2122 exi·

259 2170 378 2228 stimant
401 2169 494 2228 vivam
525 2174 556 2227 et
579 2169 723 2243 integram
742 2184 910 2243 superesse,
933 2168 1009 2241 apud
1036 2169 1236 2228 Protestantes
1258 2169 1315 2226 vim
1339 2168 1401 2240 ejus
1424 2168 1472 2224 rel

259 2273 393 2334 deletisci
422 2274 548 2346 valjam
571 2273 678 2332 nullam
706 2290 786 2345 esse,
816 2279 916 2346 utpote
942 2273 1005 2348 qui,
1033 2273 1064 2330 in
1086 2277 1130 2330 tot
1151 2271 1292 2331 sactiones
1321 2277 1351 2331 et
1377 2275 1473 2329 sectas
1576 2303 1577 2358 3

258 2376 409 2450 disjuncti,
440 2391 533 2436 novae
565 2377 614 2435 isti
640 2381 756 2436 nostrae
784 2378 890 2435 aetatis
917 2377 1076 2452 paganitati
1107 2377 1242 2436 resistere
1265 2391 1322 2434 non
1345 2376 1471 2434 valeant.
1576 2361 1577 2436 ἕ

258 2481 360 2552 Neque
383 2495 436 2538 uos
458 2494 597 2550 negamus
619 2479 740 2538 multum
755 2480 940 2552 evangelicae
963 2480 1107 2540 libertatis
1129 2481 1250 2538 abusum
1267 2481 1346 2538 inter
1359 2485 1473 2538 nostros
1576 2491 1577 2496 ’

260 2581 420 2643 etinctum
442 2599 506 2642 esse
523 2579 639 2644 etheri.
687 2583 744 2643 Suo
763 2585 828 2657 jure
852 2586 1001 2660 exagitant
1023 2584 1287 2644 Romauocatholiei
1313 2584 1473 2644 discordias

259 2691 385 2762 nostras,
409 2703 496 2762 quae,
519 2705 606 2760 quum
626 2703 720 2760 nuper
741 2687 827 2748 ltalia
850 2695 880 2748 et
893 2689 1034 2764 Hispania
1056 2689 1241 2764 evangelicae
1264 2689 1472 2762 praedicationi

258 2796 378 2865 apertae
399 2797 507 2864 essem,
530 2791 608 2850 haud
630 2807 722 2864 parvo
744 2793 801 2851 illie
824 2795 926 2852 solatio
940 2792 1065 2852 luerunt.
1095 2793 1213 2852 Scilicet
1226 2793 1336 2852 Romae
1353 2799 1473 2867 praeter

260 2891 436 2969 valdenses,
463 2895 660 2954 atrocissimae
687 2912 740 2970 per
767 2901 811 2956 tot
838 2898 936 2957 secula
960 2898 1160 2956 insectationis
1183 2894 1348 2971 pontificiae
1371 2913 1473 2970 super·

260 3000 355 3072 stites,
387 3001 447 3072 jam
476 2999 601 3072 quinque
630 2999 817 3060 inveniuntur
839 3001 970 3060 diversae
994 3002 1154 3076 evangelici
1176 3002 1299 3061 nominis
1321 2999 1473 3074 factiones,

259 3119 333 3178 quae
359 3120 445 3178 quum
476 3119 542 3162 snos
561 3119 695 3178 quaeque
718 3109 887 3180 conventus,
918 3105 1044 3180 scholas,
1071 3105 1239 3179 seminaria,
1271 3104 1473 3178 ephemeridas

259 3209 367 3268 hahere
382 3207 486 3282 velint,
509 3209 657 3284 miserius,
679 3225 763 3284 quam
778 3211 847 3283 ipsis
862 3207 985 3269 fortasse
1000 3207 1127 3282 videtur,
1149 3210 1227 3268 vires
1242 3226 1308 3268 suas
1323 3209 1472 3282 dissipant.

258 3313 321 3371 Neo
353 3313 491 3371 leviorem
519 3315 682 3387 praesentis
710 3312 817 3374 doloris
848 3313 1020 3374 medicinam
1055 3314 1219 3386 discerptae
1246 3313 1473 3373 Protestantium

260 3415 540 3488 Francogallicorum
568 3424 681 3491 partes,
704 3418 807 3492 quibus
829 3418 1008 3477 nobilissima
1030 3434 1129 3478 eorum
1150 3418 1268 3490 ingenia
1283 3419 1474 3477 obscurantur

261 3525 291 3578 et
310 3497 514 3592 impediuntur,
536 3517 685 3578 Romam
709 3521 807 3579 curiae
828 3521 977 3595 praebent.
1022 3521 1099 3592 Quos
1121 3521 1371 3581 vehementissime
1394 3537 1472 3579 nunc

260 3623 311 3682 illa
333 3629 553 3698 expavesceret,
580 3624 604 3682 si
627 3623 695 3682 fidei
726 3623 844 3699 ardore,
869 3625 1026 3686 christiana
1046 3626 1212 3702 concordia,
1244 3627 1333 3685 animi
1357 3624 1473 3683 fortitu-

260 3727 328 3786 dine
350 3727 595 3800 praeclarissimos
615 3744 735 3801 proavos
747 3744 813 3787 snos
832 3735 1002 3803 aequarent.
1040 3731 1173 3804 Denique
1189 3733 1276 3790 etiam
1291 3731 1367 3790 aliae
1381 3745 1472 3803 quae-

259 3831 325 3890 dam
348 3832 472 3904 majores
486 3817 712 3890 Pnotostantinm
735 3834 893 3908 ecclesiae,
914 3834 980 3894 dum
1003 3836 1080 3894 inter
1098 3836 1248 3895 doctrinae
1273 3835 1379 3894 iormas
1400 3850 1471 3892 vere

258 3936 436 3995 inveteratas
452 3941 482 3995 et
497 3937 656 3995 sententias
678 3943 790 3996 temere
815 3945 935 3998 novatae
957 3940 1098 4013 ancipites
1119 3939 1270 4014 fluctuant,
1292 3955 1350 3997 nen
1364 3938 1473 4012 injuria

259 4039 519 4112 reprehenduntur,
541 4039 616 4112 quod
638 4058 675 4099 ne
699 4059 748 4100 eos
771 4042 901 4117 quidem,
921 4045 970 4118 qui
992 4046 1174 4104 sanctissima
1195 4043 1263 4102 fidei
1285 4043 1473 4116 christianae,

258 4144 345 4201 immo
360 4145 452 4202 omnis
463 4145 612 4218 religionis
622 4145 810 4206 fundamenta
824 4155 941 4223 negant,
957 4149 994 4208 ab
1006 4150 1203 4208 eeclesiastico
1213 4165 1334 4208 munere
1346 4153 1469 4206 arceant

258 4253 289 4306 et
320 4247 450 4306 homines
474 4249 513 4316 ‚in
546 4250 634 4310 rebus
665 4253 871 4328 philosophicis
903 4259 934 4312 ot
968 4254 1139 4330 theologicis
1159 4253 1388 4326 indoctissimus,
1422 4251 1474 4324 qui

348 4497 372 4553 il
396 4495 433 4547 Gi.
457 4496 576 4547 Julianus
599 4497 672 4552 Card.
698 4499 724 4550 in
751 4501 850 4548 Aenrae
878 4497 960 4564 sylvii
985 4514 1044 4562 opp.
1067 4499 1105 4548 ed.
1128 4499 1210 4548 Basil.
1239 4515 1264 4562 p.
1285 4503 1324 4548 sl.
1355 4502 1396 4548 70.
1430 4502 1472 4548 ll.

258 4587 297 4634 ii.
331 4588 370 4632 Η.
