3176 5064
714 217 801 276 (larur
819 219 868 274 ΠΙ.
1370 221 1403 275 31

245 453 253 470 ·
284 421 491 480 Tridentinum
518 421 678 480 concilium
701 421 826 481 aliorum
849 439 945 498 spem,
972 421 1099 482 aliorum
1121 423 1258 482 timorem
1280 423 1317 482 ad
1339 423 1405 482 irri-

176 533 240 586 tum
263 528 384 604 redegit
431 526 527 603 Quare
545 528 658 588 Paulus
676 528 799 606 Sarpius
822 529 907 588 initio
929 530 1027 607 operis
1051 529 1099 590 sui
1120 530 1270 605 admonet,
1293 529 1404 590 illustri

176 635 209 694 in
236 653 353 695 omnem
381 637 583 713 posteritatem
610 636 786 696 documento
813 653 880 696 esse
902 637 1064 698 concilium
1086 637 1175 712 illud,
1204 655 1273 714 spes
1295 637 1404 714 cogita-

175 743 331 820 tionesque
353 743 523 803 mortalium
546 743 579 802 in
601 743 698 803 solum
716 743 813 804 Deum
836 744 1034 820 conjiciendas
1056 762 1123 804 esse
1143 761 1241 822 neque
1258 744 1405 804 humanae

177 849 351 927 prudentiae
382 851 495 910 viribus
527 851 692 928 fidendum3
725 851 870 912 contraria
896 852 975 912 enim
1003 870 1105 912 eorum
1131 853 1209 912 facta
1236 869 1303 912 esse
1329 869 1405 930 quae

176 963 347 1036 exspectata
378 959 519 1036 fuissent;
557 959 687 1018 schisma
718 959 860 1020 ecclesiae
891 977 950 1020 non
983 959 1133 1019 sublatum
1165 960 1217 1020 sed
1249 959 1280 1018 in
1312 963 1405 1020 aeter-

176 1083 250 1124 num
277 1066 453 1144 stabilitum;
484 1066 672 1141 tyrannidem
695 1065 848 1126 Pontificis
876 1065 908 1124 in
935 1067 1089 1144 episcopos
1111 1071 1142 1126 et
1163 1067 1336 1127 universum
1358 1085 1405 1127 ec·

176 1173 297 1232 clesiam
320 1173 521 1234 confirmatam
543 1179 633 1251 atque
654 1174 881 1252 corroboratam;
910 1193 963 1252 pro
985 1192 1055 1234 vera
1077 1174 1190 1234 ordinis
1212 1174 1405 1235 ecclesiastici

175 1280 381 1340 reformatione
411 1281 553 1358 majorem
580 1299 669 1358 quam
696 1299 827 1359 unquam
854 1281 1070 1342 deformitatem
1097 1282 1130 1340 in
1157 1281 1313 1342 ecclesiam
1339 1299 1406 1342 esse

175 1387 330 1449 invectam.
382 1387 466 1462 Quod
493 1388 614 1466 quidem
641 1406 679 1448 ex
706 1393 806 1449 mente
832 1407 935 1450 eorum
962 1388 1046 1465 dicit,
1079 1389 1132 1467 qui
1159 1389 1289 1449 similem
1316 1394 1406 1467 atque

175 1495 318 1555 Erasmus
341 1496 497 1556 universae
519 1495 661 1556 ecclesiae
683 1496 920 1556 reformationem
943 1501 1140 1574 speraverant
1186 1496 1294 1556 Dolore
1316 1500 1406 1574 atque

175 1603 220 1662 ira
245 1605 384 1680 abreptus
412 1622 472 1664 non
498 1604 592 1679 videt,
620 1605 656 1664 ab
682 1603 721 1664 iis
748 1604 800 1682 qui
823 1604 982 1674 sinceriore
1005 1609 1035 1664 et
1057 1604 1161 1664 altiore
1184 1603 1295 1681 pietate
1317 1621 1406 1681 quam

176 1711 235 1788 ipsi
267 1729 361 1788 papae
391 1711 501 1770 formas
533 1711 675 1771 ecclesiae
705 1711 796 1771 medii
828 1712 893 1771 aevi
924 1712 1058 1788 proprias
1085 1712 1213 1772 retinere
1240 1711 1405 1786 studebant

176 1817 306 1896 aliquam
343 1819 448 1878 saltem
485 1819 630 1878 abusuum
667 1819 852 1896 quorundam
887 1819 1123 1879 reformationem
1159 1818 1231 1878 licet
1267 1818 1406 1895 exiguam

177 1926 310 1985 effectam
338 1943 411 1986 esse.
457 1925 659 1986 Nihilominus
683 1925 780 2002 Sarpii
807 1926 928 2003 querela
954 1926 1066 2002 injusta
1087 1944 1148 1986 non
1170 1930 1240 1986 erat
1287 1925 1405 1986 Gravis·

177 2033 245 2092 simi
278 2033 357 2092 enim
388 2034 496 2107 morbi,
533 2033 642 2110 quibus
669 2014 802 2092 Romana
830 2033 918 2093 Curia
949 2038 1039 2112 atque
1070 2032 1195 2093 ecclesia
1226 2033 1404 2106 laborabant

177 2141 272 2204 sanati
299 2159 359 2200 non
382 2145 460 2200 sunt
505 2139 611 2218 Neque
634 2140 731 2200 sanari
754 2158 804 2200 eos
826 2142 947 2200 omnino
970 2159 1030 2200 non
1052 2141 1185 2218 potuisse
1204 2139 1273 2215 jure
1295 2139 1405 2218 aliquis

176 2247 297 2323 dixerit,
325 2247 385 2308 nisi
411 2247 531 2308 fatalem
558 2248 691 2307 omnium
717 2265 817 2308 rerum
844 2236 1051 2308 necessitatem
1073 2247 1251 2308 contendere
1274 2247 1405 2306 omnem·

176 2373 235 2433 que
252 2355 407 2415 hominum
424 2355 458 2414 in
475 2355 588 2432 agendo
610 2355 776 2415 libertatem
798 2374 833 2414 ao
855 2355 974 2432 culpam
996 2373 1105 2431 negare
1126 2354 1207 2414 velit.
1254 2353 1406 2428 Quaenam

176 2462 267 2539 igitur
293 2480 341 2524 res
363 2466 408 2522 tot
429 2462 589 2540 praeclaris
611 2462 685 2522 viris
708 2480 792 2540 spem
815 2461 951 2538 fecerint,
979 2480 1079 2522 veram
1102 2467 1132 2522 et
1154 2467 1188 2522 ut
1210 2461 1288 2522 inter
1310 2462 1405 2522 horni-

176 2587 231 2630 nes
254 2569 452 2630 mafficientem
473 2570 630 2630 universae
653 2569 795 2630 ecclesiae
821 2570 1059 2630 reformationem
1081 2587 1135 2647 par
1157 2569 1316 2630 concilium
1339 2587 1405 2646 per-

175 2677 225 2737 fici
251 2695 353 2754 posse,
381 2678 560 2755 quibusnam
587 2695 656 2738 vero
684 2677 807 2737 auxiliis
832 2677 922 2738 Curia
943 2677 1089 2752 Romana,
1117 2675 1187 2754 quia
1214 2677 1281 2754 ipsa
1308 2675 1405 2736 sanari

176 2785 284 2860 noluit,
311 2785 456 2862 ejusmodi
481 2785 587 2845 seriam
611 2785 848 2846 reformationem
870 2785 1067 2866 prohibuerit,
1094 2784 1222 2844 breviter
1244 2784 1294 2844 hic
1316 2802 1406 2862 expo-

176 2892 304 2952 nendam
326 2892 411 2953 nohis
434 2897 487 2952 est
1127 2883 1132 2894 “

283 2999 329 3059 De
354 2999 511 3060 immodica
533 2999 682 3077 Paparum
709 3005 854 3076 potestate
880 3018 915 3060 ac
937 2999 1094 3075 tyrannide
1120 2999 1200 3058 haud
1226 2999 1314 3076 pauci
1336 3016 1405 3058 oum

175 3105 299 3168 Erasmo
330 3107 428 3185 questi
460 3111 556 3178 erant,
589 3107 641 3184 qui
674 3107 829 3190 columnae
859 3107 1002 3168 ecclesiae
1028 3106 1187 3166 catholicae
1214 3106 1403 3166 habebantur.

176 3215 402 3274 antichristiani
433 3214 546 3292 aliquid
578 3215 611 3274 in
637 3215 765 3292 Papatu,
797 3215 894 3292 qualis
926 3215 1128 3292 perlongum
1154 3217 1272 3290 tempus
1299 3214 1403 3288 firerat,

174 3321 349 3399 jamdudum
371 3341 390 3381 a
407 3322 532 3382 summis
550 3321 755 3400 piissimisque
773 3321 845 3381 viris
864 3323 1011 3382 detectum
1028 3340 1063 3381 ac
1080 3321 1292 3398 reprehensum
1310 3320 1404 3380 firisse

176 3430 411 3490 memoravimus.
462 3429 521 3490 Sed
553 3429 714 3506 primatum
741 3429 889 3508 quendam
915 3429 994 3488 inter
1020 3429 1187 3506 episcopos,
1218 3427 1339 3488 remotis
1366 3427 1404 3488 iis

177 3538 265 3598 rebus
301 3555 377 3614 quae
412 3537 565 3613 evangelio
596 3541 797 3614 repugnantes
828 3537 1021 3614 irrepserant,
1058 3535 1218 3596 christiano
1250 3535 1336 3596 modo
1367 3535 1405 3594 ad

176 3644 453 3722 repraesentandam
480 3643 621 3705 ecclesiae
650 3645 796 3704 unitatem
822 3645 940 3704 restitui
962 3661 1063 3722 posse,
1091 3643 1181 3704 etiam
1203 3643 1405 3703 Protestantes

177 3753 351 3828 Augustam
377 3752 563 3813 confessione
585 3769 772 3830 nequaquam
794 3756 986 3829 negaverunt
1031 3751 1068 3811 Id
1090 3755 1207 3810 tantum
1228 3751 1270 3810 ihi
1292 3749 1405 3810 dictum

178 3841 236 3935 est,
259 3877 351 3938 quum
374 3859 507 3938 episcopi
529 3863 631 3920 contm
653 3859 842 3936 evangelium
864 3859 937 3937 quid
955 3860 1079 3920 doceant
1096 3863 1149 3918 aut
1166 3861 1310 3932 statuant,
1332 3861 1405 3916 tunc

178 3967 318 4028 ecclesias
350 3968 457 4028 habere
488 3967 660 4026 mandatum
686 3967 756 4042 Dei,
789 3967 868 4045 quod
895 3967 1092 4028 obedientiam
1118 3965 1283 4043 prohibeat,
1316 3963 1405 4024 sicuti

179 4073 316 4136 Christus
343 4075 435 4135 dicat:
464 4074 586 4151 ,Cavete
612 4094 630 4133 a
652 4074 939 4152 pseudoprophetis‘,
967 4079 998 4134 et
1019 4073 1184 4152 apostolus:
1213 4071 1257 4148 ,Si
1280 4071 1405 4149 angelus

178 4181 214 4242 dc
232 4182 314 4244 coelo
332 4183 414 4242 aliud
432 4182 619 4259 evangelium
637 4181 895 4259 evangelizaverit,
918 4182 1074 4242 anathema
1091 4181 1152 4257 sit‘,
1175 4187 1206 4240 et
1218 4180 1405 4257 Augustinus

178 4295 279 4350 contra
296 4290 435 4350 Petiliani
458 4289 626 4368 epistolam:
652 4288 728 4364 ,Nec
749 4289 904 4350 catholicis
922 4289 1071 4367 episcopis
1089 4287 1333 4350 consentiendum
1350 4291 1404 4364 est,

178 4397 272 4458 sicubi
296 4399 371 4457 forte
394 4397 552 4472 falluntur,
576 4401 628 4456 aut
650 4402 752 4457 contra
774 4397 930 4458 canonicas
948 4397 1005 4458 Dei
1028 4397 1190 4474 scripturas
1207 4395 1320 4474 aliquid
1339 4413 1405 4456 scn-

178 4505 272 4566 tiant.‘
319 4505 417 4577 Addo,
445 4505 524 4584 quod
551 4505 640 4564 etiarn
667 4505 733 4582 ipse
760 4505 872 4564 Paulus
886 4505 938 4564 IV.
962 4504 1055 4581 Papa,
1083 4508 1185 4564 contra
1210 4503 1405 4580 Evangelicos
