3188 5086
262 321 314 378 150
749 322 850 374 Pararrs
870 337 980 373 raroars

261 535 320 595 Pro
342 536 489 595 miraculis
512 541 598 595 erunt
620 537 732 595 animus
754 535 791 595 ab
807 536 884 594 omni
899 551 996 593 rerum
1012 534 1201 592 humanarum
1215 533 1373 606 cupiditate
1387 532 1474 608 liber,

262 645 405 714 perpetua
433 640 511 699 vitae
538 639 697 715 sobrietas,
728 638 853 698 studium
881 640 972 711 gratis
1002 637 1077 696 bene
1107 637 1239 696 merendi
1268 636 1304 696 de
1333 637 1474 712 omnibus,

261 743 404 818 patientia
436 743 523 802 nullis
554 743 667 818 injuriis
698 743 925 816 labefactabilis,
958 745 1100 815 perpetua
1130 737 1248 814 spiritus
1277 741 1412 800 alacritas
1440 742 1474 799 in

263 845 481 921 afflictionibus,
511 847 653 906 modestia
680 848 768 906 comis
795 848 868 906 nihil
895 861 967 920 prae
990 863 1021 905 se
1046 843 1146 905 ferens
1168 846 1325 920 supercilii.
1370 845 1473 917 Neque

263 953 340 1010 enim
362 951 484 1024 apostoli
507 951 612 1024 passim
636 949 761 1010 edebant
781 950 933 1023 miracula,
956 949 1008 1009 sed
1030 949 1082 1024 iis,
1105 965 1177 1022 quas
1199 949 1258 1008 diri
1279 948 1366 1008 rebus
1387 948 1474 1022 longe

262 1055 362 1129 plures
391 1059 596 1128 pertraxerunt
620 1053 818 1114 additionem
841 1053 947 1113 Christi
976 1068 1063 1126 qnam
1092 1053 1247 1112 miraculis.
1292 1053 1374 1112 Haec
1396 1054 1475 1111 enim

262 1158 377 1232 magiae
402 1157 605 1217 tribuebantur
626 1175 645 1217 a
664 1157 777 1232 multis,
799 1157 852 1216 illa
873 1156 1063 1216 declarabant
1085 1155 1142 1215 Dei
1164 1157 1296 1229 spiritum
1314 1171 1402 1230 cgere
1420 1173 1476 1230 per

262 1261 403 1322 homines.
427 1293 468 1304 —-
495 1261 599 1320 Restat
618 1261 720 1319 ultima
741 1261 884 1334 causatio,
912 1260 991 1318 vitae
1014 1261 1183 1333 periculum.
1228 1259 1338 1318 Verum
1360 1235 1476 1332 postea·

263 1379 350 1438 quam
391 1365 521 1424 omnibus
565 1366 656 1424 semel
697 1363 891 1441 moriendum,
935 1379 1010 1435 quae
1053 1377 1130 1422 mors
1170 1363 1341 1435 contingere
1384 1363 1477 1434 possit

263 1468 437 1542 speciosior,
459 1483 546 1541 quam
567 1467 604 1527 ob
627 1468 822 1541 evangelium,
845 1472 895 1526 aut
907 1481 991 1539 quae
1012 1465 1146 1524 feliciori
1179 1466 1256 1538 Quot
1273 1470 1340 1524 snut
1358 1465 1477 1539 milites,

263 1572 313 1644 qui
334 1571 477 1644 intrepide
501 1573 683 1630 committunt
704 1587 736 1629 se
758 1571 883 1644 proelio,
911 1569 1000 1628 vitam
1022 1569 1165 1628 habentes
1188 1569 1273 1628 vilem
1296 1569 1328 1628 in
1350 1569 1475 1642 gretiam

262 1674 387 1732 hominis
409 1674 565 1748 principis!
609 1674 649 1733 Et
667 1691 794 1732 summus
815 1674 865 1732 ille
887 1673 1058 1746 monarcha,
1082 1673 1131 1745 qui
1152 1687 1205 1745 pre
1226 1671 1370 1746 stipendio
1392 1671 1476 1744 polli-

263 1781 346 1836 cetur
374 1791 509 1836 coronam
539 1782 679 1837 aeternae
709 1777 834 1851 gloriae,
863 1793 922 1836 non
948 1776 1060 1834 invenit
1087 1775 1194 1834 milites
1221 1775 1306 1833 simili
1328 1775 1477 1848 praeditos

263 1881 383 1940 animo?
425 1881 491 1940 Jam
521 1887 553 1940 ut
581 1881 696 1940 aeddat
723 1897 815 1955 mors,
844 1896 902 1939 non
932 1879 1046 1939 accidet
1068 1884 1136 1938 ante
1156 1878 1249 1953 diem,
1279 1895 1365 1952 quem
1386 1877 1478 1962 Pater

265 1985 324 2043 snis
346 1985 502 2044 constitnit
545 1985 677 2058 Apostoli
699 1986 729 2042 in
751 1988 833 2043 tanto
849 1983 947 2042 mundi
963 1983 1087 2056 strepitu
1102 1982 1236 2042 vixerunt
1257 1987 1288 2042 et
1309 1981 1348 2042 ad
1366 1983 1476 2055 iustam

263 2091 444 2147 senectutem
469 2092 671 2162 pervenerunt
695 2119 735 2128 —
767 2088 854 2161 Agite
882 2088 983 2160 igitur,
1006 2086 1061 2146 viri
1090 2085 1252 2160 fortissimi,
1281 2085 1378 2144 eximii
1401 2085 1477 2144 chri·

263 2191 376 2251 stianae
403 2192 523 2250 militiae
552 2191 654 2266 duces,
686 2191 798 2250 induite
828 2208 878 2250 vos
906 2191 1019 2264 galeam
1051 2191 1166 2264 salutis,
1199 2189 1318 2248 loricam
1347 2189 1477 2263 pietatis,

263 2291 405 2354 adsumite
428 2299 541 2353 sentum
562 2292 632 2355 fidei
663 2300 694 2355 et
723 2294 851 2370 gladium
873 2295 1006 2368 spiritus,
1035 2294 1085 2368 qui
1108 2298 1153 2352 est
1173 2292 1292 2352 verbnm
1314 2292 1386 2366 Dei;
1415 2297 1479 2350 lota

264 2396 389 2470 deniqne
408 2399 546 2472 panoplia
563 2398 685 2471 mystica
702 2399 869 2471 praeparati
888 2397 926 2456 ad
944 2395 1169 2471 praedicandum
1185 2397 1368 2470 evangelium
1385 2396 1479 2469 pacis,

263 2499 417 2573 intrepidis
453 2501 556 2560 animis
588 2501 626 2561 ad
654 2507 714 2562 tam
743 2501 926 2574 praeclarum
955 2501 1065 2560 facinus
1094 2499 1286 2573 accingimini.
1346 2497 1480 2571 Opimam

264 2602 403 2675 praedam
421 2602 594 2678 existimate,
612 2605 638 2662 si
653 2609 696 2664 tot
711 2605 822 2664 animas
836 2603 992 2664 aSatanae
1007 2603 1160 2678 tyrannide
1176 2609 1290 2676 ereptas
1300 2601 1480 2676 redemptori

264 2703 487 2766 vmdioaveritis.
533 2705 650 2766 Ub'nam
672 2707 813 2767 Dominus
843 2707 913 2766 mihi
940 2707 1070 2766 dedisset
1099 2708 1189 2766 talem
1218 2707 1365 2780 spiritum,
1392 2707 1480 2765 utin

265 2812 325 2866 tarn
353 2809 402 2880 pio
432 2809 549 2882 negob'o
578 2815 701 2870 mortem
726 2817 867 2884 oppetere
892 2827 1036 2884 mererer,
1067 2811 1162 2883 potius
1184 2826 1270 2884 quam
1291 2811 1322 2868 in
1343 2810 1388 2869 his
1410 2825 1479 2868 cru·

265 2909 387 2970 ciatibus
407 2912 488 2972 lenta
511 2919 603 2972 morte
625 2913 783 2972 consumil‘

351 3016 413 3076 Nec
440 3021 538 3076 tamen
559 3016 697 3076 Erasmus
725 3017 905 3077 obliviscitur
932 3019 1022 3076 etiam
1050 3019 1095 3076 his
1123 3018 1249 3091 addere,
1281 3017 1356 3092 quod
1385 3033 1478 3091 saepe

264 3117 412 3194 admonet,
435 3121 556 3180 militiae
575 3120 683 3180 Christi
706 3122 776 3182 satis
798 3123 855 3181 loci
877 3121 941 3180 dari
962 3122 1041 3181 inter
1061 3123 1139 3196 ipsos
1161 3121 1347 3182 cmistianos.
1385 3121 1479 3195 ,Nus-

265 3239 351 3296 quam
373 3225 458 3283 deest
480 3223 573 3298 crnr‘,
595 3227 699 3300 inquit,
723 3226 851 3300 ,verbnm
866 3225 982 3284 Domini
997 3226 1110 3285 sincere
1125 3223 1368 3299 praedicantibus
1405 3223 1481 3284 Sunt

264 3325 350 3386 bodie
372 3323 527 3400 Magnetes
550 3329 679 3401 quidem,
707 3329 818 3388 Herodi
839 3345 897 3388 non
919 3329 1088 3400 dissimiles,
1118 3329 1167 3401 qui
1190 3327 1333 3386 Christum
1356 3329 1479 3402 eiusque

265 3426 424 3488 doctrinam
453 3431 562 3489 habent
590 3431 724 3490 ludibrio.
769 3432 843 3490 Sunt
864 3433 965 3491 Annas
987 3438 1018 3491 et
1040 3431 1177 3506 Caiphae,
1207 3436 1274 3490 sunt
1300 3430 1413 3490 scribae
1446 3438 1481 3490 et

266 3529 430 3606 Pharisaei,
458 3536 508 3606 qni
536 3535 649 3593 coelum
679 3540 777 3594 terrae
800 3536 942 3594 misceant
964 3535 1063 3610 citius,
1094 3551 1179 3608 quam
1199 3535 1347 3608 patiantur
1367 3533 1480 3608 aliquid

265 3650 335 3694 suae
364 3637 529 3696 auctoritati
560 3638 748 3710 quaesitique
778 3638 922 3699 decidere.
989 3637 1062 3698 Sunt
1089 3636 1208 3712 opifices
1236 3654 1293 3697 non
1324 3637 1480 3697 dissimiles

265 3739 335 3814 illis,
362 3740 410 3813 qui
433 3741 509 3814 apud
529 3740 673 3814 Ephesios
696 3741 811 3800 turbam
834 3743 1016 3801 concitarunt
1036 3743 1067 3802 in
1089 3743 1250 3816 apostolos,
1275 3741 1352 3814 qnod
1372 3741 1479 3800 boram

265 3843 444 3918 praedicatio
466 3845 609 3904 minueret
634 3861 735 3904 eorum
757 3851 917 3918 quaestum.
969 3845 1033 3905 Nec
1055 3846 1163 3904 desunt
1181 3846 1290 3920 dudae,
1318 3845 1480 3918 quiquam

268 3946 420 4006 videantur
443 3947 557 4008 cbristo
578 3947 750 4023 familiares,
780 3954 979 4022 cauponantur
1000 3951 1081 4008 illum
1105 3955 1136 4009 et
1156 3950 1281 4024 produnt
1304 3949 1479 4008 exstinctum

265 4049 455 4123 cupientibus.
499 4052 563 4112 Neo
582 4053 687 4112 desunt
707 4054 737 4111 in
756 4053 858 4128 plebe,
879 4054 929 4127 qui
944 4069 1027 4112 uerso
1044 4054 1150 4128 pollice
1165 4055 1306 4112 clament:
1329 4049 1479 4126 crucifige,

264 4150 408 4228 crucifige.
453 4155 535 4228 Quod
564 4157 630 4216 dico
656 4173 757 4216 verum
784 4173 849 4218 esse
877 4155 1058 4232 fatebuntur,
1088 4157 1137 4231 qui
1158 4157 1324 4216 libertatem
1346 4155 1420 4214 hanc
1443 4161 1479 4214 et

263 4256 410 4318 libertatis
433 4260 567 4318 comitem
589 4277 704 4320 crucem
727 4265 795 4320 sunt
818 4260 950 4336 experti!

349 4362 432 4422 Haec
457 4364 573 4438 scripsit
591 4364 730 4425 Erasmus
757 4366 835 4424 iuter
864 4365 1047 4425 saevissimas
1074 4364 1194 4424 nldmae
1222 4361 1382 4422 senectutis
1402 4367 1479 4420 tem·

261 4471 406 4542 pestates;
436 4467 542 4528 similia
567 4471 628 4543 jam
655 4469 744 4528 multo
773 4473 858 4543 ante,
885 4469 1052 4542 priusquam
1075 4468 1219 4528 Lntherus
1240 4471 1342 4526 contra
1365 4465 1480 4525 cumam

260 4568 418 4632 Romanam
448 4573 585 4649 emerit,
614 4574 726 4634 locutas
754 4579 826 4634 erat
872 4571 931 4634 Sed
951 4573 982 4634 id
1004 4587 1139 4650 magnum
1159 4573 1191 4632 in
1214 4571 1265 4632 illo
1289 4571 1365 4646 viro,
1394 4569 1475 4642 quod
