<?xml version="1.0" encoding="UTF-8"?>
<!DOCTYPE html PUBLIC "-//W3C//DTD XHTML 1.0 Transitional//EN"
    "http://www.w3.org/TR/xhtml1/DTD/xhtml1-transitional.dtd">
<html xmlns="http://www.w3.org/1999/xhtml" xml:lang="en" lang="en">
 <head>
  <title>
</title>
<meta http-equiv="Content-Type" content="text/html;charset=utf-8" />
  <meta name='ocr-system' content='tesseract 3.04.00' />
  <meta name='ocr-capabilities' content='ocr_page ocr_carea ocr_par ocr_line ocrx_word'/>
</head>
<body>
  <div class='ocr_page' id='page_1' title='image "./erasmusredivivu00schlgoog_0194.png"; bbox 0 0 3200 5032; ppageno 0'>
   <div class='ocr_carea' id='block_1_1' title="bbox 660 310 1364 387">
    <p class='ocr_par' dir='ltr' id='par_1_1' title="bbox 660 310 1364 387">
     <span class='ocr_line' id='line_1_1' title="bbox 660 310 1364 387; baseline 0.003 -3"><span class='ocrx_word' id='word_1_1' title='bbox 660 331 753 384; x_wconf 77' lang='lat' dir='ltr'>Garun</span> <span class='ocrx_word' id='word_1_2' title='bbox 772 310 819 384; x_wconf 71' lang='lat' dir='ltr'>l&#39;l.</span> <span class='ocrx_word' id='word_1_3' title='bbox 1313 319 1364 387; x_wconf 68' lang='lat'>17?</span> 
     </span>
    </p>
   </div>
   <div class='ocr_carea' id='block_1_2' title="bbox 139 546 1469 4480">
    <p class='ocr_par' dir='ltr' id='par_1_2' title="bbox 139 546 1469 4480">
     <span class='ocr_line' id='line_1_2' title="bbox 146 546 1364 624; baseline -0.001 -18"><span class='ocrx_word' id='word_1_4' title='bbox 146 550 227 622; x_wconf 85' lang='lat' dir='ltr'>giam</span> <span class='ocrx_word' id='word_1_5' title='bbox 247 549 405 624; x_wconf 86' lang='lat' dir='ltr'>iaciamus,</span> <span class='ocrx_word' id='word_1_6' title='bbox 428 549 554 609; x_wconf 88' lang='lat' dir='ltr'>eeclesia</span> <span class='ocrx_word' id='word_1_7' title='bbox 577 565 634 608; x_wconf 90' lang='lat' dir='ltr'>non</span> <span class='ocrx_word' id='word_1_8' title='bbox 647 548 795 608; x_wconf 89' lang='lat' dir='ltr'>hominum</span> <span class='ocrx_word' id='word_1_9' title='bbox 812 546 976 605; x_wconf 80' lang='lat' dir='ltr'>eruditione</span> <span class='ocrx_word' id='word_1_10' title='bbox 992 553 1023 606; x_wconf 88' lang='lat' dir='ltr'>et</span> <span class='ocrx_word' id='word_1_11' title='bbox 1037 547 1183 621; x_wconf 74' lang='lat' dir='ltr'>sapientia</span> <span class='ocrx_word' id='word_1_12' title='bbox 1200 547 1252 606; x_wconf 92' lang='lat' dir='ltr'>sod</span> <span class='ocrx_word' id='word_1_13' title='bbox 1267 554 1364 606; x_wconf 88' lang='lat' dir='ltr'>osten-</span> 
     </span>
     <span class='ocr_line' id='line_1_3' title="bbox 146 651 1364 728; baseline 0 -17"><span class='ocrx_word' id='word_1_14' title='bbox 146 653 232 712; x_wconf 80' lang='lat' dir='ltr'>sione</span> <span class='ocrx_word' id='word_1_15' title='bbox 255 653 373 728; x_wconf 87' lang='lat' dir='ltr'>spiritns</span> <span class='ocrx_word' id='word_1_16' title='bbox 394 659 425 712; x_wconf 92' lang='lat' dir='ltr'>et</span> <span class='ocrx_word' id='word_1_17' title='bbox 442 651 579 714; x_wconf 77' lang='grc' dir='ltr'>ιιιιιιιιει</span> <span class='ocrx_word' id='word_1_18' title='bbox 603 659 633 712; x_wconf 90' lang='lat' dir='ltr'>et</span> <span class='ocrx_word' id='word_1_19' title='bbox 653 651 775 712; x_wconf 86' lang='lat' dir='ltr'>fundata</span> <span class='ocrx_word' id='word_1_20' title='bbox 798 655 848 710; x_wconf 88' lang='lat' dir='ltr'>est</span> <span class='ocrx_word' id='word_1_21' title='bbox 865 657 896 710; x_wconf 88' lang='lat' dir='ltr'>et</span> <span class='ocrx_word' id='word_1_22' title='bbox 918 657 1105 710; x_wconf 80' lang='lat' dir='ltr'>conservatur</span> <span class='ocrx_word' id='word_1_23' title='bbox 1123 655 1211 726; x_wconf 82' lang='lat' dir='ltr'>atque</span> <span class='ocrx_word' id='word_1_24' title='bbox 1228 651 1364 712; x_wconf 87' lang='lat' dir='ltr'>emenda-</span> 
     </span>
     <span class='ocr_line' id='line_1_4' title="bbox 147 749 1469 832; baseline 0 -18"><span class='ocrx_word' id='word_1_25' title='bbox 147 762 207 814; x_wconf 88' lang='lat' dir='ltr'>tnr.</span> <span class='ocrx_word' id='word_1_26' title='bbox 250 757 345 828; x_wconf 85' lang='lat' dir='ltr'>Quare</span> <span class='ocrx_word' id='word_1_27' title='bbox 367 761 450 818; x_wconf 71' lang='lat' dir='ltr'>taum</span> <span class='ocrx_word' id='word_1_28' title='bbox 472 759 548 832; x_wconf 90' lang='lat' dir='ltr'>ejus,</span> <span class='ocrx_word' id='word_1_29' title='bbox 569 763 706 831; x_wconf 73' lang='lat' dir='ltr'>quarum</span> <span class='ocrx_word' id='word_1_30' title='bbox 727 756 770 814; x_wconf 91' lang='lat' dir='ltr'>illi</span> <span class='ocrx_word' id='word_1_31' title='bbox 792 756 961 830; x_wconf 89' lang='lat' dir='ltr'>voluerunt,</span> <span class='ocrx_word' id='word_1_32' title='bbox 983 754 1170 830; x_wconf 76' lang='lat' dir='ltr'>reformatio,</span> <span class='ocrx_word' id='word_1_33' title='bbox 1193 772 1365 831; x_wconf 86' lang='lat' dir='ltr'>quamquam</span> <span class='ocrx_word' id='word_1_34' title='bbox 1465 749 1469 757; x_wconf 81' lang='grc'><strong>“</strong></span> 
     </span>
     <span class='ocr_line' id='line_1_5' title="bbox 148 858 1365 936; baseline 0.001 -18"><span class='ocrx_word' id='word_1_35' title='bbox 148 877 222 919; x_wconf 84' lang='lat' dir='ltr'>suae</span> <span class='ocrx_word' id='word_1_36' title='bbox 243 862 273 919; x_wconf 92' lang='lat' dir='ltr'>iu</span> <span class='ocrx_word' id='word_1_37' title='bbox 296 877 332 921; x_wconf 84' lang='lat' dir='ltr'>ea</span> <span class='ocrx_word' id='word_1_38' title='bbox 354 868 454 936; x_wconf 87' lang='lat' dir='ltr'>partes</span> <span class='ocrx_word' id='word_1_39' title='bbox 473 861 627 922; x_wconf 87' lang='lat' dir='ltr'>eruditioni</span> <span class='ocrx_word' id='word_1_40' title='bbox 659 867 689 920; x_wconf 87' lang='lat' dir='ltr'>et</span> <span class='ocrx_word' id='word_1_41' title='bbox 710 861 816 920; x_wconf 88' lang='lat' dir='ltr'>litteris</span> <span class='ocrx_word' id='word_1_42' title='bbox 838 860 993 919; x_wconf 75' lang='lat' dir='ltr'><strong>mandatae</strong></span> <span class='ocrx_word' id='word_1_43' title='bbox 1017 865 1114 931; x_wconf 89' lang='lat' dir='ltr'>erant,</span> <span class='ocrx_word' id='word_1_44' title='bbox 1145 858 1246 934; x_wconf 89' lang='lat' dir='ltr'>perfici</span> <span class='ocrx_word' id='word_1_45' title='bbox 1267 867 1365 921; x_wconf 88' lang='lat' dir='ltr'>tamen</span> 
     </span>
     <span class='ocr_line' id='line_1_6' title="bbox 147 965 1364 1042; baseline 0 -18"><span class='ocrx_word' id='word_1_46' title='bbox 147 979 209 1024; x_wconf 91' lang='lat' dir='ltr'>nou</span> <span class='ocrx_word' id='word_1_47' title='bbox 235 967 342 1042; x_wconf 90' lang='lat' dir='ltr'>potuit,</span> <span class='ocrx_word' id='word_1_48' title='bbox 371 967 428 1026; x_wconf 90' lang='lat' dir='ltr'>nisi</span> <span class='ocrx_word' id='word_1_49' title='bbox 459 967 589 1026; x_wconf 73' lang='lat' dir='ltr'>universi</span> <span class='ocrx_word' id='word_1_50' title='bbox 614 967 711 1041; x_wconf 91' lang='lat' dir='ltr'>populi</span> <span class='ocrx_word' id='word_1_51' title='bbox 734 965 884 1025; x_wconf 76' lang='lat' dir='ltr'>clarintiani</span> <span class='ocrx_word' id='word_1_52' title='bbox 912 965 1025 1024; x_wconf 82' lang='lat' dir='ltr'>auxilio.</span> <span class='ocrx_word' id='word_1_53' title='bbox 1071 966 1148 1024; x_wconf 88' lang='lat' dir='ltr'>Huic</span> <span class='ocrx_word' id='word_1_54' title='bbox 1178 967 1273 1041; x_wconf 86' lang='lat' dir='ltr'>enim,</span> <span class='ocrx_word' id='word_1_55' title='bbox 1306 984 1364 1026; x_wconf 93' lang='lat' dir='ltr'>non</span> 
     </span>
     <span class='ocr_line' id='line_1_7' title="bbox 147 1069 1365 1144; baseline 0.001 -16"><span class='ocrx_word' id='word_1_56' title='bbox 147 1070 220 1128; x_wconf 88' lang='lat' dir='ltr'>selis</span> <span class='ocrx_word' id='word_1_57' title='bbox 242 1070 363 1130; x_wconf 90' lang='lat' dir='ltr'>eruditis</span> <span class='ocrx_word' id='word_1_58' title='bbox 384 1072 430 1131; x_wconf 83' lang='lat' dir='ltr'>vel</span> <span class='ocrx_word' id='word_1_59' title='bbox 442 1070 655 1144; x_wconf 86' lang='lat' dir='ltr'>sacerdotibus,</span> <span class='ocrx_word' id='word_1_60' title='bbox 678 1071 796 1144; x_wconf 90' lang='lat' dir='ltr'>spiritns</span> <span class='ocrx_word' id='word_1_61' title='bbox 819 1075 848 1129; x_wconf 89' lang='lat' dir='ltr'>ct</span> <span class='ocrx_word' id='word_1_62' title='bbox 863 1070 953 1129; x_wconf 83' lang='lat' dir='ltr'>virtus</span> <span class='ocrx_word' id='word_1_63' title='bbox 967 1069 1103 1129; x_wconf 75' lang='lat' dir='ltr'>divinitus</span> <span class='ocrx_word' id='word_1_64' title='bbox 1116 1071 1256 1143; x_wconf 89' lang='lat' dir='ltr'>promissa</span> <span class='ocrx_word' id='word_1_65' title='bbox 1272 1077 1365 1130; x_wconf 89' lang='lat' dir='ltr'>erant.</span> 
     </span>
     <span class='ocr_line' id='line_1_8' title="bbox 147 1173 1365 1251; baseline 0.001 -18"><span class='ocrx_word' id='word_1_66' title='bbox 147 1173 234 1246; x_wconf 84' lang='lat' dir='ltr'>Quod</span> <span class='ocrx_word' id='word_1_67' title='bbox 245 1175 391 1251; x_wconf 87' lang='lat' dir='ltr'>Erasmus,</span> <span class='ocrx_word' id='word_1_68' title='bbox 413 1176 461 1235; x_wconf 92' lang='lat' dir='ltr'>ubi</span> <span class='ocrx_word' id='word_1_69' title='bbox 481 1175 615 1235; x_wconf 89' lang='lat' dir='ltr'>doctrina</span> <span class='ocrx_word' id='word_1_70' title='bbox 637 1174 807 1250; x_wconf 86' lang='lat' dir='ltr'>exponenda</span> <span class='ocrx_word' id='word_1_71' title='bbox 830 1181 908 1250; x_wconf 89' lang='lat' dir='ltr'>erat,</span> <span class='ocrx_word' id='word_1_72' title='bbox 931 1175 1120 1249; x_wconf 88' lang='lat' dir='ltr'>agnoscebat,</span> <span class='ocrx_word' id='word_1_73' title='bbox 1142 1175 1190 1235; x_wconf 89' lang='lat' dir='ltr'>ubi</span> <span class='ocrx_word' id='word_1_74' title='bbox 1212 1174 1365 1250; x_wconf 82' lang='lat' dir='ltr'>agendum,</span> 
     </span>
     <span class='ocr_line' id='line_1_9' title="bbox 147 1277 1365 1354; baseline 0 -18"><span class='ocrx_word' id='word_1_75' title='bbox 147 1278 322 1354; x_wconf 88' lang='lat' dir='ltr'>denegabat</span> <span class='ocrx_word' id='word_1_76' title='bbox 374 1278 421 1338; x_wconf 83' lang='lat' dir='ltr'>Sic</span> <span class='ocrx_word' id='word_1_77' title='bbox 449 1285 533 1354; x_wconf 89' lang='lat' dir='ltr'>putat</span> <span class='ocrx_word' id='word_1_78' title='bbox 559 1279 940 1353; x_wconf 82' lang='lat' dir='ltr'>secundumEvaugelium</span> <span class='ocrx_word' id='word_1_79' title='bbox 972 1277 1153 1338; x_wconf 76' lang='lat' dir='ltr'>columbinae</span> <span class='ocrx_word' id='word_1_80' title='bbox 1186 1279 1365 1353; x_wconf 89' lang='lat' dir='ltr'>simplicitati</span> 
     </span>
     <span class='ocr_line' id='line_1_10' title="bbox 147 1381 1364 1459; baseline 0 -17"><span class='ocrx_word' id='word_1_81' title='bbox 147 1381 314 1442; x_wconf 85' lang='lat' dir='ltr'>addendum</span> <span class='ocrx_word' id='word_1_82' title='bbox 337 1399 401 1443; x_wconf 89' lang='lat' dir='ltr'>esse</span> <span class='ocrx_word' id='word_1_83' title='bbox 424 1385 567 1459; x_wconf 88' lang='lat' dir='ltr'>serpentis</span> <span class='ocrx_word' id='word_1_84' title='bbox 589 1383 781 1459; x_wconf 89' lang='lat' dir='ltr'>prudentiam.</span> <span class='ocrx_word' id='word_1_85' title='bbox 825 1383 904 1442; x_wconf 80' lang='lat' dir='ltr'>Mira</span> <span class='ocrx_word' id='word_1_86' title='bbox 924 1383 1037 1442; x_wconf 88' lang='lat' dir='ltr'>scilicet</span> <span class='ocrx_word' id='word_1_87' title='bbox 1059 1383 1218 1457; x_wconf 86' lang='lat' dir='ltr'>sagacitate</span> <span class='ocrx_word' id='word_1_88' title='bbox 1233 1383 1364 1458; x_wconf 90' lang='lat' dir='ltr'>pericula</span> 
     </span>
     <span class='ocr_line' id='line_1_11' title="bbox 146 1487 1364 1564; baseline 0 -18"><span class='ocrx_word' id='word_1_89' title='bbox 146 1487 302 1560; x_wconf 71' lang='lat' dir='ltr'>praevidet</span> <span class='ocrx_word' id='word_1_90' title='bbox 332 1504 367 1548; x_wconf 83' lang='lat' dir='ltr'>en</span> <span class='ocrx_word' id='word_1_91' title='bbox 388 1487 500 1562; x_wconf 85' lang='lat' dir='ltr'>ingenti</span> <span class='ocrx_word' id='word_1_92' title='bbox 519 1494 598 1548; x_wconf 90' lang='lat' dir='ltr'>motu</span> <span class='ocrx_word' id='word_1_93' title='bbox 618 1488 750 1564; x_wconf 87' lang='lat' dir='ltr'>populari</span> <span class='ocrx_word' id='word_1_94' title='bbox 773 1487 890 1548; x_wconf 88' lang='lat' dir='ltr'>oritura.</span> <span class='ocrx_word' id='word_1_95' title='bbox 936 1487 1017 1559; x_wconf 80' lang='lat' dir='ltr'>Quae</span> <span class='ocrx_word' id='word_1_96' title='bbox 1044 1493 1076 1546; x_wconf 91' lang='lat' dir='ltr'>ut</span> <span class='ocrx_word' id='word_1_97' title='bbox 1099 1489 1245 1548; x_wconf 84' lang='lat' dir='ltr'>evitentur</span> <span class='ocrx_word' id='word_1_98' title='bbox 1264 1488 1364 1546; x_wconf 89' lang='lat' dir='ltr'>buma-</span> 
     </span>
     <span class='ocr_line' id='line_1_12' title="bbox 147 1591 1363 1667; baseline 0 -17"><span class='ocrx_word' id='word_1_99' title='bbox 147 1607 209 1650; x_wconf 90' lang='lat' dir='ltr'>nae</span> <span class='ocrx_word' id='word_1_100' title='bbox 245 1591 390 1652; x_wconf 88' lang='lat' dir='ltr'>debilitati</span> <span class='ocrx_word' id='word_1_101' title='bbox 422 1592 530 1667; x_wconf 78' lang='lat' dir='ltr'>ahquid</span> <span class='ocrx_word' id='word_1_102' title='bbox 563 1595 624 1654; x_wconf 85' lang='lat' dir='ltr'>vult</span> <span class='ocrx_word' id='word_1_103' title='bbox 666 1592 793 1654; x_wconf 88' lang='lat' dir='ltr'>concedi.</span> <span class='ocrx_word' id='word_1_104' title='bbox 848 1592 893 1652; x_wconf 86' lang='lat' dir='ltr'>Eo</span> <span class='ocrx_word' id='word_1_105' title='bbox 928 1592 1046 1651; x_wconf 88' lang='lat' dir='ltr'>consilio</span> <span class='ocrx_word' id='word_1_106' title='bbox 1079 1592 1216 1653; x_wconf 82' lang='lat' dir='ltr'>Botzenm</span> <span class='ocrx_word' id='word_1_107' title='bbox 1250 1593 1363 1652; x_wconf 82' lang='lat' dir='ltr'>scribit:</span> 
     </span>
     <span class='ocr_line' id='line_1_13' title="bbox 147 1693 1363 1773; baseline 0.002 -20"><span class='ocrx_word' id='word_1_108' title='bbox 147 1693 228 1770; x_wconf 89' lang='lat' dir='ltr'>,Res</span> <span class='ocrx_word' id='word_1_109' title='bbox 255 1695 358 1757; x_wconf 85' lang='lat' dir='ltr'>efficax</span> <span class='ocrx_word' id='word_1_110' title='bbox 385 1704 415 1757; x_wconf 90' lang='lat' dir='ltr'>et</span> <span class='ocrx_word' id='word_1_111' title='bbox 437 1698 543 1758; x_wconf 84' lang='lat' dir='ltr'>inuicta</span> <span class='ocrx_word' id='word_1_112' title='bbox 573 1703 618 1757; x_wconf 89' lang='lat' dir='ltr'>est</span> <span class='ocrx_word' id='word_1_113' title='bbox 647 1699 771 1773; x_wconf 82' lang='lat' dir='ltr'>veritas,</span> <span class='ocrx_word' id='word_1_114' title='bbox 799 1697 852 1757; x_wconf 88' lang='lat' dir='ltr'>sed</span> <span class='ocrx_word' id='word_1_115' title='bbox 880 1697 1048 1772; x_wconf 73' lang='lat' dir='ltr'>evangelica</span> <span class='ocrx_word' id='word_1_116' title='bbox 1073 1695 1228 1772; x_wconf 86' lang='lat' dir='ltr'>prudentie</span> <span class='ocrx_word' id='word_1_117' title='bbox 1247 1695 1363 1771; x_wconf 89' lang='lat' dir='ltr'>dispen-</span> 
     </span>
     <span class='ocr_line' id='line_1_14' title="bbox 147 1798 1363 1876; baseline 0 -16"><span class='ocrx_word' id='word_1_118' title='bbox 147 1798 251 1860; x_wconf 84' lang='lat' dir='ltr'>sauda.</span> <span class='ocrx_word' id='word_1_119' title='bbox 294 1801 359 1876; x_wconf 85' lang='lat' dir='ltr'>Ego</span> <span class='ocrx_word' id='word_1_120' title='bbox 385 1802 426 1862; x_wconf 91' lang='lat' dir='ltr'>sic</span> <span class='ocrx_word' id='word_1_121' title='bbox 453 1801 502 1862; x_wconf 91' lang='lat' dir='ltr'>odi</span> <span class='ocrx_word' id='word_1_122' title='bbox 531 1802 692 1876; x_wconf 88' lang='lat' dir='ltr'>dissidium,</span> <span class='ocrx_word' id='word_1_123' title='bbox 720 1803 762 1862; x_wconf 90' lang='lat' dir='ltr'>sic</span> <span class='ocrx_word' id='word_1_124' title='bbox 790 1819 855 1862; x_wconf 87' lang='lat' dir='ltr'>amo</span> <span class='ocrx_word' id='word_1_125' title='bbox 883 1801 1080 1876; x_wconf 87' lang='lat' dir='ltr'>concordiam,</span> <span class='ocrx_word' id='word_1_126' title='bbox 1113 1808 1145 1861; x_wconf 92' lang='lat' dir='ltr'>ut</span> <span class='ocrx_word' id='word_1_127' title='bbox 1172 1817 1290 1876; x_wconf 88' lang='lat' dir='ltr'>verear,</span> <span class='ocrx_word' id='word_1_128' title='bbox 1316 1819 1363 1875; x_wconf 90' lang='lat' dir='ltr'>ne,</span> 
     </span>
     <span class='ocr_line' id='line_1_15' title="bbox 145 1903 1366 1981; baseline 0.001 -19"><span class='ocrx_word' id='word_1_129' title='bbox 145 1903 177 1963; x_wconf 88' lang='lat' dir='ltr'>si</span> <span class='ocrx_word' id='word_1_130' title='bbox 200 1904 335 1964; x_wconf 87' lang='lat' dir='ltr'>inciderit</span> <span class='ocrx_word' id='word_1_131' title='bbox 356 1907 507 1981; x_wconf 77' lang='lat' dir='ltr'>articulus,</span> <span class='ocrx_word' id='word_1_132' title='bbox 534 1907 618 1965; x_wconf 91' lang='lat' dir='ltr'>citius</span> <span class='ocrx_word' id='word_1_133' title='bbox 640 1906 808 1966; x_wconf 86' lang='lat' dir='ltr'>deserturus</span> <span class='ocrx_word' id='word_1_134' title='bbox 830 1907 885 1964; x_wconf 89' lang='lat' dir='ltr'>sim</span> <span class='ocrx_word' id='word_1_135' title='bbox 907 1906 1033 1979; x_wconf 87' lang='lat' dir='ltr'>aliquam</span> <span class='ocrx_word' id='word_1_136' title='bbox 1053 1905 1184 1966; x_wconf 86' lang='lat' dir='ltr'>veritatis</span> <span class='ocrx_word' id='word_1_137' title='bbox 1204 1907 1366 1981; x_wconf 87' lang='lat' dir='ltr'>portionem</span> 
     </span>
     <span class='ocr_line' id='line_1_16' title="bbox 146 2009 1368 2085; baseline 0.002 -18"><span class='ocrx_word' id='word_1_138' title='bbox 146 2025 238 2084; x_wconf 88' lang='lat' dir='ltr'>quam</span> <span class='ocrx_word' id='word_1_139' title='bbox 265 2009 430 2070; x_wconf 71' lang='lat' dir='ltr'>turbaturus</span> <span class='ocrx_word' id='word_1_140' title='bbox 457 2010 656 2082; x_wconf 86' lang='lat' dir='ltr'>concordiam,</span> <span class='ocrx_word' id='word_1_141' title='bbox 676 2011 700 2068; x_wconf 89' lang='lat' dir='ltr'>si</span> <span class='ocrx_word' id='word_1_142' title='bbox 723 2011 792 2085; x_wconf 91' lang='lat' dir='ltr'>quid</span> <span class='ocrx_word' id='word_1_143' title='bbox 812 2016 911 2070; x_wconf 89' lang='lat' dir='ltr'>tumen</span> <span class='ocrx_word' id='word_1_144' title='bbox 943 2027 998 2083; x_wconf 85' lang='lat' dir='ltr'>ego</span> <span class='ocrx_word' id='word_1_145' title='bbox 1018 2009 1151 2084; x_wconf 86' lang='lat' dir='ltr'>possum‘</span> <span class='ocrx_word' id='word_1_146' title='bbox 1193 2010 1233 2070; x_wconf 84' lang='lat' dir='ltr'>Et</span> <span class='ocrx_word' id='word_1_147' title='bbox 1254 2009 1368 2070; x_wconf 87' lang='lat' dir='ltr'>Melan·</span> 
     </span>
     <span class='ocr_line' id='line_1_17' title="bbox 149 2113 1368 2190; baseline 0.002 -18"><span class='ocrx_word' id='word_1_148' title='bbox 149 2113 272 2174; x_wconf 87' lang='lat' dir='ltr'>rbthoui</span> <span class='ocrx_word' id='word_1_149' title='bbox 295 2114 412 2174; x_wconf 88' lang='lat' dir='ltr'>scribit:</span> <span class='ocrx_word' id='word_1_150' title='bbox 440 2115 650 2190; x_wconf 83' lang='lat' dir='ltr'>‚Qualisquulis</span> <span class='ocrx_word' id='word_1_151' title='bbox 671 2133 770 2174; x_wconf 89' lang='lat' dir='ltr'>rerum</span> <span class='ocrx_word' id='word_1_152' title='bbox 792 2120 885 2174; x_wconf 90' lang='lat' dir='ltr'>status</span> <span class='ocrx_word' id='word_1_153' title='bbox 907 2120 964 2190; x_wconf 83' lang='lat' dir='ltr'>est,</span> <span class='ocrx_word' id='word_1_154' title='bbox 987 2115 1232 2188; x_wconf 81' lang='lat' dir='ltr'>periculosissima</span> <span class='ocrx_word' id='word_1_155' title='bbox 1253 2131 1302 2174; x_wconf 91' lang='lat' dir='ltr'>res</span> <span class='ocrx_word' id='word_1_156' title='bbox 1323 2120 1368 2174; x_wconf 89' lang='lat' dir='ltr'>est</span> 
     </span>
     <span class='ocr_line' id='line_1_18' title="bbox 148 2217 1367 2295; baseline 0.001 -18"><span class='ocrx_word' id='word_1_157' title='bbox 148 2235 268 2278; x_wconf 83' lang='lat' dir='ltr'>movere</span> <span class='ocrx_word' id='word_1_158' title='bbox 290 2219 467 2280; x_wconf 83' lang='lat' dir='ltr'>camarinanl</span> <span class='ocrx_word' id='word_1_159' title='bbox 488 2220 572 2295; x_wconf 89' lang='lat' dir='ltr'>hujus</span> <span class='ocrx_word' id='word_1_160' title='bbox 594 2218 701 2278; x_wconf 90' lang='lat' dir='ltr'>mundi.</span> <span class='ocrx_word' id='word_1_161' title='bbox 745 2217 829 2277; x_wconf 87' lang='lat' dir='ltr'>Pluto</span> <span class='ocrx_word' id='word_1_162' title='bbox 852 2235 940 2292; x_wconf 88' lang='lat' dir='ltr'>quum</span> <span class='ocrx_word' id='word_1_163' title='bbox 962 2218 1171 2294; x_wconf 89' lang='lat' dir='ltr'>rempublicam</span> <span class='ocrx_word' id='word_1_164' title='bbox 1192 2219 1367 2294; x_wconf 89' lang='lat' dir='ltr'>pbilosophi-</span> 
     </span>
     <span class='ocr_line' id='line_1_19' title="bbox 148 2322 1368 2398; baseline 0.001 -17"><span class='ocrx_word' id='word_1_165' title='bbox 148 2339 217 2382; x_wconf 87' lang='lat' dir='ltr'>cam</span> <span class='ocrx_word' id='word_1_166' title='bbox 239 2323 410 2398; x_wconf 78' lang='lat' dir='ltr'>somniaret,</span> <span class='ocrx_word' id='word_1_167' title='bbox 436 2323 508 2384; x_wconf 83' lang='lat' dir='ltr'>vidit</span> <span class='ocrx_word' id='word_1_168' title='bbox 529 2322 743 2383; x_wconf 89' lang='lat' dir='ltr'>multitudinem</span> <span class='ocrx_word' id='word_1_169' title='bbox 766 2322 875 2396; x_wconf 88' lang='lat' dir='ltr'>absque</span> <span class='ocrx_word' id='word_1_170' title='bbox 897 2323 1136 2392; x_wconf 71' lang='lat' dir='ltr'>mendaciumn</span> <span class='ocrx_word' id='word_1_171' title='bbox 1157 2341 1242 2398; x_wconf 90' lang='lat' dir='ltr'>posse</span> <span class='ocrx_word' id='word_1_172' title='bbox 1261 2323 1368 2398; x_wconf 90' lang='lat' dir='ltr'>guber·</span> 
     </span>
     <span class='ocr_line' id='line_1_20' title="bbox 148 2426 1366 2502; baseline -0.002 -15"><span class='ocrx_word' id='word_1_173' title='bbox 148 2427 225 2487; x_wconf 85' lang='lat' dir='ltr'>nari</span> <span class='ocrx_word' id='word_1_174' title='bbox 268 2427 352 2486; x_wconf 81' lang='lat' dir='ltr'>Absit</span> <span class='ocrx_word' id='word_1_175' title='bbox 380 2426 594 2487; x_wconf 76' lang='lat' dir='ltr'>achristianls</span> <span class='ocrx_word' id='word_1_176' title='bbox 623 2427 822 2500; x_wconf 87' lang='lat' dir='ltr'>mendacium,</span> <span class='ocrx_word' id='word_1_177' title='bbox 859 2431 988 2486; x_wconf 88' lang='lat' dir='ltr'>attamen</span> <span class='ocrx_word' id='word_1_178' title='bbox 1016 2444 1075 2486; x_wconf 92' lang='lat' dir='ltr'>uon</span> <span class='ocrx_word' id='word_1_179' title='bbox 1105 2427 1222 2502; x_wconf 84' lang='lat' dir='ltr'>expedit</span> <span class='ocrx_word' id='word_1_180' title='bbox 1251 2445 1366 2488; x_wconf 88' lang='lat' dir='ltr'>omnem</span> 
     </span>
     <span class='ocr_line' id='line_1_21' title="bbox 147 2527 1366 2607; baseline -0.001 -18"><span class='ocrx_word' id='word_1_181' title='bbox 147 2532 304 2590; x_wconf 82' lang='lat' dir='ltr'>veritatem</span> <span class='ocrx_word' id='word_1_182' title='bbox 324 2531 424 2606; x_wconf 84' lang='lat' dir='ltr'>quovis</span> <span class='ocrx_word' id='word_1_183' title='bbox 446 2531 529 2592; x_wconf 93' lang='lat' dir='ltr'>modo</span> <span class='ocrx_word' id='word_1_184' title='bbox 548 2532 672 2606; x_wconf 86' lang='lat' dir='ltr'>prodere</span> <span class='ocrx_word' id='word_1_185' title='bbox 697 2527 826 2606; x_wconf 80' lang='lat' dir='ltr'>vulg0.‘²</span> <span class='ocrx_word' id='word_1_186' title='bbox 870 2531 964 2591; x_wconf 85' lang='lat' dir='ltr'>Multa</span> <span class='ocrx_word' id='word_1_187' title='bbox 987 2533 1123 2607; x_wconf 89' lang='lat' dir='ltr'>leguntur</span> <span class='ocrx_word' id='word_1_188' title='bbox 1146 2531 1303 2606; x_wconf 89' lang='lat' dir='ltr'>apudeum</span> <span class='ocrx_word' id='word_1_189' title='bbox 1319 2532 1366 2590; x_wconf 88' lang='lat' dir='ltr'>his</span> 
     </span>
     <span class='ocr_line' id='line_1_22' title="bbox 147 2628 1365 2711; baseline 0.002 -19"><span class='ocrx_word' id='word_1_190' title='bbox 147 2634 264 2694; x_wconf 81' lang='lat' dir='ltr'>similia,</span> <span class='ocrx_word' id='word_1_191' title='bbox 300 2635 380 2708; x_wconf 82' lang='lat' dir='ltr'>Quae</span> <span class='ocrx_word' id='word_1_192' title='bbox 403 2641 436 2695; x_wconf 92' lang='lat' dir='ltr'>ut</span> <span class='ocrx_word' id='word_1_193' title='bbox 458 2637 519 2695; x_wconf 83' lang='lat' dir='ltr'>veri</span> <span class='ocrx_word' id='word_1_194' title='bbox 541 2635 651 2710; x_wconf 83' lang='lat' dir='ltr'>aliquid</span> <span class='ocrx_word' id='word_1_195' title='bbox 670 2637 849 2695; x_wconf 89' lang='lat' dir='ltr'>continentia</span> <span class='ocrx_word' id='word_1_196' title='bbox 864 2637 994 2709; x_wconf 83' lang='lat' dir='ltr'>quamvis</span> <span class='ocrx_word' id='word_1_197' title='bbox 1008 2636 1135 2710; x_wconf 86' lang='lat' dir='ltr'>benigne</span> <span class='ocrx_word' id='word_1_198' title='bbox 1151 2628 1365 2711; x_wconf 81' lang='lat' dir='ltr'>interpreteris,</span> 
     </span>
     <span class='ocr_line' id='line_1_23' title="bbox 147 2738 1363 2815; baseline 0.001 -18"><span class='ocrx_word' id='word_1_199' title='bbox 147 2743 250 2798; x_wconf 85' lang='lat' dir='ltr'>tamen</span> <span class='ocrx_word' id='word_1_200' title='bbox 284 2739 392 2812; x_wconf 89' lang='lat' dir='ltr'>aliquid</span> <span class='ocrx_word' id='word_1_201' title='bbox 421 2739 510 2799; x_wconf 89' lang='lat' dir='ltr'>animi</span> <span class='ocrx_word' id='word_1_202' title='bbox 544 2744 625 2800; x_wconf 91' lang='lat' dir='ltr'>tanto</span> <span class='ocrx_word' id='word_1_203' title='bbox 657 2741 776 2813; x_wconf 84' lang='lat' dir='ltr'>ingenio</span> <span class='ocrx_word' id='word_1_204' title='bbox 809 2738 888 2815; x_wconf 80' lang='lat' dir='ltr'>digni</span> <span class='ocrx_word' id='word_1_205' title='bbox 919 2741 985 2812; x_wconf 89' lang='lat' dir='ltr'>jure</span> <span class='ocrx_word' id='word_1_206' title='bbox 1017 2739 1242 2800; x_wconf 83' lang='lat' dir='ltr'>desideraveris.</span> <span class='ocrx_word' id='word_1_207' title='bbox 1287 2739 1363 2799; x_wconf 89' lang='lat' dir='ltr'>Dum</span> 
     </span>
     <span class='ocr_line' id='line_1_24' title="bbox 147 2841 1365 2918; baseline 0.003 -20"><span class='ocrx_word' id='word_1_208' title='bbox 147 2841 291 2901; x_wconf 87' lang='lat' dir='ltr'>mellitam</span> <span class='ocrx_word' id='word_1_209' title='bbox 320 2841 459 2918; x_wconf 90' lang='lat' dir='ltr'>reddere,</span> <span class='ocrx_word' id='word_1_210' title='bbox 494 2849 631 2916; x_wconf 88' lang='lat' dir='ltr'>quantum</span> <span class='ocrx_word' id='word_1_211' title='bbox 661 2849 774 2918; x_wconf 88' lang='lat' dir='ltr'>potest,</span> <span class='ocrx_word' id='word_1_212' title='bbox 808 2844 963 2903; x_wconf 86' lang='lat' dir='ltr'>veritatem</span> <span class='ocrx_word' id='word_1_213' title='bbox 992 2843 1124 2903; x_wconf 89' lang='lat' dir='ltr'>omnibus</span> <span class='ocrx_word' id='word_1_214' title='bbox 1151 2845 1264 2918; x_wconf 92' lang='lat' dir='ltr'>studet,</span> <span class='ocrx_word' id='word_1_215' title='bbox 1297 2843 1365 2902; x_wconf 92' lang='lat' dir='ltr'>dum</span> 
     </span>
     <span class='ocr_line' id='line_1_25' title="bbox 147 2945 1366 3020; baseline 0 -17"><span class='ocrx_word' id='word_1_216' title='bbox 147 2952 271 3020; x_wconf 87' lang='lat' dir='ltr'>‚saneta</span> <span class='ocrx_word' id='word_1_217' title='bbox 303 2947 426 3020; x_wconf 90' lang='lat' dir='ltr'>quadam</span> <span class='ocrx_word' id='word_1_218' title='bbox 458 2945 576 3006; x_wconf 87' lang='lat' dir='ltr'>vafritie</span> <span class='ocrx_word' id='word_1_219' title='bbox 603 2948 727 3020; x_wconf 89' lang='lat' dir='ltr'>tempori</span> <span class='ocrx_word' id='word_1_220' title='bbox 756 2946 903 3006; x_wconf 83' lang='lat' dir='ltr'>inserviri‘</span> <span class='ocrx_word' id='word_1_221' title='bbox 933 2947 1008 3020; x_wconf 86' lang='lat' dir='ltr'>vult,</span> <span class='ocrx_word' id='word_1_222' title='bbox 1042 2963 1100 3006; x_wconf 89' lang='lat' dir='ltr'>non</span> <span class='ocrx_word' id='word_1_223' title='bbox 1133 2948 1204 3006; x_wconf 91' lang='lat' dir='ltr'>satis</span> <span class='ocrx_word' id='word_1_224' title='bbox 1234 2947 1366 3006; x_wconf 87' lang='lat' dir='ltr'>meminit</span> 
     </span>
     <span class='ocr_line' id='line_1_26' title="bbox 147 3049 1364 3126; baseline 0.001 -19"><span class='ocrx_word' id='word_1_225' title='bbox 147 3049 269 3108; x_wconf 83' lang='lat' dir='ltr'>verbnm</span> <span class='ocrx_word' id='word_1_226' title='bbox 287 3050 357 3122; x_wconf 91' lang='lat' dir='ltr'>Dei,</span> <span class='ocrx_word' id='word_1_227' title='bbox 379 3056 412 3109; x_wconf 91' lang='lat' dir='ltr'>nt</span> <span class='ocrx_word' id='word_1_228' title='bbox 434 3051 477 3110; x_wconf 90' lang='lat' dir='ltr'>ait</span> <span class='ocrx_word' id='word_1_229' title='bbox 497 3051 655 3126; x_wconf 88' lang='lat' dir='ltr'>propheta,</span> <span class='ocrx_word' id='word_1_230' title='bbox 679 3067 743 3111; x_wconf 90' lang='lat' dir='ltr'>esso</span> <span class='ocrx_word' id='word_1_231' title='bbox 767 3051 856 3110; x_wconf 89' lang='lat' dir='ltr'>etiam</span> <span class='ocrx_word' id='word_1_232' title='bbox 878 3050 960 3123; x_wconf 87' lang='lat' dir='ltr'>quasi</span> <span class='ocrx_word' id='word_1_233' title='bbox 976 3049 1072 3125; x_wconf 86' lang='lat' dir='ltr'>iguem</span> <span class='ocrx_word' id='word_1_234' title='bbox 1088 3055 1118 3109; x_wconf 91' lang='lat' dir='ltr'>et</span> <span class='ocrx_word' id='word_1_235' title='bbox 1132 3049 1213 3123; x_wconf 89' lang='lat' dir='ltr'>quasi</span> <span class='ocrx_word' id='word_1_236' title='bbox 1228 3051 1364 3109; x_wconf 90' lang='lat' dir='ltr'>malleum</span> 
     </span>
     <span class='ocr_line' id='line_1_27' title="bbox 147 3146 1364 3234; baseline -0.001 -23"><span class='ocrx_word' id='word_1_237' title='bbox 147 3159 351 3214; x_wconf 88' lang='lat' dir='ltr'>conterentem</span> <span class='ocrx_word' id='word_1_238' title='bbox 381 3151 521 3229; x_wconf 83' lang='lat' dir='ltr'>petram.⁸</span> <span class='ocrx_word' id='word_1_239' title='bbox 565 3154 669 3228; x_wconf 85' lang='lat' dir='ltr'>Itaque</span> <span class='ocrx_word' id='word_1_240' title='bbox 700 3155 825 3226; x_wconf 88' lang='lat' dir='ltr'>inceptis</span> <span class='ocrx_word' id='word_1_241' title='bbox 847 3153 981 3227; x_wconf 84' lang='lat' dir='ltr'>gravibus</span> <span class='ocrx_word' id='word_1_242' title='bbox 1004 3146 1049 3234; x_wconf 90' lang='lat' dir='ltr'>(ut</span> <span class='ocrx_word' id='word_1_243' title='bbox 1072 3169 1136 3212; x_wconf 88' lang='lat' dir='ltr'>enm</span> <span class='ocrx_word' id='word_1_244' title='bbox 1157 3157 1244 3226; x_wconf 79' lang='lat' dir='ltr'>poeta</span> <span class='ocrx_word' id='word_1_245' title='bbox 1265 3153 1364 3225; x_wconf 88' lang='lat' dir='ltr'>loqua-</span> 
     </span>
     <span class='ocr_line' id='line_1_28' title="bbox 146 3250 1364 3336; baseline -0.002 -20"><span class='ocrx_word' id='word_1_246' title='bbox 146 3250 229 3336; x_wconf 92' lang='lat' dir='ltr'>mur)</span> <span class='ocrx_word' id='word_1_247' title='bbox 248 3263 278 3316; x_wconf 93' lang='lat' dir='ltr'>et</span> <span class='ocrx_word' id='word_1_248' title='bbox 299 3273 405 3332; x_wconf 84' lang='lat' dir='ltr'>magna</span> <span class='ocrx_word' id='word_1_249' title='bbox 427 3257 565 3332; x_wconf 86' lang='lat' dir='ltr'>professis</span> <span class='ocrx_word' id='word_1_250' title='bbox 586 3259 669 3332; x_wconf 89' lang='lat' dir='ltr'>quasi</span> <span class='ocrx_word' id='word_1_251' title='bbox 691 3273 803 3332; x_wconf 86' lang='lat' dir='ltr'>pannus</span> <span class='ocrx_word' id='word_1_252' title='bbox 825 3255 978 3315; x_wconf 84' lang='lat' dir='ltr'>verborum</span> <span class='ocrx_word' id='word_1_253' title='bbox 994 3257 1120 3316; x_wconf 89' lang='lat' dir='ltr'>civilium</span> <span class='ocrx_word' id='word_1_254' title='bbox 1142 3257 1228 3315; x_wconf 89' lang='lat' dir='ltr'>innuo</span> <span class='ocrx_word' id='word_1_255' title='bbox 1250 3255 1364 3316; x_wconf 85' lang='lat' dir='ltr'>blandi-</span> 
     </span>
     <span class='ocr_line' id='line_1_29' title="bbox 147 3359 1363 3440; baseline 0.002 -22"><span class='ocrx_word' id='word_1_256' title='bbox 147 3363 258 3420; x_wconf 89' lang='lat' dir='ltr'>tiarum</span> <span class='ocrx_word' id='word_1_257' title='bbox 282 3363 341 3422; x_wconf 88' lang='lat' dir='ltr'>late</span> <span class='ocrx_word' id='word_1_258' title='bbox 363 3362 518 3436; x_wconf 88' lang='lat' dir='ltr'>splendens</span> <span class='ocrx_word' id='word_1_259' title='bbox 539 3363 648 3438; x_wconf 88' lang='lat' dir='ltr'>passim</span> <span class='ocrx_word' id='word_1_260' title='bbox 664 3361 798 3440; x_wconf 81' lang='lat' dir='ltr'>assuitur.</span> <span class='ocrx_word' id='word_1_261' title='bbox 844 3360 899 3434; x_wconf 82' lang='lat' dir='ltr'>Qui</span> <span class='ocrx_word' id='word_1_262' title='bbox 914 3376 1026 3435; x_wconf 89' lang='lat' dir='ltr'>pannus</span> <span class='ocrx_word' id='word_1_263' title='bbox 1042 3361 1131 3421; x_wconf 89' lang='lat' dir='ltr'>etiam</span> <span class='ocrx_word' id='word_1_264' title='bbox 1141 3359 1228 3434; x_wconf 88' lang='lat' dir='ltr'>Papis</span> <span class='ocrx_word' id='word_1_265' title='bbox 1244 3361 1363 3437; x_wconf 81' lang='lat' dir='ltr'>egregie</span> 
     </span>
     <span class='ocr_line' id='line_1_30' title="bbox 146 3445 1363 3542; baseline 0.002 -18"><span class='ocrx_word' id='word_1_266' title='bbox 146 3481 266 3537; x_wconf 88' lang='lat' dir='ltr'>semper</span> <span class='ocrx_word' id='word_1_267' title='bbox 288 3467 410 3542; x_wconf 88' lang='lat' dir='ltr'>placuit,</span> <span class='ocrx_word' id='word_1_268' title='bbox 441 3467 592 3526; x_wconf 76' lang='lat' dir='ltr'>vamtatem</span> <span class='ocrx_word' id='word_1_269' title='bbox 609 3445 708 3526; x_wconf 66' lang='lat' dir='ltr'>&#39;nobili</span> <span class='ocrx_word' id='word_1_270' title='bbox 730 3464 852 3524; x_wconf 87' lang='lat' dir='ltr'>audacia</span> <span class='ocrx_word' id='word_1_271' title='bbox 874 3464 911 3524; x_wconf 90' lang='lat' dir='ltr'>ab</span> <span class='ocrx_word' id='word_1_272' title='bbox 934 3465 1055 3524; x_wconf 84' lang='lat' dir='ltr'>Erasmo</span> <span class='ocrx_word' id='word_1_273' title='bbox 1084 3464 1232 3525; x_wconf 89' lang='lat' dir='ltr'>obtentam</span> <span class='ocrx_word' id='word_1_274' title='bbox 1263 3469 1363 3526; x_wconf 85' lang='lat' dir='ltr'>omn&#39;cs</span> 
     </span>
     <span class='ocr_line' id='line_1_31' title="bbox 145 3567 1364 3645; baseline 0.002 -18"><span class='ocrx_word' id='word_1_275' title='bbox 145 3584 188 3627; x_wconf 91' lang='lat' dir='ltr'>ne</span> <span class='ocrx_word' id='word_1_276' title='bbox 211 3567 339 3630; x_wconf 82' lang='lat' dir='ltr'>Adriano</span> <span class='ocrx_word' id='word_1_277' title='bbox 367 3569 483 3643; x_wconf 91' lang='lat' dir='ltr'>quidem</span> <span class='ocrx_word' id='word_1_278' title='bbox 509 3575 632 3644; x_wconf 85' lang='lat' dir='ltr'>excepto</span> <span class='ocrx_word' id='word_1_279' title='bbox 655 3570 855 3645; x_wconf 83' lang='lat' dir='ltr'>neglexerunt.</span> <span class='ocrx_word' id='word_1_280' title='bbox 906 3569 1113 3631; x_wconf 85' lang='lat' dir='ltr'>Laudaverunt</span> <span class='ocrx_word' id='word_1_281' title='bbox 1143 3587 1209 3629; x_wconf 91' lang='lat' dir='ltr'>eum</span> <span class='ocrx_word' id='word_1_282' title='bbox 1236 3572 1283 3632; x_wconf 85' lang='lat' dir='ltr'>uel</span> <span class='ocrx_word' id='word_1_283' title='bbox 1306 3573 1364 3631; x_wconf 90' lang='lat' dir='ltr'>sin-</span> 
     </span>
     <span class='ocr_line' id='line_1_32' title="bbox 145 3673 1362 3750; baseline 0.005 -19"><span class='ocrx_word' id='word_1_284' title='bbox 145 3689 218 3731; x_wconf 87' lang='lat' dir='ltr'>cere</span> <span class='ocrx_word' id='word_1_285' title='bbox 248 3675 293 3732; x_wconf 85' lang='lat' dir='ltr'>vel</span> <span class='ocrx_word' id='word_1_286' title='bbox 322 3679 355 3733; x_wconf 93' lang='grc' dir='ltr'>ιιι</span> <span class='ocrx_word' id='word_1_287' title='bbox 376 3673 432 3734; x_wconf 89' lang='lat' dir='ltr'>sibi</span> <span class='ocrx_word' id='word_1_288' title='bbox 449 3675 565 3748; x_wconf 83' lang='lat' dir='ltr'>utilam;</span> <span class='ocrx_word' id='word_1_289' title='bbox 595 3675 787 3734; x_wconf 88' lang='lat' dir='ltr'>cohibuerunt</span> <span class='ocrx_word' id='word_1_290' title='bbox 815 3675 969 3748; x_wconf 87' lang='lat' dir='ltr'>aliquoties</span> <span class='ocrx_word' id='word_1_291' title='bbox 991 3675 1120 3734; x_wconf 90' lang='lat' dir='ltr'>acriores</span> <span class='ocrx_word' id='word_1_292' title='bbox 1141 3677 1202 3750; x_wconf 89' lang='lat' dir='ltr'>ejus</span> <span class='ocrx_word' id='word_1_293' title='bbox 1226 3676 1362 3736; x_wconf 85' lang='lat' dir='ltr'>adversa-</span> 
     </span>
     <span class='ocr_line' id='line_1_33' title="bbox 145 3772 1361 3857; baseline 0 -21"><span class='ocrx_word' id='word_1_294' title='bbox 145 3777 222 3849; x_wconf 82' lang='lat' dir='ltr'>rios3</span> <span class='ocrx_word' id='word_1_295' title='bbox 249 3777 332 3836; x_wconf 89' lang='lat' dir='ltr'>simul</span> <span class='ocrx_word' id='word_1_296' title='bbox 353 3794 422 3838; x_wconf 85' lang='lat' dir='ltr'>uero</span> <span class='ocrx_word' id='word_1_297' title='bbox 444 3777 510 3853; x_wconf 88' lang='lat' dir='ltr'>hes,</span> <span class='ocrx_word' id='word_1_298' title='bbox 540 3777 681 3838; x_wconf 90' lang='lat' dir='ltr'>barbaros</span> <span class='ocrx_word' id='word_1_299' title='bbox 704 3784 734 3838; x_wconf 91' lang='lat' dir='ltr'>et</span> <span class='ocrx_word' id='word_1_300' title='bbox 755 3779 913 3853; x_wconf 86' lang='lat' dir='ltr'>sophistas,</span> <span class='ocrx_word' id='word_1_301' title='bbox 945 3772 1001 3857; x_wconf 87' lang='lat' dir='ltr'>(ita</span> <span class='ocrx_word' id='word_1_302' title='bbox 1024 3779 1136 3838; x_wconf 88' lang='lat' dir='ltr'>seilicet</span> <span class='ocrx_word' id='word_1_303' title='bbox 1156 3782 1186 3838; x_wconf 93' lang='lat' dir='ltr'>in</span> <span class='ocrx_word' id='word_1_304' title='bbox 1209 3781 1272 3852; x_wconf 86' lang='lat' dir='ltr'>ipsa</span> <span class='ocrx_word' id='word_1_305' title='bbox 1294 3781 1361 3838; x_wconf 88' lang='lat' dir='ltr'>aula</span> 
     </span>
     <span class='ocr_line' id='line_1_34' title="bbox 144 3876 1363 3963; baseline 0.002 -26"><span class='ocrx_word' id='word_1_306' title='bbox 144 3878 297 3955; x_wconf 85' lang='lat' dir='ltr'>pontificia</span> <span class='ocrx_word' id='word_1_307' title='bbox 316 3880 393 3941; x_wconf 84' lang='lat' dir='ltr'>baud</span> <span class='ocrx_word' id='word_1_308' title='bbox 418 3898 485 3942; x_wconf 91' lang='lat' dir='ltr'>raro</span> <span class='ocrx_word' id='word_1_309' title='bbox 508 3876 761 3963; x_wconf 88' lang='lat' dir='ltr'>nominabantur),</span> <span class='ocrx_word' id='word_1_310' title='bbox 785 3882 840 3942; x_wconf 91' lang='lat' dir='ltr'>sibi</span> <span class='ocrx_word' id='word_1_311' title='bbox 862 3883 947 3956; x_wconf 88' lang='lat' dir='ltr'>louge</span> <span class='ocrx_word' id='word_1_312' title='bbox 971 3883 1137 3941; x_wconf 89' lang='lat' dir='ltr'>utilissimos</span> <span class='ocrx_word' id='word_1_313' title='bbox 1160 3899 1225 3942; x_wconf 88' lang='lat' dir='ltr'>esse</span> <span class='ocrx_word' id='word_1_314' title='bbox 1244 3887 1275 3942; x_wconf 92' lang='lat' dir='ltr'>et</span> <span class='ocrx_word' id='word_1_315' title='bbox 1297 3897 1363 3955; x_wconf 90' lang='lat' dir='ltr'>gra-</span> 
     </span>
     <span class='ocr_line' id='line_1_35' title="bbox 145 3983 1362 4062; baseline 0.001 -20"><span class='ocrx_word' id='word_1_316' title='bbox 145 3985 274 4044; x_wconf 87' lang='lat' dir='ltr'>tissimos</span> <span class='ocrx_word' id='word_1_317' title='bbox 302 3987 450 4060; x_wconf 89' lang='lat' dir='ltr'>potentiae</span> <span class='ocrx_word' id='word_1_318' title='bbox 481 4002 551 4047; x_wconf 90' lang='lat' dir='ltr'>snae</span> <span class='ocrx_word' id='word_1_319' title='bbox 579 3986 726 4062; x_wconf 80' lang='lat' dir='ltr'>utljutores</span> <span class='ocrx_word' id='word_1_320' title='bbox 756 4002 872 4060; x_wconf 89' lang='lat' dir='ltr'>semper</span> <span class='ocrx_word' id='word_1_321' title='bbox 895 3983 1043 4044; x_wconf 88' lang='lat' dir='ltr'>recordati</span> <span class='ocrx_word' id='word_1_322' title='bbox 1071 3990 1146 4045; x_wconf 91' lang='lat' dir='ltr'>sunt.</span> <span class='ocrx_word' id='word_1_323' title='bbox 1200 3985 1302 4058; x_wconf 84' lang='lat' dir='ltr'>Neque</span> <span class='ocrx_word' id='word_1_324' title='bbox 1331 3986 1362 4043; x_wconf 93' lang='lat' dir='ltr'>id</span> 
     </span>
     <span class='ocr_line' id='line_1_36' title="bbox 145 4087 1362 4166; baseline 0 -18"><span class='ocrx_word' id='word_1_325' title='bbox 145 4089 301 4148; x_wconf 88' lang='lat' dir='ltr'>Erasmum</span> <span class='ocrx_word' id='word_1_326' title='bbox 323 4089 465 4166; x_wconf 82' lang='lat' dir='ltr'>fugiebat3</span> <span class='ocrx_word' id='word_1_327' title='bbox 489 4090 558 4166; x_wconf 90' lang='lat' dir='ltr'>qnid</span> <span class='ocrx_word' id='word_1_328' title='bbox 569 4090 714 4152; x_wconf 81' lang='lat' dir='ltr'>Adrianus</span> <span class='ocrx_word' id='word_1_329' title='bbox 731 4091 811 4164; x_wconf 90' lang='lat' dir='ltr'>Papa</span> <span class='ocrx_word' id='word_1_330' title='bbox 833 4089 870 4149; x_wconf 93' lang='lat' dir='ltr'>de</span> <span class='ocrx_word' id='word_1_331' title='bbox 890 4087 996 4148; x_wconf 83' lang='lat' dir='ltr'>Curiae</span> <span class='ocrx_word' id='word_1_332' title='bbox 1008 4087 1158 4148; x_wconf 86' lang='lat' dir='ltr'>Romanae</span> <span class='ocrx_word' id='word_1_333' title='bbox 1177 4089 1362 4162; x_wconf 86' lang='lat' dir='ltr'>corruptione</span> 
     </span>
     <span class='ocr_line' id='line_1_37' title="bbox 139 4192 1425 4271; baseline 0.001 -20"><span class='ocrx_word' id='word_1_334' title='bbox 139 4192 317 4269; x_wconf 87' lang='lat' dir='ltr'>judicasset,</span> <span class='ocrx_word' id='word_1_335' title='bbox 342 4211 401 4254; x_wconf 90' lang='lat' dir='ltr'>non</span> <span class='ocrx_word' id='word_1_336' title='bbox 429 4195 535 4256; x_wconf 91' lang='lat' dir='ltr'>oblitus</span> <span class='ocrx_word' id='word_1_337' title='bbox 566 4201 645 4271; x_wconf 79' lang='lat' dir='ltr'>erat3</span> <span class='ocrx_word' id='word_1_338' title='bbox 672 4212 756 4269; x_wconf 89' lang='lat' dir='ltr'>quam</span> <span class='ocrx_word' id='word_1_339' title='bbox 782 4211 873 4270; x_wconf 91' lang='lat' dir='ltr'>prope</span> <span class='ocrx_word' id='word_1_340' title='bbox 895 4192 1005 4268; x_wconf 89' lang='lat' dir='ltr'>Roma,</span> <span class='ocrx_word' id='word_1_341' title='bbox 1035 4192 1105 4251; x_wconf 89' lang='lat' dir='ltr'>licet</span> <span class='ocrx_word' id='word_1_342' title='bbox 1127 4199 1245 4268; x_wconf 89' lang='lat' dir='ltr'>propter</span> <span class='ocrx_word' id='word_1_343' title='bbox 1266 4193 1362 4253; x_wconf 91' lang='lat' dir='ltr'>erudi·</span> <span class='ocrx_word' id='word_1_344' title='bbox 1416 4194 1425 4228; x_wconf 81' lang='lat'><strong>¹</strong></span> 
     </span>
     <span class='ocr_line' id='line_1_38' title="bbox 144 4297 1362 4373; baseline -0.001 -16"><span class='ocrx_word' id='word_1_345' title='bbox 144 4299 236 4357; x_wconf 90' lang='lat' dir='ltr'>tionis</span> <span class='ocrx_word' id='word_1_346' title='bbox 261 4299 413 4358; x_wconf 85' lang='lat' dir='ltr'>thesauros</span> <span class='ocrx_word' id='word_1_347' title='bbox 442 4307 473 4360; x_wconf 87' lang='lat' dir='ltr'>et</span> <span class='ocrx_word' id='word_1_348' title='bbox 503 4301 580 4360; x_wconf 87' lang='lat' dir='ltr'>vitae</span> <span class='ocrx_word' id='word_1_349' title='bbox 607 4301 814 4360; x_wconf 88' lang='lat' dir='ltr'>amoenitatem</span> <span class='ocrx_word' id='word_1_350' title='bbox 840 4297 896 4357; x_wconf 92' lang='lat' dir='ltr'>sibi</span> <span class='ocrx_word' id='word_1_351' title='bbox 923 4297 1186 4373; x_wconf 85' lang='lat' dir='ltr'>desideratissima,</span> <span class='ocrx_word' id='word_1_352' title='bbox 1209 4297 1245 4356; x_wconf 92' lang='lat' dir='ltr'>ad</span> <span class='ocrx_word' id='word_1_353' title='bbox 1267 4297 1362 4371; x_wconf 80' lang='lat' dir='ltr'>Baby-</span> 
     </span>
     <span class='ocr_line' id='line_1_39' title="bbox 143 4401 1362 4480; baseline 0 -18"><span class='ocrx_word' id='word_1_354' title='bbox 143 4404 244 4462; x_wconf 90' lang='lat' dir='ltr'>lonem</span> <span class='ocrx_word' id='word_1_355' title='bbox 267 4403 434 4477; x_wconf 89' lang='lat' dir='ltr'>accederet,</span> <span class='ocrx_word' id='word_1_356' title='bbox 456 4404 520 4479; x_wconf 90' lang='lat' dir='ltr'>ipse</span> <span class='ocrx_word' id='word_1_357' title='bbox 541 4404 650 4466; x_wconf 90' lang='lat' dir='ltr'>diserte</span> <span class='ocrx_word' id='word_1_358' title='bbox 673 4401 895 4480; x_wconf 86' lang='lat' dir='ltr'>significaverat.</span> <span class='ocrx_word' id='word_1_359' title='bbox 940 4402 1132 4462; x_wconf 87' lang='lat' dir='ltr'>Nihilominus</span> <span class='ocrx_word' id='word_1_360' title='bbox 1153 4401 1264 4476; x_wconf 89' lang='lat' dir='ltr'>magnis</span> <span class='ocrx_word' id='word_1_361' title='bbox 1286 4418 1362 4474; x_wconf 87' lang='lat' dir='ltr'>quae</span> 
     </span>
    </p>
   </div>
   <div class='ocr_carea' id='block_1_3' title="bbox 191 4621 1250 4772">
    <p class='ocr_par' dir='ltr' id='par_1_3' title="bbox 191 4621 1250 4772">
     <span class='ocr_line' id='line_1_40' title="bbox 237 4621 1250 4694; baseline -0.002 -21"><span class='ocrx_word' id='word_1_362' title='bbox 237 4624 471 4689; x_wconf 62' lang='lat' dir='ltr'>illosum.</span> <span class='ocrx_word' id='word_1_363' title='bbox 578 4623 914 4694; x_wconf 70' lang='lat' dir='ltr'>atxx‚aa.xlli,e.</span> <span class='ocrx_word' id='word_1_364' title='bbox 1023 4621 1250 4689; x_wconf 74' lang='lat' dir='ltr'>³)Jer.23,29.</span> 
     </span>
     <span class='ocr_line' id='line_1_41' title="bbox 191 4714 1143 4772; baseline 0.003 -4"><span class='ocrx_word' id='word_1_365' title='bbox 191 4723 402 4769; x_wconf 80' lang='lat' dir='ltr'>Schlettmsnui</span> <span class='ocrx_word' id='word_1_366' title='bbox 419 4725 523 4770; x_wconf 72' lang='grc' dir='ltr'>Εωιιιιιι</span> <span class='ocrx_word' id='word_1_367' title='bbox 536 4725 655 4771; x_wconf 72' lang='lat' dir='ltr'>rodricus.</span> <span class='ocrx_word' id='word_1_368' title='bbox 1104 4714 1143 4772; x_wconf 72' lang='lat'>12</span> 
     </span>
    </p>
   </div>
   <div class='ocr_carea' id='block_1_4' title="bbox 0 0 1604 5032">
    <p class='ocr_par' dir='ltr' id='par_1_4' title="bbox 0 0 1604 5032">
     <span class='ocr_line' id='line_1_42' title="bbox 0 0 1604 5032; baseline 0 1"><span class='ocrx_word' id='word_1_369' title='bbox 0 0 1604 5032; x_wconf 95' lang='lat' dir='ltr'> </span> 
     </span>
    </p>
   </div>
  </div>
 </body>
</html>
