3156 5056
214 183 266 240 200
700 182 803 232 Pharis
825 181 934 232 Paeonis

219 418 305 474 quum
328 403 419 458 totum
438 400 481 457 ita
500 399 660 457 Lutherum
683 397 933 472 comprehendisse
956 397 1011 456 sibi
1029 398 1183 457 videretur.
1221 399 1377 457 Invenerat
1401 400 1441 456 in

216 505 289 564 libro
313 511 414 564 contra
436 521 468 562 se
491 505 599 576 scripte
622 501 695 560 alios
713 503 805 573 locos,
834 501 990 576 inquibus
1013 504 1116 561 oratio·
1131 503 1226 561 lenius
1249 502 1326 577 fluit,
1354 505 1440 561 anti-

216 625 338 682 quarum
359 608 522 666 litterarum
541 623 645 680 sapore
660 606 787 680 imbuta,
810 606 847 665 ad
863 608 1073 682 elegantiorem
1087 608 1263 667 latinitatem
1277 607 1437 666 accedens.

216 713 301 772 Hanc
331 711 460 786 ejusdem
490 711 639 784 scriptoris
669 727 734 770 esse
764 727 822 770 nou
849 728 934 785 porse
963 711 1103 770 Erasmus
1130 729 1184 784 pre
1210 716 1290 770 certo
1319 710 1438 772 habuit.
1546 765 1547 770 ,

215 815 448 890 Melanchthoni,
470 814 547 888 quod
567 817 630 889 eJus
653 815 884 889 ,logodaedales‘
907 816 1022 890 fuisset,
1052 816 1240 876 vehementer
1261 816 1355 874 iratus
1376 821 1436 874 est.

216 920 274 980 Sed
303 938 340 980 ne
370 921 425 978 hoc
452 919 582 993 quidem,
612 919 688 992 quod
711 935 786 978 vana
807 920 970 992 suspicione
997 920 1053 978 sibi
1075 918 1212 994 tinxerat,
1243 920 1436 994 sagacissimo

215 1026 277 1084 viro
306 1025 345 1084 ad
375 1023 576 1097 explicandum
605 1020 809 1082 multiformem
839 1024 919 1082 exosi
948 1023 1039 1082 libelli
1068 1025 1162 1083 stilum
1192 1021 1326 1082 sufficere
1348 1023 1436 1082 vide-

216 1129 310 1188 batur.
354 1128 477 1188 Praeter
498 1128 754 1187 Melanchthonem
777 1128 850 1186 alios
871 1127 993 1187 Lutheri
1014 1145 1208 1188 amanuenses
1227 1127 1315 1187 luisse
1336 1128 1435 1186 hallu-

219 1233 342 1292 cinando
369 1232 501 1292 credidit
547 1233 642 1306 Quare
671 1232 707 1292 de
736 1232 916 1306 iniquissima
942 1249 1040 1307 pugna
1067 1249 1207 1307 quemne,
1236 1233 1323 1306 ,Mihi
1354 1231 1434 1306 uni‘,

218 1337 326 1410 inquit,
349 1353 429 1411 ,cum
451 1337 548 1396 multis
568 1353 616 1396 res
637 1341 694 1412 est,
717 1342 748 1396 et
770 1337 794 1394 ei
817 1353 881 1395 cum
904 1354 975 1409 uno,
998 1354 1061 1395 eum
1084 1335 1218 1410 Geryone
1241 1343 1347 1397 mmen.
1394 1337 1433 1394 In

216 1456 274 1499 nno
304 1441 379 1499 libro
412 1441 508 1500 varias
541 1457 627 1499 voces
657 1441 843 1514 diversasque
876 1457 978 1500 manus
1009 1443 1111 1500 sentio.
1179 1440 1250 1499 Cum
1281 1441 1430 1516 phalange

217 1543 403 1618 pugnandum
425 1545 496 1602 mihi
518 1549 564 1602 est
585 1545 705 1619 linguis,
728 1545 904 1620 eruditione,
928 1547 1064 1604 conviciis
1087 1547 1218 1607 armata‘
1381 1625 1384 1631 Ι

303 1647 357 1706 Hie
386 1647 516 1706 omnibus
534 1633 806 1721 'splendidissimum
834 1649 965 1724 profecto
992 1649 1145 1710 exhibetur
1172 1651 1367 1708 testimonium
1389 1650 1428 1707 de

215 1751 383 1810 multiformi
405 1753 495 1826 ipsius
516 1753 639 1812 Lutheri
660 1753 785 1825 ingenio.
826 1753 913 1827 Cujm
936 1756 1062 1814 varietas
1084 1761 1167 1814 tanta
1188 1759 1267 1828 erat,
1291 1760 1427 1828 quantam

215 1875 253 1915 ne
279 1856 418 1916 Ειιιιιιιιι
445 1857 575 1933 quidem,
604 1859 675 1917 licet
703 1859 766 1932 ipse
796 1860 832 1919 ad
857 1858 1038 1933 usmpandas
1064 1859 1216 1950 admodum
1244 1860 1341 1918 varias
1366 1875 1427 1916 ser-

216 1963 308 2021 monis
330 1962 437 2022 formas
459 1963 593 2038 idoneus,
615 1965 647 2022 in
670 1981 727 2022 uuo
750 1964 865 2023 homine
886 1965 1009 2022 inveniri
1028 1981 1112 2038 posse
1128 1965 1256 2038 putabat
1292 1963 1427 2022 Getarum

216 2069 364 2141 utriusque
395 2069 450 2128 viri
481 2069 691 2142 eloquentiam,
722 2069 754 2128 id
781 2069 857 2143 quod
887 2070 918 2128 in
941 2069 1127 2143 scriptoribus
1150 2057 1427 2128 ad'commouendos

216 2173 380 2245 aequalium
403 2174 513 2232 animos
536 2175 613 2233 natis
637 2157 752 2248 semper
771 2174 834 2233 fere
853 2175 1057 2249 conspicimus,
1078 2174 1109 2231 in
1123 2173 1245 2234 dicendo
1260 2190 1319 2234 nou
1333 2175 1427 2233 minus
1495 2154 1499 2162 ⁵

215 2291 301 2348 qnam
330 2277 361 2334 in
390 2275 544 2336 scribendo
574 2276 700 2335 eluxisse
725 2282 846 2337 constat.
906 2279 989 2338 Solus
1019 2279 1159 2338 alteruter
1187 2277 1303 2351 quidem
1331 2283 1427 2336 orator

216 2387 297 2453 erat,
327 2383 408 2454 eujus
430 2381 554 2440 nominis
576 2380 693 2439 landem
715 2383 822 2440 mereri
846 2398 878 2440 se
900 2398 959 2440 non
979 2399 1063 2455 posse
1086 2383 1175 2456 alter,
1204 2387 1346 2456 utsupra
1367 2398 1426 2440 me·

216 2485 402 2556 moravimus,
431 2484 521 2556 probe
552 2485 744 2544 intellexerat
789 2485 846 2544 Sed
867 2487 1017 2561 ingeniosa
1039 2487 1187 2560 utriusque
1209 2487 1264 2546 viri
1287 2487 1426 2559 colloquia

217 2593 248 2646 et
270 2587 528 2663 apophthegmata,
557 2589 687 2660 quamvis
710 2588 864 2648 admodum
887 2591 1002 2649 diversa
1023 2593 1100 2648 incer
1122 2607 1153 2648 se
1177 2595 1287 2664 essent,
1317 2591 1426 2664 pariter
1546 2587 1547 2658 ζ

216 2689 279 2750 fere
301 2691 614 2765 praestantissimorum
636 2694 800 2765 aequalium
824 2695 1045 2754 admirationem
1067 2695 1274 2754 excitaverunt.
1327 2694 1425 2753 Latius

216 2796 271 2856 hac
300 2813 337 2854 ex
358 2800 442 2869 parte
466 2811 521 2869 per
541 2796 705 2855 universam
727 2797 864 2872 Europae
888 2798 1095 2874 rempublicam
1117 2799 1291 2858 litterariam
1313 2798 1424 2857 Erasmi

216 2901 310 2976 gloria
330 2899 465 2976 patebat,
497 2915 583 2974 quem
614 2901 643 2959 in
674 2903 802 2962 classicis
831 2905 939 2962 litteris
968 2921 1025 2962 non
1045 2905 1139 2962 minus
1165 2919 1251 2975 quam
1281 2903 1312 2961 in
1337 2905 1423 2962 sacrm

215 3011 356 3081 perpetuo
386 3015 532 3065 versatum
561 3005 660 3066 Attica
688 3007 739 3068 illa
765 3007 968 3068 confabulandi
999 3007 1094 3081 gratia
1121 3014 1151 3066 et
1178 3005 1334 3067 testivitate
1362 3023 1422 3065 cum

216 3113 383 3188 evangelico
405 3113 466 3172 eale
489 3116 642 3189 conjuncta
661 3113 840 3188 splenduisse
860 3113 991 3172 vidimus.
1026 3113 1122 3173 Altium
1137 3114 1262 3173 Lutheri
1276 3113 1421 3186 colloquia,

217 3223 248 3276 et
262 3220 375 3291 privata
391 3223 422 3276 et
436 3217 560 3293 publice,
579 3233 701 3294 magnae
716 3219 816 3294 populi
829 3217 995 3277 Germanioi
1011 3220 1102 3292 partis
1118 3219 1328 3290 multorumque
1343 3233 1421 3290 pere·

216 3321 363 3393 grinorum
386 3323 498 3380 animos
517 3328 753 3396 penetraverunt.
796 3322 884 3397 Cujus
907 3339 1055 3382 sermones
1078 3323 1167 3382 etiam
1190 3322 1421 3381 familiarissimos

216 3440 358 3497 superque
385 3441 514 3484 mensam
541 3425 634 3485 factes
660 3427 804 3500 nonnulli,
833 3428 882 3500 qui
910 3443 1007 3486 coram
1032 3443 1081 3487 eos
1110 3427 1293 3502 audiverant,
1320 3425 1421 3484 litteris

215 3527 442 3603 mandaverunt3
464 3534 566 3603 postea
588 3531 650 3587 sine
669 3533 747 3604 justo
770 3529 936 3590 discrimine
959 3533 1072 3590 collecti
1094 3537 1169 3590 sunt.
1214 3530 1298 3590 Unde
1320 3530 1421 3590 factum

217 3639 275 3706 est,
297 3639 331 3692 ut
345 3637 377 3693 et
390 3633 468 3692 baud
482 3649 575 3707 pauca
591 3634 681 3694 verba
696 3635 860 3710 apocrypha
875 3636 922 3695 vel
936 3638 1011 3695 male
1026 3637 1177 3695 intellecta
1191 3636 1420 3707 admiscerentur,

217 3745 247 3800 et
270 3739 328 3798 alia
352 3737 429 3798 foras
453 3737 635 3813 efferrentur,
657 3756 733 3812 quae
755 3740 833 3799 intra
850 3741 978 3814 parietes
998 3740 1179 3801 familiariter
1194 3741 1348 3800 enunciata
1362 3753 1421 3812 par-

217 3845 326 3918 timque
345 3846 423 3919 justo
439 3844 584 3902 incautius
600 3849 630 3902 et
645 3845 835 3904 inconsultius
850 3847 979 3920 projecta
994 3845 1117 3903 inimicis
1131 3845 1311 3904 obtrectandi
1328 3825 1420 3903 ansain

217 3948 328 4006 darent.
363 3948 426 4020 Qua
448 3948 484 4007 de
507 3965 540 4006 re
563 3949 730 4022 ingeniosus
751 3950 866 4023 quidam
882 3949 1041 4022 Anglorum
1063 3951 1187 4023 scriptor
1206 3949 1359 4022 judicavit,
1379 3949 1420 4006 vix

215 4051 305 4110 ullum
327 4069 462 4126 magnum
483 4055 576 4112 virum
598 4059 657 4112 tam
680 4055 872 4126 periculosum
892 4054 1121 4128 experimentum
1137 4059 1218 4113 tanta
1235 4055 1328 4129 gloria
1342 4053 1420 4112 eusti-

215 4157 323 4231 nnisse,
344 4159 452 4216 etenim
467 4157 603 4232 quidquid
618 4159 650 4216 in
665 4159 814 4232 colloquiis
830 4159 888 4217 illis
902 4161 969 4233 jure
984 4159 1259 4234 reprehenderetur,
1281 4165 1378 4217 tamen
1393 4159 1419 4215 in

216 4262 381 4320 universum
393 4277 429 4321 ea
440 4261 582 4339 omnibus,
597 4263 759 4336 qnicmrque
772 4263 834 4320 sino
848 4263 1048 4337 praejudicata
1060 4265 1195 4338 opinione
1211 4280 1261 4322 eos
1278 4263 1419 4337 legissent,

216 4365 375 4426 Lutherum
397 4367 582 4440 grandiorem
606 4372 637 4426 et
659 4368 802 4426 cariorem
830 4383 947 4442 semper
975 4375 1005 4428 et
1032 4369 1191 4428 reddidisse
1220 4375 1251 4427 et
1279 4367 1419 4427 reddituro

218 4487 291 4530 esse.
336 4471 453 4530 Revera
482 4476 558 4530 totus
584 4471 632 4530 hic
659 4472 690 4530 in
720 4472 777 4530 illis
806 4473 874 4530 talis
900 4473 1048 4532 invenitur
1073 4474 1189 4546 qualem
1215 4473 1419 4548 descripsimus,
