3134 5054
679 249 771 300 Gerus
788 249 837 300 xl.
1314 247 1365 302 279

147 466 218 527 dole
241 471 341 540 capto,
366 464 436 538 quid
458 465 521 539 ipse
544 480 621 522 nunc
643 462 680 522 ab
702 462 823 521 Erasmo
846 468 1042 536 exspectaret,
1065 463 1235 522 ardentibus
1260 464 1366 538 verbis,

146 570 202 630 sed
230 570 398 629 dubitanter
429 573 555 641 tantum,
583 563 750 640 expressit¹
803 567 904 625 Voluit
932 572 965 626 ut
993 567 1044 625 ille
1073 572 1218 640 tamquam
1245 565 1367 642 ,Christi

148 677 253 749 equas‘
276 674 431 734 veritatem
454 673 550 746 palam
573 671 749 732 defenderet
770 676 873 745 atque,
901 670 1106 730 siadversarii
1132 688 1198 730 eum
1222 672 1249 730 vi
1271 673 1366 746 oppri-

149 784 278 852 merent,
301 778 446 860 vmartyris
480 792 616 835 coronam
649 775 876 836 nancisceretur.
933 776 1093 834 Nesciebat
1125 792 1195 834 saue
1225 776 1365 850 Durerus,

148 900 225 958 quac
256 889 317 942 tum
345 882 500 941 Erasmum
528 880 642 940 diverse
671 878 838 939 trahebant.
897 881 982 938 Hunc
1013 885 1042 939 ct
1071 881 1169 954 Papae
1200 881 1307 939 bullum
1336 887 1367 938 ot

150 987 285 1046 Caesaris
322 985 448 1046 edictum
483 991 585 1044 contm
615 984 776 1044 Lutherum
814 985 1021 1057 proclamatum
1058 985 1128 1043 satis
1164 991 1265 1057 aperte
1298 1002 1365 1044 con·

149 1091 318 1165 damnasse,
358 1091 500 1166 judicium
534 1106 602 1148 vero
637 1089 674 1148 de
715 1094 777 1148 tota
818 1090 896 1148 illius
933 1105 1021 1148 causa
1057 1088 1209 1149 ferendum
1245 1095 1366 1164 proptor

150 1197 359 1256 conscientiam
381 1195 559 1255 detrectasse
585 1193 771 1255 ostendimus.
817 1193 1008 1252 Nihilominus
1031 1210 1065 1252 eo
1088 1195 1212 1252 maxime
1236 1200 1364 1268 tempore

147 1299 357 1375 vituperandus
390 1305 466 1372 erat,
500 1299 576 1373 quod
605 1298 691 1358 nimis
726 1303 803 1357 tutus
829 1299 1041 1372 procellemque
1070 1299 1175 1358 timeus
1199 1299 1278 1358 humi
1305 1317 1365 1358 ser·

149 1409 235 1480 peret
266 1410 353 1478 atque
385 1405 488 1477 culpae
519 1401 656 1462 vitandae
687 1418 775 1461 ceusu
807 1404 838 1460 in
875 1403 976 1460 vitium
1010 1402 1174 1462 duceretur.
1226 1404 1365 1464 Permulti

151 1511 230 1569 enim
259 1509 409 1582 utriusque
436 1509 528 1582 partis
550 1507 664 1567 sodales
687 1507 846 1566 clarissime
870 1513 1093 1581 perspexerant,
1122 1508 1245 1568 Lutheri
1265 1525 1365 1568 ausum

149 1613 188 1672 ab
208 1613 330 1673 Erasmo
358 1628 493 1687 mamam
514 1617 628 1686 partem
648 1618 854 1686 praeparatum
875 1611 973 1672 fuisse.
1020 1613 1075 1672 Illo
1094 1613 1196 1688 igitur,
1228 1619 1260 1672 ut
1286 1614 1365 1672 vide·

150 1717 249 1792 batur,
283 1736 299 1778 e
326 1717 421 1777 medio
449 1717 564 1776 sublato
592 1717 678 1790 hujus
711 1721 775 1775 erat
800 1716 952 1776 declarare
978 1717 1047 1790 quid
1073 1717 1226 1792 probasset
1252 1719 1284 1776 in
1305 1720 1364 1792 illo,

150 1821 220 1896 quid
253 1839 311 1880 non
341 1822 500 1896 probasset.
544 1821 629 1879 Licet
660 1821 691 1879 in
731 1821 851 1894 siugulis
891 1821 1013 1880 fortasse
1045 1827 1195 1882 erraturos
1225 1823 1363 1883 deserere

148 1941 210 1984 uon
243 1925 372 1986 debebat
406 1926 570 1986 sententiae
598 1923 739 1984 dicendae
767 1923 899 1984 officium.
951 1925 1023 1986 Jure
1053 1929 1213 2000 meritoque
1243 1933 1364 2000 utraque

149 2047 219 2104 pars
249 2030 419 2105 postulavit,
456 2035 488 2088 ut
520 2034 619 2088 lautus
647 2029 704 2102 vir,
743 2034 865 2102 quantus
900 2031 936 2088 ab
963 2029 1094 2088 omnibus
1122 2031 1296 2103 habebatur,
1328 2031 1364 2088 dc

151 2151 186 2192 eo
216 2135 350 2207 negotio,
379 2134 456 2207 quod
486 2134 650 2208 aequalium
678 2133 789 2192 ammos
819 2133 895 2192 sicut
922 2134 1032 2192 nullum
1060 2131 1123 2194 fere
1154 2133 1231 2192 aliud
1260 2136 1365 2192 mirum

151 2243 288 2310 quantum
324 2254 478 2312 suspensos
507 2237 644 2314 tenebat,
677 2243 764 2311 prout
795 2242 911 2311 poterat
943 2255 980 2296 ox
1012 2235 1069 2296 fide
1102 2238 1179 2296 bona
1212 2237 1364 2298 arbitrium

151 2340 306 2416 proferret.

240 2445 392 2506 Sentiebat
426 2445 458 2505 id
492 2447 555 2522 ipse
588 2447 735 2506 Erasmus.
795 2446 905 2506 Eodem
944 2449 1022 2506 enim
1059 2453 1189 2522 tempore
1227 2447 1365 2508 molieba-

152 2555 201 2608 tur
230 2551 381 2626 scriptum,
420 2569 475 2624 quo
503 2557 534 2612 et
560 2551 596 2612 de
625 2569 714 2626 opere
747 2569 766 2611 a
796 2551 923 2611 Luthero
948 2552 1065 2625 incepto
1097 2557 1128 2612 et
1156 2552 1193 2613 de
1222 2551 1364 2626 dogmatis

153 2656 215 2728 ejus
244 2653 339 2714 etde
367 2657 459 2715 exorti
487 2655 600 2716 discidii
629 2655 767 2716 remediis
796 2655 932 2730 quidquid
954 2656 1108 2716 dicendum
1137 2657 1265 2717 habebat
1290 2675 1365 2718 oom-

151 2758 348 2832 prehensurus
389 2767 463 2820 erut
519 2759 574 2818 Est
610 2760 661 2834 ,de
701 2759 829 2821 liniendo
864 2761 1031 2820 Lutherano
1068 2761 1199 2834 negotio‘
1239 2762 1364 2837 libellus,

152 2863 234 2936 eujus
263 2879 340 2922 anno
366 2871 433 2938 post
461 2865 577 2924 comitia
596 2864 822 2924 Wormatiensia
843 2866 1020 2924 mentionem
1043 2863 1113 2924 lacit
1139 2867 1169 2924 iu
1196 2867 1302 2925 litteris
1327 2865 1365 2924 ad

153 2966 326 3040 Glapiouem
347 2967 431 3028 datis.
476 2968 556 3026 Dicit
579 2985 625 3042 ,se
649 2969 780 3028 nonnihil
803 2970 864 3042 ejus
888 2985 1055 3043 aggressum
1076 2986 1154 3042 esse,
1180 2969 1232 3028 sed
1254 2971 1365 3028 valetu-

152 3071 249 3131 dinem
277 3073 468 3147 interrupisse
498 3073 594 3132 omnia
623 3072 737 3131 studia‘
783 3071 919 3130 Formam
946 3074 977 3130 iu
1004 3073 1156 3131 scribendo
1185 3073 1365 3131 adhibiturus

153 3183 217 3236 crat
245 3177 432 3252 dialogorum.
476 3178 530 3236 His
558 3181 750 3252 proposuerat
778 3176 834 3234 sibi
865 3177 1024 3250 explicare,
1054 3176 1194 3249 quomodo
1223 3177 1364 3236 ecclesiae

152 3281 269 3340 morbus
290 3283 333 3341 ita
354 3282 554 3356 personandus
578 3287 669 3356 esset,
692 3288 725 3340 ut
744 3291 844 3354 usque·
859 3297 915 3340 non
937 3281 1057 3340 rediret.
1103 3280 1185 3353 Quod
1200 3282 1263 3340 sine
1279 3281 1365 3340 dubio

152 3385 256 3445 iisdem
282 3387 372 3446 voluit
400 3387 562 3446 rationibus
590 3383 681 3461 effici,
711 3402 782 3460 quas
800 3385 912 3460 judicio
934 3385 1123 3445 Wormatiam
1147 3387 1234 3446 misso
1255 3387 1366 3448 indica·

152 3497 248 3566 verat,
267 3492 310 3552 ita
332 3492 464 3552 nimirum
485 3499 518 3551 ut
539 3491 627 3552 Curia
648 3490 685 3550 ab
707 3491 838 3550 omuibus
859 3491 994 3550 violentis
1016 3489 1236 3566 crudelibusque
1252 3495 1367 3554 auxiliis

153 3595 326 3672 desisteret,
349 3613 386 3656 ea
402 3613 486 3671 vero,
509 3613 584 3670 quae
604 3595 792 3656 reformanda
812 3596 844 3654 in
867 3596 993 3655 eeclesia
1010 3595 1156 3656 Lutherus
1178 3603 1258 3658 reete
1278 3599 1366 3672 signi·

90 3719 102 3732 ·
152 3697 280 3776 litasset,
303 3702 401 3760 statim
418 3717 504 3775 quam
526 3700 750 3775 prudentissime
771 3701 1010 3760 reformarentur.
1056 3701 1226 3775 Hujusmodi
1247 3703 1367 3761 consilia

154 3821 219 3864 eum
247 3806 366 3881 iterum,
397 3806 449 3866 sed
478 3805 583 3880 fusius,
611 3805 804 3866 exhibiturum
834 3803 924 3865 fuisse
954 3807 1091 3878 opusculo
1120 3805 1186 3878 illo,
1216 3807 1304 3863 etiam
1328 3821 1365 3862 ex

151 3911 251 3984 paucis
284 3911 321 3970 iis
358 3913 522 3984 conjectare
556 3911 640 3986 licet,
674 3926 748 3984 quae
782 3908 844 3968 sola
876 3909 912 3968 de
946 3910 1024 3968 illius
1054 3915 1224 3982 argumento
1260 3909 1366 3981 scripta

151 4015 269 4088 reliquit
300 4016 332 4074 in
366 4016 512 4090 ,catalogo
550 4012 801 4074 lucubrationum‘.
869 4013 933 4072 lllic
967 4014 1043 4072 euim
1078 4013 1187 4070 diserte
1224 4018 1366 4071 memorat

152 4125 312 4192 ,secretum
334 4121 484 4179 consilium
506 4137 589 4178 suum
603 4119 773 4178 Monarcbis
788 4116 939 4192 oblatum‘,
962 4116 1039 4176 idem
1061 4117 1125 4176 aine
1148 4116 1233 4176 dubio
1253 4114 1290 4175 de
1310 4132 1365 4190 quo

151 4303 406 4312 ———

241 4449 267 4514 1)
285 4449 317 4500 In
334 4449 428 4500 Durcri
445 4447 544 4498 diurnis
562 4446 770 4508 commentarium
789 4445 834 4511 qui
851 4445 972 4508 leguntur
992 4444 1030 4494 in:
1054 4461 1077 4497 u.
1094 4444 1176 4507 Murr,
1194 4442 1303 4493 Journal
1322 4441 1366 4492 der

149 4537 384 4604 Kuustgesehiehte
402 4537 454 4588 vn
472 4537 503 4587 es.
520 4553 545 4601 p.
560 4539 675 4586 at-ee.
