3194 5042
696 293 788 374 ‘Garun
806 295 866 349 VII.
1346 297 1397 351 195

166 498 279 557 Romae
310 502 340 556 et
367 497 399 556 in
424 497 556 557 Concilio
585 497 646 574 jam
675 498 789 574 experti
817 497 920 574 eratis;
953 498 1006 557 sed
1032 498 1130 557 adbuc
1157 517 1226 574 spes
1254 504 1316 558 erat
1347 518 1398 558 000

168 604 314 664 vincendi.
362 603 459 678 Quare
486 623 556 664 mox
578 603 755 664 addiderunt
777 605 869 665 vestri
896 605 942 663 illi
965 605 1038 664 haec
1061 607 1160 680 verba,
1189 625 1264 683 quas
1287 607 1398 666 exscri-

167 713 248 771 bam:
278 709 451 786 ,Indicanda
475 716 545 771 sunt
562 711 713 772 Ecclesiae
735 712 868 789 pericula
886 712 995 772 01111110
1018 731 1056 772 ex
1074 713 1203 788 decreto,
1226 713 1306 791 qnod
1328 733 1395 774 cum

166 820 222 879 hac
249 825 350 879 nostre
371 819 504 879 doctrina
526 837 586 879 non
612 820 798 879 musantiret.
845 819 1003 879 Neminem
1025 819 1098 879 latet
1119 820 1303 898 impossibile
1331 840 1397 882 esso

166 926 336 987 societatem
354 927 474 986 civilem
494 927 581 1004 juxta
603 927 736 1004 regulam
759 927 791 986 in
814 926 896 986 bulla
918 927 1035 1002 „Unam
1060 930 1213 987 0011011111α
1237 928 1397 988 stabilitam

165 1036 332 1094 reformare.
384 1033 595 1094 Verumtamen
623 1035 795 1111 opinionum
823 1040 854 1094 01
880 1035 1102 1094 institutionum
1129 1035 1325 1095 humentium
1353 1037 1396 1095 vi·

165 1142 392 1202 cissitudinibus
415 1160 513 1220 neque
533 1142 584 1218 jus
606 1162 624 1200 a
642 1142 704 1202 Deo
727 1142 868 1202 collatum
891 1160 988 1220 neque
1006 1142 1144 1218 obligatio
1167 1143 1195 1202 ei
1213 1144 1395 1220 respondens

165 1249 276 1309 auferri
299 1253 403 1326 potest.
451 1248 483 1309 Si
502 1249 643 1308 Pontifex
660 1249 811 1308 Romanus
834 1249 867 1308 in
885 1249 992 1309 Sancto
1011 1249 1097 1309 Petro
1121 1254 1296 1326 potestatem
1315 1269 1395 1311 acce

165 1358 261 1433 pisset
286 1357 402 1416 duobus
429 1355 536 1432 gladiis
564 1356 676 1433 tropice
703 1355 887 1432 designatam
910 1361 940 1415 et
962 1363 1050 1434 prout
1072 1356 1103 1416 in
1127 1357 1208 1416 bulla
1235 1357 1333 1432 „Cum
1357 1377 1395 1418 ex

165 1463 357 1540 Apostolatus
376 1463 495 1523 0111010ιι
519 1464 674 1539 asseritur,
695 1464 763 1540 jure
780 1463 880 1524 divino
900 1481 990 1541 super
1007 1468 1126 1540 gentem
1144 1469 1175 1524 01
1191 1481 1282 1540 regna
1300 1465 1395 1541 pleni-

166 1571 298 1630 tudinem
322 1571 466 1630 obtineret
487 1571 656 1647 potestatis,
679 1571 830 1631 Ecclesiae
853 1589 913 1631 non
935 1570 1038 1631 liceret
1059 1571 1115 1630 hoc
1137 1571 1297 1632 occultare:
1325 1591 1393 1631 nam

165 1677 291 1752 vestigia
314 1683 455 1756 sequatur
477 1683 592 1755 oportet
610 1678 710 1739 Sancti
728 1678 815 1738 Pauli
838 1697 901 1755 eos,
925 1697 999 1756 quos
1021 1679 1197 1738 erudiendos
1216 1685 1394 1756 susceperat,

164 1786 346 1846 attestantis:
375 1785 442 1845 Non
461 1786 628 1862 subterfugi
651 1786 809 1864 quominus
828 1787 1034 1846 annuntiarem
1053 1805 1139 1847 omne
1162 1786 1319 1846 consilium
1338 1787 1393 1846 Dei

164 1893 256 1952 vobis.
302 1892 494 1952 Institutione
516 1899 615 1953 autem
638 1893 798 1954 christiana
820 1894 877 1954 bac
898 1894 1011 1954 ratione
1033 1895 1213 1955 conformata
1235 1893 1394 1954 catholicos

164 2019 269 2077 panim
294 2001 423 2076 juvaret,
451 2000 555 2061 multis
583 2019 765 2062 asseverare:
799 2019 875 2079 quae
897 2001 934 2060 ad
958 2001 1083 2061 Sanctae
1106 2001 1190 2060 Sedis
1218 2005 1392 2078 potestatem

164 2108 196 2166 in
218 2108 391 2184 temporalia
414 2108 593 2185 pertineant,
617 2109 695 2168 intra
717 2109 847 2168 theoriae
868 2108 979 2168 limites
1002 2107 1159 2181 contineri,
1182 2125 1279 2186 neque
1301 2108 1393 2168 relato

163 2215 201 2274 ad
223 2232 272 2274 res
295 2220 324 2274 et
342 2218 466 2275 01001110
489 2215 582 2274 ullius
601 2233 681 2276 nunc
704 2215 843 2292 ponderis
861 2233 939 2292 esse;
964 2215 1051 2274 Pium
1068 2213 1121 2274 IX.
1145 2215 1182 2273 de
1200 2232 1299 2274 rerum
1321 2214 1392 2274 civi-

163 2322 243 2381 libus
266 2321 449 2399 deponendis
476 2341 514 2382 ne
537 2341 554 2382 a
581 2323 669 2399 longe
692 2323 813 2400 quidem
839 2321 995 2398 cogitare.1
1041 2321 1215 2382 Deridentes
1239 2322 1319 2381 enim
1341 2323 1391 2382 ad-

163 2428 286 2489 versarii
317 2430 541 2506 responderent:
581 2430 749 2490 Sententiae
781 2429 951 2489 Pontificias
982 2447 1042 2489 non
1073 2429 1226 2504 timemus,
1263 2435 1392 2489 attamen

162 2543 232 2614 post
262 2537 372 2597 multas
399 2537 555 2615 variasque
586 2537 837 2597 dissimulationes
868 2537 991 2597 evidens
1021 2537 1142 2597 demum
1169 2539 1307 2597 effectum
1338 2543 1391 2612 est,

163 2662 281 2704 omnem
304 2645 495 2720 catholicum,
519 2645 606 2722 cujus
629 2663 718 2722 opera
739 2644 798 2705 fide
821 2663 911 2723 quam
933 2645 1087 2722 profitetur
1109 2651 1261 2722 regantur,
1289 2651 1391 2704 natum

164 2769 230 2811 esse
248 2752 291 2811 rei
309 2752 446 2830 publicae
463 2753 587 2828 hostem,
606 2771 699 2831 quum
718 2753 750 2812 in
768 2752 948 2813 conscientia
966 2771 998 2813 sc
1016 2753 1110 2813 teneri
1128 2758 1214 2830 putet
1232 2771 1307 2831 quae
1325 2771 1391 2830 pos-

164 2859 204 2918 sit
222 2860 418 2936 contn'buere,
441 2867 475 2920 ut
492 2860 631 2920 universa
648 2879 740 2936 regna
758 2866 788 2922 01
806 2866 910 2936 gentes
928 2861 1065 2921 Pontifici
1083 2860 1215 2920 Roman'o
1234 2861 1392 2936 subjician-

163 2969 233 3027 tur.t
278 2966 360 3027 Haec
386 2968 485 3028 omnia
512 2968 576 3045 (vos
598 2967 732 3045 alloquor
759 2969 811 3045 qui
839 2986 873 3027 ee
899 2969 1018 3046 propria
1044 2986 1134 3026 manu
1162 2967 1390 3044 subscripsistis)

164 3079 265 3134 sancte
287 3075 529 3154 sollemniterque
551 3095 649 3136 coram
671 3075 734 3134 Deo
761 3079 791 3134 et
813 3075 983 3134 hominibus
1009 3075 1109 3134 testati
1131 3074 1211 3134 estis.
1257 3073 1390 3133 Novistis

163 3182 340 3257 ,decretum‘
367 3183 456 3258 illud,
489 3184 567 3262 quod
595 3201 683 3261 quam
715 3181 915 3260 periculosum
946 3186 1038 3258 esset,
1069 3187 1155 3242 111100
1181 3187 1242 3240 tam
1273 3181 1391 3257 egregie

163 3290 357 3367 exposuistis,
385 3296 542 3369 postquam
564 3291 675 3351 Romae
701 3295 797 3349 ratum
825 3289 936 3348 factum
963 3293 1022 3363 est,
1049 3288 1082 3348 in
1108 3306 1197 3348 causa
1223 3289 1330 3363 luisse,
1357 3292 1392 3346 ut

163 3397 284 3456 Austris
310 3399 467 3458 confestim
493 3403 614 3476 propter
640 3399 774 3458 effectam
802 3397 952 3473 ingentem
979 3397 1070 3457 totius
1094 3396 1172 3472 juris
1199 3393 1390 3455 ecclesiastici

163 3504 356 3564 mutationem
376 3505 602 3581 concordatum,
626 3523 715 3584 quem
734 3505 850 3579 dicunt,
874 3503 990 3563 irritum
1013 3503 1181 3564 declararet
1228 3502 1289 3562 Vos
1312 3503 1390 3562 idem

163 3613 314 3672 decretum
336 3613 426 3688 illud,
450 3614 528 3691 quod
551 3632 640 3691 quam
662 3612 863 3690 periculosum
886 3617 965 3672 esset
987 3611 1097 3671 Romae
1119 3610 1304 3688 gravissimis
1326 3627 1391 3670 ver·

163 3720 209 3780 bis
241 3719 437 3797 exposuistis,
470 3725 573 3798 postea
599 3721 632 3780 in
660 3719 817 3781 Germania
848 3718 1074 3797 spectatissimis
1100 3717 1174 3777 viris
1205 3735 1240 3777 ac
1271 3693 1391 3776 feminis

163 3827 322 3904 disciplina
353 3829 554 3889 ecclesiastica
579 3829 732 3888 intrudere
759 3827 854 3888 moliti
881 3826 961 3888 estis.
1011 3826 1051 3886 Et
1078 3831 1177 3886 tamen
1204 3824 1292 3902 paulo
1324 3829 1392 3900 post

162 3935 274 3995 Fuldae
301 3936 471 4013 congregati
503 3954 556 3996 vos
583 3937 666 4014 ipsos
688 3935 845 3995 admodum
873 3934 971 3994 mirari
1000 3933 1161 4008 simulatis,
1194 3931 1273 4009 quod
1299 3931 1391 4007 magi·

164 4047 274 4102 stratus
292 4049 391 4103 vestm
414 4043 619 4122 sodaliumque
637 4049 802 4104 vestrorum
825 4041 978 4101 molimina
995 4059 1055 4100 non
1077 4040 1225 4117 patienter
1242 4039 1318 4098 ferat
1340 4039 1393 4098 sed

124 4165 129 4176 ’
163 4169 223 4227 pax
240 4150 319 4210 inter
341 4151 497 4212 ecclesiam
519 4159 550 4211 et
572 4151 722 4212 civitatem
742 4151 857 4210 turbata
880 4150 927 4210 sit
974 4147 1105 4226 Tamque
1128 4145 1289 4225 sophistico
1307 4146 1392 4206 initio

164 4257 236 4318 satis
255 4257 362 4335 longae
384 4265 415 4320 et
437 4259 535 4320 variae
557 4277 633 4337 quae
653 4263 819 4336 sequuntur
841 4257 1054 4335 explicationes
1077 4260 1107 4316 et
1124 4254 1392 4332 argumentationes

163 4365 272 4442 partim
304 4365 497 4443 dignissimae
528 4371 606 4427 sunt.
662 4365 782 4426 Scilicet
815 4365 852 4424 ad
887 4363 1125 4443 persuadendum
1155 4361 1237 4439 plebi
1267 4365 1391 4437 vestrae,

271 4595 298 4665 1)
317 4594 419 4650 Similia
437 4593 573 4651 Antonelli
592 4593 743 4662 scripserat.
