3188 5086
715 231 807 282 Garun
823 231 853 282 V.
1337 227 1386 281 121

169 463 275 505 noram
297 445 441 520 quandam
464 447 607 505 ecclesiae
637 451 764 506 aetatem
788 447 825 504 ab
848 446 884 504 iis
910 443 1106 519 profecturam
1125 443 1299 518 crediderit,
1326 450 1388 503 tom

170 568 261 624 qnam
281 555 363 610 recte
390 566 505 624 pugnae
523 551 602 609 inter
622 551 813 610 Reuchliunm
842 556 872 609 et
895 549 1049 607 monachos
1074 554 1194 608 exortae
1217 549 1389 624 gravitatem

171 671 208 714 ac
231 653 342 728 pondus
361 654 542 726 judicaverit.
586 654 702 714 Revera
723 655 770 712 vix
793 653 944 727 quidquam
960 655 1138 712 monasticae
1158 654 1234 727 parti
1250 655 1389 726 majorem

173 758 252 832 apud
282 758 418 831 aequales
448 759 632 832 ignominiam
660 759 772 832 attulit,
798 775 884 831 qnam
912 757 1040 832 ejusdem
1069 758 1207 816 adversus
1229 757 1390 816 Hebraicos

172 861 264 921 libros
291 867 324 920 et
349 861 531 936 praeclarum
553 879 653 921 eorum
674 869 827 936 patronum
849 863 1015 935 coniuratio.
1071 861 1162 920 Simul
1184 861 1291 936 patuit,
1321 860 1390 934 quid

170 967 224 1024 illa
250 983 318 1039 pars
347 967 436 1024 etiam
461 966 515 1024 snb
541 967 593 1025 tali
618 967 712 1040 Papa,
741 967 790 1038 qui
819 965 958 1024 bonarum
983 967 1148 1025 litterarum
1178 965 1275 1024 fautor
1302 971 1389 1038 esset,

171 1075 275 1128 contra
291 1071 447 1128 verimtem
470 1075 500 1128 et
519 1071 661 1142 justitiam
683 1070 792 1128 Romae
813 1071 932 1128 ualeret.
978 1069 1022 1128 Eo
1044 1070 1147 1128 fortius
1161 1069 1298 1144 periculis
1319 1069 1388 1127 inde

170 1173 389 1232 imminentibus
425 1172 539 1232 obviam
567 1173 693 1232 eundum
722 1189 786 1233 esse
822 1175 1063 1247 praestantissimi
1091 1174 1170 1232 illins
1197 1173 1303 1232 aetatis
1333 1172 1388 1230 viri

172 1276 401 1336 arbitrabantur.
446 1277 491 1336 De
513 1293 618 1352 magna
638 1283 668 1335 et
686 1279 813 1352 ipsorum
836 1279 962 1336 omnium
985 1279 1178 1337 communire
1201 1277 1249 1351 agi
1270 1292 1390 1351 persna-

171 1397 236 1438 sum
254 1381 409 1439 habebant
448 1380 625 1440 Roucblinus
640 1382 756 1454 quidem
772 1381 808 1440 de
821 1383 1016 1455 praeposteris
1032 1383 1153 1454 singulis
1169 1387 1281 1441 tantum
1295 1381 1387 1438 bomi-

172 1483 274 1558 nibus,
296 1501 353 1542 non
377 1484 415 1543 de
439 1485 591 1544 universae
616 1487 758 1545 ccclesiae
782 1485 949 1545 condicione
971 1492 1090 1559 questus
1113 1491 1185 1545 erat.
1230 1485 1288 1545 Sed
1303 1501 1388 1557 qnam

170 1605 264 1662 prora
290 1589 364 1647 baec
397 1595 475 1648 esset
502 1587 667 1663 quantaque
703 1589 909 1650 reformatione
943 1597 1059 1666 egeret,
1092 1591 1272 1650 venerandus
1299 1606 1388 1648 senex

171 1691 320 1765 omnibus,
354 1708 427 1765 quae
459 1693 571 1751 fecerat
597 1699 627 1751 et
653 1710 753 1766 passus
780 1700 860 1768 erat,
891 1695 971 1767 quasi
1005 1695 1111 1753 invitus
1138 1710 1236 1753 coram
1267 1693 1388 1750 eruditis

170 1795 242 1854 viris
274 1795 518 1855 manifestaverat.
567 1797 675 1856 Eorum
701 1799 806 1872 igitur,
838 1799 886 1870 qui
923 1799 1062 1870 ejusmodi
1090 1797 1326 1857 reformationem
1353 1796 1388 1853 iis

170 1915 248 1972 quae
269 1899 391 1958 diximus
414 1901 582 1960 eruditionis
604 1901 718 1960 auxiliis
741 1902 821 1961 salva
842 1902 983 1961 ecclesiae
1005 1903 1116 1961 unitate
1137 1919 1172 1960 ac
1193 1918 1266 1975 pace
1289 1900 1388 1974 paula·

169 2003 224 2062 tim
254 2000 371 2062 efficere
399 2004 570 2079 studebant,
593 2004 649 2063 dux
672 2011 702 2064 et
719 2007 853 2079 princeps
876 2005 1013 2064 Erasmus
1037 2006 1153 2065 exstitit.
1199 2005 1253 2078 Qui
1273 2005 1387 2076 qualem

169 2111 367 2180 quantamque
397 2109 454 2166 rim
488 2113 555 2166 ante
590 2115 737 2167 certamen
771 2125 834 2166 cum
859 2109 988 2167 Lutbero
1022 2115 1151 2168 exortum
1185 2110 1215 2166 in
1250 2107 1388 2180 aequales

167 2212 351 2285 exercuerit,
388 2228 464 2270 nnnc
504 2212 572 2270 mibi
613 2213 812 2284 exponendum
852 2214 916 2272 erit.
983 2213 1046 2284 Qua
1078 2214 1108 2270 in
1146 2229 1179 2270 ro
1224 2212 1311 2271 etiam
1350 2227 1386 2269 ex

167 2315 379 2388 posterioribus
417 2319 479 2389 ejus
516 2317 597 2374 libris
630 2315 735 2375 afferre
764 2318 902 2376 nonnulla
940 2334 997 2376 non
1034 2317 1185 2389 dubitabo,
1225 2317 1250 2374 si
1285 2314 1387 2373 eadem

169 2418 248 2491 illic,
278 2433 353 2492 qnae
380 2421 440 2492 jam
462 2425 551 2478 antea
578 2419 731 2494 docuerat,
760 2422 907 2493 aptissime
930 2437 1066 2495 expressa
1089 2422 1257 2480 invenerim.
1303 2417 1387 2478 Unde

167 2518 256 2580 simul
278 2523 440 2598 apparebit,
462 2529 641 2598 quantopere
664 2526 695 2583 in
715 2541 827 2584 summa
846 2543 942 2584 reram
961 2543 1076 2599 semper
1094 2525 1150 2584 sibi
1171 2524 1343 2583 constiterit.

257 2626 302 2685 Eo
324 2632 469 2701 tempore,
493 2644 550 2701 qno
572 2628 731 2704 Lutberus,
760 2628 907 2689 Romanae
936 2630 1080 2689 ecelesiae
1111 2629 1205 2688 adbuc
1227 2627 1388 2686 addictissi-

168 2747 246 2802 mus,
270 2736 372 2789 contra
394 2730 587 2791 foedissimam
609 2732 850 2806 indulgentiarum
867 2735 1102 2794 nundinationem
1119 2733 1293 2805 exsurrexit,
1316 2731 1389 2789 Era-

169 2851 248 2894 smus
269 2840 382 2894 mature
406 2851 575 2910 senescens,
598 2837 650 2895 sed
673 2838 788 2912 ingenio
810 2854 924 2910 semper
936 2839 1065 2912 juveniS,
1084 2837 1120 2896 ad
1144 2837 1253 2912 gloriae
1274 2835 1387 2893 culmen

169 2945 354 3012 pervenerat.
410 2939 444 2996 In
474 2957 579 3013 magna
607 2941 670 3015 illa,
698 2959 782 3014 quam
803 2943 941 3016 diximus,
971 2943 1120 3014 republica
1147 2939 1305 3011 litteraria,
1334 2954 1387 3010 pcr

168 3042 316 3116 Europam
342 3049 514 3118 propagata,
545 3051 575 3103 et
596 3045 672 3118 qnod
700 3046 737 3103 ad
759 3045 855 3104 studia
877 3045 1063 3102 humanitatis
1091 3049 1121 3102 et
1145 3043 1221 3115 quod
1244 3041 1281 3100 ad
1305 3041 1386 3098 theo·

169 3147 277 3219 logiam
299 3148 440 3222 pertinet,
462 3149 571 3221 primns
593 3149 673 3207 locus
696 3148 943 3207 consentientibus
958 3147 1089 3206 omnibus
1105 3147 1132 3204 ei
1147 3145 1279 3205 dabatur.
1324 3143 1386 3202 Nec

168 3247 278 3310 frustra
308 3249 481 3310 Germaniae
508 3251 597 3310 decus
629 3255 675 3310 vel
698 3259 821 3326 astrum,
856 3253 946 3310 seculi
980 3251 1150 3309 miraculum
1182 3255 1299 3308 vocatos
1333 3253 1385 3307 est.

170 3354 283 3427 Quippe
307 3355 471 3413 incredibili
493 3357 603 3429 ingenii
622 3354 772 3430 fecundia,
796 3357 963 3427 celeritate,
985 3355 1116 3413 sollertia
1134 3353 1170 3412 de
1186 3353 1387 3412 diversissimis

169 3457 272 3533 rebus,
295 3463 355 3516 tum
379 3459 417 3516 ad
437 3459 584 3518 doctrinas
599 3459 784 3533 philologicos
805 3467 835 3518 et
853 3461 1043 3532 theologicas,
1066 3464 1126 3516 tum
1149 3458 1186 3516 ad
1208 3473 1388 3516 communem

170 3561 261 3619 vitani
284 3562 398 3620 civilem
421 3569 452 3620 et
474 3565 700 3622 ecclesiasticam
723 3565 933 3638 spectantibus,
959 3563 1109 3637 praeclare
1134 3564 1209 3636 egit,
1240 3563 1387 3634 epistolas,

172 3665 317 3739 dialogos,
344 3668 599 3726 commentationes
622 3665 747 3726 feliciter
771 3669 941 3742 composuit,
969 3668 1188 3740 compositorum
1216 3669 1387 3737 argumenta

170 3774 272 3828 conus
303 3767 483 3829 adversarios
513 3777 630 3830 strenue
654 3769 792 3830 defendit.
837 3772 998 3831 Immensae
1022 3771 1105 3828 molis
1127 3773 1328 3842 monumento,
1357 3772 1389 3824 et

169 3873 357 3932 classicorum
382 3877 431 3948 qui
460 3875 595 3933 dicuntur
616 3877 790 3949 scriptorum
815 3881 847 3934 et
865 3875 985 3934 Petrum
1009 3875 1152 3934 ecelesiae
1175 3887 1264 3944 opera
1287 3871 1387 3944 edidit,

168 3977 270 4035 critice
292 3977 472 4053 emendavit,
503 3997 538 4038 ex
562 3979 675 4037 Graeco
697 3979 788 4037 latine
814 3981 917 4054 vertit,
949 3977 1116 4051 aequalibus
1139 3975 1284 4048 explicata
1300 3980 1387 4046 atquo

168 4080 372 4138 commendata
396 4083 553 4155 proposuit.
598 4082 668 4140 Tam
697 4083 792 4141 varias
822 4099 869 4140 res
891 4083 995 4156 partim
1018 4083 1080 4154 ipse
1103 4079 1211 4152 primus
1234 4093 1387 4151 aggressus

167 4189 227 4256 cst,
252 4183 372 4257 partim,
403 4186 427 4242 si
457 4186 505 4258 qni
533 4185 639 4244 similia
668 4191 756 4244 antea
784 4191 984 4259 tentaverant,
1012 4199 1110 4242 omnes
1140 4182 1203 4240 fere
1234 4187 1388 4254 tantopere

167 4288 329 4360 superavit,
353 4292 385 4346 ut
407 4295 436 4348 et
458 4291 560 4349 talium
582 4289 741 4348 studiorum
764 4307 849 4348 verns
873 4295 975 4348 auctor
994 4305 1058 4347 esse
1077 4285 1208 4346 omnibus
1231 4285 1387 4344 videretur.

167 4389 322 4448 Neminem
345 4389 382 4448 de
405 4397 450 4451 tot
470 4399 586 4466 tamque
609 4393 730 4452 diversis
746 4393 917 4452 eruditionis
932 4391 1064 4465 partibus
1087 4390 1188 4448 eodem
1202 4391 1279 4462 jure,
1301 4391 1389 4460 atque

167 4491 335 4567 Erasmnm,
357 4493 507 4558 ferebatur
527 4496 625 4558 dicere
647 4512 744 4570 posse:
