3188 5086
653 289 748 344 Oscor
765 289 796 346 V.
895 259 896 262 Ἴ
1281 291 1333 351 129

122 501 158 562 Et
183 502 214 560 in
244 502 436 564 Ciceroniana
466 503 580 579 dialogo
610 505 730 578 egregie
760 504 899 579 explicat,
928 511 1066 578 quantum
1095 505 1144 564 isti
1170 507 1333 568 imitatores

121 607 228 666 distent
254 624 274 667 a
301 615 406 683 vegeta
436 607 585 669 Ciceronis
612 615 709 668 mente
740 615 770 668 et
801 609 876 684 vita,
903 609 993 684 unde,
1020 610 1159 684 quidquid
1183 611 1214 670 in
1237 628 1273 671 eo
1295 613 1333 672 sit

121 727 186 770 rere
209 729 359 788 magnum,
389 714 576 773 emanaverit
625 712 767 787 Depingit
797 729 863 788 cos,
893 715 979 773 venia
1001 715 1038 773 sit
1061 716 1164 790 verbo,
1196 723 1334 790 tanquam

120 815 314 891 Romanticos,
340 819 389 890 qui
412 819 578 892 nuperrime
602 818 678 892 apud
700 833 753 875 nos
774 819 869 876 vocati
892 823 971 892 suut,
996 823 1098 893 utpote
1121 820 1170 893 qui
1192 820 1236 893 id,
1258 820 1334 894 quod

120 919 148 976 in
166 925 299 980 veterum
318 927 479 994 temporum
501 920 599 980 indole
620 921 701 994 quasi
717 926 815 980 aetate
830 921 1010 995 decrepitum
1025 924 1153 996 transiit,
1177 921 1332 982 artificiose

22 1063 23 1104 3
119 1031 254 1098 repetere
268 1041 304 1084 ac
317 1023 440 1085 reficere
454 1029 579 1100 tentent,
595 1025 731 1084 arisidis
745 1041 814 1084 vero
827 1026 989 1098 praesentis
1007 1027 1071 1086 sevi
1086 1027 1203 1102 viribus,
1218 1043 1334 1101 semper
1417 1085 1421 1094 ,

119 1128 211 1188 adhuc
225 1130 257 1188 iu
271 1129 430 1188 christiana
442 1130 584 1204 religione
601 1130 711 1203 positis,
732 1128 863 1188 morbida
877 1130 1040 1202 pertinacia
1054 1131 1235 1191 abhorreant.
1265 1132 1332 1204 Ipse

22 1235 23 1260 ¹
118 1232 247 1292 eruditos
277 1249 348 1292 ruse
376 1235 481 1292 aetatis
504 1234 581 1292 viros
603 1249 688 1307 quom
707 1233 945 1292 familiarissimos
966 1234 1028 1292 vult
1048 1234 1173 1292 reddere
1193 1235 1333 1294 classicae

22 1359 23 1370 ¹
118 1337 297 1411 antiquitati,
326 1336 379 1396 sed
407 1338 463 1411 ita,
493 1342 525 1396 ut
554 1337 622 1396 inde
654 1353 689 1396 eo
719 1338 829 1410 majore
858 1337 987 1396 sollertia
1017 1341 1047 1396 et
1072 1337 1195 1396 scientia
1221 1337 1258 1397 sd
1284 1354 1333 1397 res

118 1439 291 1499 christianas
321 1457 436 1514 semper
464 1445 658 1500 revertantur.
702 1440 765 1500 Hoc
795 1441 890 1499 animo
921 1441 1010 1499 etism
1033 1439 1181 1501 Ciceronis
1201 1443 1333 1516 exemplo

118 1543 257 1602 utendum
290 1559 356 1604 esse
389 1545 484 1604 docet.
529 1543 597 1618 ,Qui
626 1545 691 1618 pari
719 1543 844 1619 studio‘,
875 1545 983 1620 inquit,
1015 1561 1094 1619 ,sese
1124 1545 1274 1606 exercebit
1301 1547 1333 1604 in

119 1648 286 1722 cognitione
315 1648 516 1722 philosophiae
544 1649 733 1723 christianae,
762 1664 818 1720 quo
842 1648 892 1706 ille
919 1664 951 1708 se
974 1649 1105 1708 exercuit
1126 1649 1156 1708 irr
1178 1648 1331 1724 profanae:

118 1751 165 1823 qui
188 1768 226 1810 eo
248 1750 354 1811 affectu
374 1752 497 1823 imbibat
518 1753 641 1826 psalmos
664 1757 695 1812 et
716 1751 884 1826 prophetas,
907 1769 962 1826 quo
984 1753 1034 1811 ille
1055 1756 1204 1826 poetarum
1227 1753 1332 1812 libros:

118 1854 166 1926 qui
188 1859 273 1914 tanta
291 1856 443 1930 vigilantia
464 1855 593 1915 studebit
614 1871 790 1930 cognoscere
813 1856 1007 1929 apostolomm
1029 1856 1164 1931 decreta,
1188 1858 1332 1916 ecclesiae

117 1958 204 2033 ritus,
228 1959 386 2032 primordia
407 1975 578 2033 progressus
595 1976 630 2019 ac
645 1959 801 2032 deliquium
816 1959 995 2032 reipublicae
1013 1960 1201 2035 christianae,
1224 1965 1333 2032 quanta

118 2061 166 2119 ille
188 2061 333 2121 laboravit
353 2063 440 2122 Urbis
460 2063 622 2138 Romanae,
644 2063 871 2138 provinciarum,
894 2064 1114 2136 municipiorum
1138 2068 1168 2122 et
1190 2063 1332 2122 sociorum

115 2165 180 2236 jura
202 2167 341 2240 legesque
363 2167 544 2242 perdiscere,
564 2173 626 2226 tum
644 2167 693 2240 qui
712 2166 789 2240 quod
810 2167 856 2225 his
871 2166 1004 2226 omnibns
1018 2167 1120 2226 studiis
1135 2172 1332 2241 comparatum

119 2275 176 2344 est,
200 2270 240 2329 ad
260 2285 308 2330 res
329 2277 499 2344 praesentes
521 2271 763 2344 accommodabit,
785 2271 811 2328 is
828 2271 936 2344 poterit
956 2271 1052 2344 aliquo
1066 2273 1133 2344 jure
1148 2269 1332 2330 ciceroniani

119 2388 280 2446 cognomen
301 2373 429 2435 ambire!
455 2451 457 2454 Ι

207 2478 319 2538 Eodem
341 2479 449 2554 sindo,
478 2496 534 2553 quo
557 2479 659 2552 impios
687 2479 753 2537 illos
783 2479 922 2539 classicae
951 2479 1104 2538 vetustatis
1132 2478 1332 2552 admiratores,

121 2584 336 2658 superstitiosos
366 2589 397 2643 et
426 2583 564 2642 barbaros
595 2583 724 2655 ejusdem
755 2588 966 2657 contemptores
996 2583 1183 2657 impugnavit.
1241 2582 1331 2656 qune

121 2686 193 2746 iecit
221 2689 299 2746 seria
329 2687 521 2747 sollieitudine
551 2686 588 2744 de
623 2688 773 2760 praesenti
805 2692 835 2744 et
865 2685 961 2745 lutura
993 2687 1134 2745 ecclcsiae
1165 2685 1333 2746 condicione

122 2797 288 2852 commotus.
343 2791 455 2864 Quippe
488 2791 564 2849 hunc
597 2791 730 2849 laborare
764 2791 836 2848 vidit
866 2790 1013 2848 ludaismo
1046 2791 1107 2848 sive
1139 2789 1333 2849 Pharisaismc

122 2895 186 2970 illc,
218 2911 274 2967 quo
301 2893 408 2953 factum
438 2900 515 2969 erat,
543 2899 576 2952 ut
604 2895 635 2951 in
665 2893 777 2966 legibus
808 2910 843 2952 sc
865 2893 1061 2968 caerimoniis,
1091 2909 1150 2951 non
1177 2893 1208 2950 in
1236 2893 1333 2952 dimna

122 2997 313 3071 promissione
343 3003 374 3058 et
401 2999 553 3073 evaugelio
583 2999 660 3056 salus
687 3002 851 3070 poneretur.
904 2995 985 3068 Quod
1010 2997 1116 3054 malum
1142 2996 1211 3054 inde
1237 2997 1275 3054 ah
1298 3012 1334 3054 eo

122 3104 247 3162 maxime
270 3107 399 3176 tempore
419 3103 544 3175 viguisse
568 3107 681 3175 censet,
711 3117 766 3173 quo
795 3100 890 3158 honae
911 3101 1027 3158 litterae
1049 3104 1080 3157 et
1101 3097 1208 3157 biblica
1229 3099 1334 3172 studia,

122 3212 275 3279 postquam
297 3207 350 3265 sub
373 3205 476 3266 Carolo
497 3206 606 3278 Magno
627 3204 799 3276 floruerunt,
831 3204 1022 3276 languescere
1045 3207 1210 3274 coeperant.
1262 3200 1334 3259 ideo

122 3312 153 3368 iu
187 3311 324 3386 epistola,
359 3328 417 3384 qus
444 3302 635 3384 paraphrasin
664 3308 806 3382 evangelii
834 3307 958 3366 Joaunei
987 3305 1172 3366 Fordiuando
1201 3305 1334 3364 Caesarie

124 3413 209 3472 tratri
231 3414 361 3490 dedicat,
384 3431 561 3490 magnopere
584 3416 729 3488 queritur,
752 3411 827 3486 quod
851 3428 886 3470 ex
908 3412 1093 3485 evangelicae
1116 3411 1264 3470 doctrinae
1283 3427 1335 3470 ne-

124 3517 224 3590 glectu
254 3519 300 3578 his
329 3517 393 3580 fere
426 3519 645 3592 quadringentis
677 3517 760 3576 annis
794 3516 1015 3576 christianorum
1044 3533 1139 3575 mores
1167 3516 1274 3590 partim
1305 3517 1336 3573 in

124 3621 214 3680 vitam
239 3623 305 3696 plus
332 3640 419 3697 quam
444 3623 590 3682 ethnicam
611 3621 785 3695 reciderint,
811 3622 916 3693 purtim
938 3623 970 3680 in
991 3619 1171 3680 ludaismum
1192 3619 1336 3693 quendam

125 3725 348 3801 degenerarint3
378 3743 410 3786 se
432 3728 559 3801 ingenuo
582 3726 697 3798 quidem
720 3723 822 3799 lateri,
852 3725 939 3784 nullis
960 3726 1066 3784 seculis
1088 3723 1229 3796 defuisse,
1259 3720 1336 3795 apud

125 3847 196 3903 quos
223 3833 375 3906 euangelio
406 3847 474 3890 suus
503 3830 667 3889 constiterit
691 3829 795 3904 honor,
827 3829 879 3889 sed
901 3834 999 3887 tamen
1022 3829 1085 3900 ejus
1109 3827 1238 3897 vigorem
1260 3823 1336 3896 apud

126 3935 276 4010 plerosque
297 3935 464 4007 refrixisse3
485 3951 543 4009 quo
565 3934 656 4009 magis
678 3932 810 3992 omnibus
825 3931 925 3990 studiis
939 3929 1102 4003 nitendum,
1125 3935 1157 3986 ut
1179 3926 1336 4000 igniculum

125 4039 196 4098 illud
223 4055 277 4114 pro
306 4055 360 4098 sua
391 4039 511 4113 quisque
539 4043 624 4111 parte
652 4034 777 4110 reficiat,
811 4034 887 4108 qnod
916 4039 1039 4092 aeterna
1067 4031 1176 4089 veritas
1205 4029 1336 4088 dominus

126 4148 225 4202 noster
252 4144 339 4204 Jesus
368 4145 481 4203 miserit
507 4143 538 4201 in
568 4148 694 4214 terram;
722 4138 944 4213 confugiendum
972 4137 1062 4208 igitur
1088 4149 1169 4208 esse,
1199 4134 1230 4192 id
1260 4133 1337 4208 quod

127 4254 206 4306 recto
228 4254 345 4308 moneat
363 4249 509 4323 Hilarius,
532 4245 570 4306 ad
589 4245 757 4320 purissimos
774 4243 889 4302 divinae
906 4242 1068 4314 scripturae
1082 4237 1192 4314 fontes,
1215 4254 1337 4311 qnorum

127 4352 279 4424 purissima
300 4357 332 4412 et
353 4353 545 4412 illibatissima
569 4365 638 4426 pars
660 4350 718 4408 sint
740 4347 900 4420 evangelia.

212 4458 297 4516 lllum
326 4474 396 4517 vero
418 4456 561 4517 Judaismi
590 4453 721 4514 morbum
751 4454 791 4512 ali
817 4451 934 4512 dicebat
956 4465 974 4509 a
996 4446 1200 4508 monachorum
1221 4443 1338 4519 potissi-

129 4577 204 4620 mum
237 4563 323 4637 longe
356 4562 501 4636 plurimis,
534 4559 684 4620 acerrimis
716 4558 843 4616 omnium
873 4557 1012 4616 ahusunm
1043 4553 1075 4613 et
1104 4549 1338 4624 superstitionum

171 4675 379 4720 Schlottrnanni
392 4675 495 4720 hamus
508 4673 629 4718 redivivus.
1101 4659 1119 4714 9
