3144 5092
665 325 754 382 06066
771 327 805 380 V.
1297 327 1349 382 105

104 529 197 589 latos
225 531 255 588 et
282 528 314 588 in
337 528 523 588 monasteriis
546 528 656 589 multos
679 529 804 590 habehat
827 529 993 589 studiorum
1016 547 1136 590 suorum
1158 517 1349 591 admiratores

106 641 149 697 et
172 637 302 696 fautores
325 636 472 713 insignes,
496 654 593 714 neque
615 637 747 713 fugiebat
769 655 839 698 eum
862 642 972 716 quauta
994 637 1146 698 commoda
1168 638 1257 697 etiam
1276 641 1349 698 tunc

107 744 246 805 ecclesia
268 744 450 804 emditorum
472 743 602 804 viromm
625 745 799 805 commercio
821 747 926 806 afferre
943 749 1052 822 posset.
1094 745 1139 805 De
1156 745 1348 806 Protestanti-

106 853 176 912 bus
200 851 293 911 simili
315 851 462 929 aequitate
484 855 573 930 atque
595 851 708 912 Paulus
730 851 828 929 Sarpi,
852 871 941 931 quem
964 853 1073 912 summi
1096 853 1179 928 tecit,
1199 853 1349 930 judicasse

106 959 251 1034 videtur,
274 977 342 1019 cum
365 958 492 1036 egregiis
515 977 616 1019 eorum
639 960 711 1019 viris
735 960 829 1020 doctis
851 978 905 1038 per
926 959 1041 1021 litteras
1058 961 1185 1020 libenter
1202 960 1349 1038 colloque-

107 1068 214 1127 batur.
257 1065 315 1127 Sed
339 1084 406 1126 eum
429 1065 548 1126 illorum
572 1067 733 1127 sententias
751 1067 904 1144 religiosas
924 1069 1000 1128 serio
1018 1068 1215 1142 examinasse,
1238 1069 1348 1127 nedum

108 1173 157 1233 ad
180 1192 231 1234 660
254 1173 414 1234 inclinasse
435 1174 528 1234 nullis
552 1175 757 1252 comprobatur
779 1176 922 1252 vestigiis.
963 1175 1008 1235 De
1030 1175 1176 1252 dogmatis
1198 1175 1348 1251 Romanis,

109 1299 198 1359 quae
229 1281 291 1342 illis
322 1281 457 1359 opposita
488 1286 570 1357 sunt,
603 1282 641 1342 ad
668 1282 741 1342 alias
768 1301 817 1342 res
844 1284 990 1358 intentus,
1022 1284 1074 1342 vix
1102 1301 1234 1362 unquam
1260 1284 1349 1344 verba

112 1389 206 1466 facit3
238 1389 314 1449 ritus
346 1393 377 1448 61
407 1407 504 1450 mores
535 1389 678 1450 600160166
709 1390 778 1450 inde
809 1409 827 1449 a
858 1409 950 1468 puero
979 1409 1076 1468 usque
1102 1391 1140 1450 ad
1167 1395 1348 1451 senectutem

111 1496 222 1556 coluit.
268 1496 382 1556 Altiora
408 1502 439 1556 et
465 1496 584 1558 fortiora
612 1497 765 1558 christiani
792 1497 884 1556 animi
910 1497 1080 1558 testimonia
1106 1499 1247 1558 extremis
1270 1499 1348 1559 vitae

111 1605 208 1664 annis
235 1603 339 1679 edidit,
367 1623 460 1682 quum
486 1605 565 1664 inter
591 1605 761 1666 innumeras
789 1605 970 1666 calamitates
998 1611 1028 1666 et
1054 1605 1170 1667 dolores
1198 1606 1348 1667 nobilissi-

111 1730 200 1771 mam
223 1711 336 1789 ingenii
358 1730 478 1789 operam
500 1713 645 1772 divinitus
667 1713 695 1773 ei
718 1714 886 1774 mandatam
904 1714 1073 1775 indefessus
1091 1733 1187 1792 usque
1204 1715 1241 1773 ad
1259 1715 1349 1774 finem

113 1825 340 1898 exsequeretur.
382 1819 480 1880 Etiam
503 1820 651 1897 prioribus
674 1839 743 1881 vero
765 1822 947 1899 temporibus
970 1821 1110 1899 pietatem
1132 1822 1198 1898 ejus
1220 1823 1349 1882 fucatam

113 1945 181 1987 060
199 1927 294 1987 fuisse
312 1927 439 2005 quisque
457 1927 581 2002 videbit,
601 1928 626 1987 si
645 1946 683 1988 ax
702 1928 837 2006 epistolis
855 1929 893 1988 ad
911 1929 1031 1988 intimos
1049 1929 1209 1989 familiares
1229 1929 1348 2006 scriptis

113 2034 178 2092 viri
201 2034 330 2094 indolem
353 2035 530 2111 cognoverit
576 2033 712 2095 Ehmdem
731 2035 839 2111 Deum,
862 2036 948 2112 cujus
971 2037 1185 2113 providentiam
1209 2037 1240 2095 in
1262 2055 1348 2113 gram

115 2141 253 2202 dissimis
276 2146 307 2202 et
328 2141 537 2203 minutissimis
560 2142 696 2203 Universi
719 2143 853 2220 partibus
876 2143 1084 2221 perspiciebat,
1108 2148 1143 2203 01
1166 2143 1348 2203 6610016160

116 2267 205 2310 suam
224 2255 254 2310 61
271 2254 407 2310 aeternae
424 2250 503 2310 vitae
521 2251 599 2310 viam
617 2250 832 2328 perfectissime
850 2251 1039 2329 patefaceret,
1064 2251 1216 2311 Christum
1235 2251 1348 2311 redem-

116 2362 233 2435 ptorem
257 2357 390 2432 misisse,
418 2375 478 2417 non
504 2361 619 2417 tantum
642 2376 692 2418 ore
715 2358 767 2418 sad
789 2363 908 2436 0661606
930 2359 1082 2436 professus
1105 2364 1157 2418 est
1204 2358 1260 2419 Tot
1281 2377 1347 2436 pro-

116 2465 310 2526 bissimorum
332 2465 494 2526 amicorum
512 2469 542 2524 et
560 2465 787 2542 discipulorum,
810 2465 862 2544 qui
880 2465 957 2526 hane
975 2466 1064 2525 fidem
1082 2457 1347 2541 06001616061601,
1419 2529 1421 2532 ,

116 2572 343 2632 admirationem
370 2577 399 2632 et
426 2573 637 2632 inconcussum
664 2573 800 2634 omnibus
828 2573 962 2633 cladibus
984 2592 1112 2634 amorem
1136 2574 1200 2634 sine
1223 2575 1348 2634 candore

117 2684 151 2740 et
173 2677 340 2740 sinceritate
364 2680 420 2740 sibi
443 2698 503 2740 060
526 2681 721 2742 conciliasset.
763 2680 873 2755 Quodsi
894 2681 1088 2742 nihilominus
1106 2681 1185 2741 inter
1202 2700 1249 2757 ea,
1273 2701 1348 2760 quac

117 2789 153 2846 10
179 2792 240 2847 tam
267 2787 423 2865 splendida
449 2787 510 2847 vita
533 2788 601 2864 jure
627 2789 846 2866 vituperantur,
873 2789 1080 2865 gravissimam
1106 2794 1205 2849 notam
1228 2789 1259 2848 id
1281 2790 1347 2864 lert,

119 2895 200 2973 quod
225 2895 279 2955 1116
301 2896 406 2956 timore
428 2895 577 2956 Romanae
599 2896 742 2956 ecclesiae
764 2897 888 2974 ejusque
910 2897 1116 2974 Inquisitionis
1138 2896 1293 2974 perculsus
1315 2897 1348 2956 in

118 3003 209 3062 certis
236 3003 413 3081 quibusdam
440 3004 528 3063 rebus
555 3003 702 3080 physicis,
731 3004 763 3062 in
791 3003 899 3081 quibus
927 3005 1017 3063 etiam
1043 3004 1130 3063 amici
1158 3004 1223 3080 ejus
1249 3003 1347 3063 Italici

119 3109 204 3170 00116
226 3115 350 3188 excepto
372 3110 472 3189 aliqua
494 3110 682 3170 simulatione
702 3129 777 3188 6000
796 3128 862 3170 6006
880 3111 1052 3184 censebant,
1075 3115 1176 3170 contra
1195 3110 1346 3170 66006160-

120 3217 192 3276 tiam
206 3235 303 3278 'suam
330 3222 361 3278 61
386 3222 487 3278 660106
514 3217 668 3278 vamtatem
690 3218 820 3294 06016016
842 3219 990 3294 cognitam
1012 3217 1157 3295 peccavit,
1185 3217 1345 3294 prudentes

120 3329 151 3385 et
176 3325 239 3385 veri
265 3302 384 3386 tenaces
406 3325 463 3384 viri
485 3344 544 3386 060
568 3325 756 3401 dubitabunt,
785 3325 858 3403 quin
880 3325 969 3402 longe
991 3325 1084 3402 major
1106 3325 1171 3401 ejus
1193 3325 1235 3384 rei
1258 3324 1347 3402 culpa

120 3432 178 3509 ipsi
211 3432 352 3492 ecclesiae
379 3433 528 3493 Romanae
559 3432 737 3509 assignanda
766 3433 813 3492 sit.
864 3430 946 3506 Quae
973 3433 1118 3510 quomodo
1146 3431 1290 3509 sanguine
1317 3437 1347 3492 61

121 3539 187 3599 dolo
209 3558 277 3600 eum
300 3539 371 3600 alibi
395 3545 458 3600 tum
481 3541 513 3599 10
531 3539 618 3600 Italia
638 3540 691 3600 illo
710 3539 891 3600 0660166601
910 3558 1031 3600 sensum
1049 3558 1143 3618 paene
1161 3539 1346 3614 exstinxerit,

122 3665 210 3724 00006
232 3647 506 3708 demonstravimus.
552 3647 740 3707 Mendacium
763 3647 855 3722 enim,
883 3648 1052 3726 ubicunque
1074 3649 1107 3707 10
1128 3647 1272 3724 religione
1294 3647 1346 3706 ho·

121 3754 249 3814 minibus
272 3755 302 3813 61
325 3755 501 3830 intruditur,
525 3755 557 3814 in
580 3755 647 3815 aliis
670 3773 788 3833 quoque
810 3755 898 3814 rebus
920 3755 1040 3832 vigebit.

225 3861 337 3922 Eodem
364 3867 495 3939 tempore
517 3862 669 3939 Papistae,
698 3863 835 3939 inprimis
857 3862 1000 3938 Jesrritae,
1028 3862 1093 3940 pari
1120 3867 1208 3940 atque
1230 3859 1346 3920 Italiam

121 3969 269 4044 tyrannidi
293 3969 440 4047 spirituali
463 3970 552 4030 etiam
571 3969 759 4030 Germaniam
781 3975 912 4029 nostram
937 3970 1081 4046 subjicere
1103 3969 1238 4046 impense
1260 3987 1345 4028 cona·

122 4077 237 4152 bantur,
274 4095 363 4155 quam
401 4077 439 4136 ad
474 4095 537 4138 rem
569 4077 700 4154 primum
731 4076 916 4152 multimodis
947 4075 1204 4150 machinamentis,
1239 4058 1352 4135 deinde

122 4202 266 4244 armorum
301 4185 332 4244 61
370 4183 418 4244 001
454 4189 533 4244 sunt.
587 4184 712 4263 Jamque
748 4184 780 4243 in
815 4184 920 4244 multis
955 4183 1137 4261 regionibus,
1173 4183 1346 4260 praesertim

122 4291 295 4366 Austriacis,
319 4291 470 4353 adfinem
493 4309 581 4352 suum
604 4309 697 4369 paene
719 4292 880 4352 accessisse
902 4291 1083 4351 videbantur.
1124 4290 1251 4368 Keplero
1273 4289 1345 4365 illic,

122 4399 206 4458 utin
228 4399 287 4460 fide
310 4399 481 4476 evangelica
504 4399 691 4475 subsisteret,
714 4399 831 4459 heroico
853 4399 951 4459 animo
974 4416 1050 4476 opus
1068 4403 1137 4458 6061.
1179 4397 1346 4459 Subsistere

122 4511 216 4566 160060
248 4512 363 4584 0616061
394 4511 424 4568 61
455 4507 562 4566 virere.
613 4505 680 4566 Non
712 4507 834 4566 deemnt
864 4507 893 4565 61
924 4510 1030 4566 vexato
1058 4509 1088 4566 et
1115 4505 1215 4582 fugato
1243 4505 1345 4565 fideles

122 4614 194 4674 inter
225 4614 308 4692 ipsos
334 4613 626 4674 Romanocatholicos
657 4613 727 4690 viri,
760 4613 811 4692 qui
841 4614 930 4674 etiam
956 4613 1036 4673 haud
1062 4613 1174 4673 frustra
1200 4631 1268 4673 eum
1295 4612 1345 4672 ad-
