3188 5086
686 317 776 370 canor
794 315 827 371 V.
1309 309 1361 366 1⁴ss

147 549 270 606 gensem
292 535 412 608 scripta:
435 533 495 607 ,Tu
519 532 575 608 fac,
599 534 638 591 mi
660 533 802 607 loannes,
822 537 855 591 ut
876 531 1005 605 graviter
1026 528 1175 589 incumbas
1196 530 1227 588 in
1248 532 1362 602 provin·

146 639 236 711 ciam,
263 653 349 711 quam
372 637 512 698 hactenns
534 653 639 710 magna
662 654 725 696 cum
748 636 833 695 laude
853 635 959 695 diceris
980 635 1070 694 obire.
1115 635 1217 708 Neque
1238 634 1362 710 perinde

145 742 243 800 studio
270 741 323 800 tibi
354 742 392 800 sit
420 741 574 815 digladiari
597 758 661 799 cum
683 742 790 800 veteris
813 740 946 799 inscitiae
968 739 1192 814 hyperaspistis,
1222 745 1363 813 atquem

144 845 212 903 rudi
242 844 385 918 docilique
416 846 508 903 aetati
531 845 658 903 melioris
681 845 852 904 eruditionis
875 844 1076 918 ingenuaeque
1098 843 1216 916 pietatis
1238 845 1362 902 semina·

145 949 223 1008 rium
245 947 390 1008 infundas.
434 950 465 1008 Si
486 949 636 1022 Principes
658 965 717 1008 non
738 947 895 1006 admittunt
917 963 989 1006 sena
1011 947 1146 1022 masilia,
1169 949 1194 1006 si
1218 949 1361 1007 ecclesiae

145 1069 286 1128 proceres
309 1058 528 1112 auctoramenta
552 1053 650 1112 mundi
677 1051 847 1126 praeierunt
869 1050 977 1111 Christi
1006 1051 1158 1125 praemiis,
1190 1055 1214 1110 si
1234 1052 1362 1127 theologi

145 1157 338 1230 monachique
361 1157 411 1216 diu
435 1159 520 1215 nimis
543 1156 706 1216 mennatem
728 1170 903 1230 synagogam
923 1172 980 1213 non
1001 1161 1122 1228 possunt
1142 1155 1317 1230 relinquere,
1337 1157 1362 1214 si

144 1262 268 1334 populus
297 1278 315 1319 a
345 1261 491 1320 consuetis
519 1278 576 1320 non
606 1266 702 1334 potest
719 1261 819 1334 avelli,
846 1265 980 1333 superest
1010 1265 1109 1317 maren
1132 1261 1205 1318 baec
1227 1276 1286 1318 una
1305 1262 1362 1336 via,

144 1380 222 1438 qnae
256 1381 337 1438 spem
371 1365 475 1424 bonam
510 1364 599 1423 faciat
625 1363 703 1438 iore,
729 1369 762 1422 nt
790 1362 912 1422 mundns
940 1363 1094 1436 aliquando
1123 1380 1155 1422 se
1184 1362 1294 1422 referat
1324 1365 1362 1423 ad

145 1468 261 1544 frugem
290 1469 457 1542 meliorem,
485 1469 509 1526 si
536 1469 634 1528 vinum
660 1485 764 1527 novum
790 1469 821 1525 in
843 1473 922 1526 utres
943 1483 1032 1526 novos
1054 1467 1178 1526 indatur.
1223 1465 1364 1544 Emerget

145 1573 217 1632 olim
245 1573 318 1632 baec
347 1589 432 1647 seges
462 1589 497 1631 ac
524 1573 572 1630 vel
599 1573 672 1630 citra
703 1577 851 1630 certamen
880 1572 1023 1645 opprimet
1050 1571 1102 1630 hos
1128 1588 1186 1631 non
1205 1573 1300 1631 minus
1319 1573 1363 1632 in·

145 1677 247 1738 doctos
276 1693 362 1751 quam
384 1676 532 1736 indociles.
576 1676 668 1736 Recte
690 1675 876 1734 instituendis
901 1675 999 1749 pueris
1022 1681 1053 1734 et
1073 1676 1105 1733 in
1127 1675 1221 1734 lucem
1243 1676 1363 1736 edendis

144 1788 278 1841 veterum
300 1783 413 1855 scriptis
444 1782 584 1855 paulatim
606 1785 762 1840 evanescet
783 1781 902 1839 istorum
925 1781 1088 1856 irreligiosa
1112 1781 1214 1853 religio
1241 1787 1273 1840 et
1294 1783 1364 1841 illit-

144 1891 260 1945 teratae
283 1880 442 1944 laena‘1

233 1991 267 2049 In
282 1991 384 2050 eodem
398 1990 481 2062 qnasi
496 1989 573 2049 bello
588 1988 717 2064 gerendo
726 1987 903 2048 Ludovioum
915 1988 1026 2062 Vivem,
1041 1988 1248 2048 nobilissimum
1259 1989 1363 2065 Hispa-

145 2111 224 2166 num,
248 2094 386 2153 admouet
407 2099 440 2152 ut
460 2093 615 2168 prudentia
636 2091 803 2168 ,Camillum
825 2092 969 2164 quendam
991 2091 1150 2164 praebeat‘
1183 2091 1363 2156 Germanicis

145 2198 300 2273 discipulis
324 2198 379 2257 sibi
402 2198 595 2271 amicissimis,
623 2198 652 2255 in
675 2197 848 2256 Louaniensi
870 2195 970 2255 schola
989 2196 1174 2270 docentibus,
1201 2217 1289 2272 quum
1310 2202 1365 2260 viri

145 2303 262 2362 obscuri
277 2303 401 2362 obruere
414 2319 464 2364 eos
477 2302 636 2375 studerent,
656 2303 745 2360 etiam
760 2307 848 2374 atque
861 2301 949 2360 etiam
961 2301 1087 2360 animum
1103 2301 1191 2363 addit.
1221 2301 1364 2365 Guilelmo

145 2407 285 2466 Nauseno
324 2407 405 2465 illinc
439 2407 576 2480 depulso,
612 2404 782 2465 Goelenium
816 2411 847 2464 et
878 2405 1014 2464 Roscium
1048 2405 1194 2482 bortatur,
1227 2425 1265 2466 ne
1298 2409 1362 2469 loco

144 2511 259 2571 cedant
303 2511 350 2570 Ad
377 2511 459 2570 illurn
486 2511 598 2570 scribit:
628 2511 705 2584 ,Quo
731 2511 822 2585 magis
852 2509 1024 2583 obstrepunt
1051 2499 1082 2569 oi
1104 2503 1276 2592 βάτραχοι,
1307 2514 1362 2573 hoc

143 2617 239 2689 magia
268 2631 303 2674 ac
327 2616 418 2689 magis
445 2616 541 2690 gliscit
570 2614 658 2674 ardor
684 2617 837 2688 juvenum,
868 2615 972 2688 spretis
1006 2615 1164 2674 illitteratis
1191 2616 1295 2676 litteris
1324 2617 1362 2677 ad

143 2719 268 2778 mebora
287 2719 492 2792 grassantium.
537 2717 581 2776 Tu
611 2717 687 2792 quod
709 2723 821 2791 tempus
843 2733 910 2776 eras
932 2718 1098 2792 perditurus
1120 2725 1172 2777 aut
1193 2735 1264 2779 sane
1286 2721 1362 2780 malo

143 2823 339 2882 collocaturus
361 2822 482 2882 dxando
505 2839 569 2881 cum
586 2823 670 2881 malis
691 2823 814 2895 rabulis,
843 2821 898 2881 boo
921 2823 1005 2881 bonis
1033 2823 1136 2882 studiis
1154 2825 1289 2896 juvandis
1309 2827 1362 2884 im·

142 2927 261 3001 pende‘
312 2926 447 2986 Rescium
476 2928 568 2986 anoni
596 2926 770 2985 contumelia
797 2926 920 2999 petitum
948 2927 1004 2984 etri
1029 2943 1087 2986 non
1115 2928 1176 2986 vult
1197 2929 1361 3005 probibere,

141 3031 216 3106 quin
238 3031 410 3090 malitiosam
432 3031 664 3090 adversariorum
687 3031 930 3103 conspirationem
952 3030 1049 3088 verbis
1075 3030 1265 3104 prudentibus
1287 3034 1362 3106 ipso·

141 3152 203 3209 que
230 3135 325 3208 dignis
358 3135 493 3209 detegat,
523 3134 659 3193 admonet
687 3141 797 3192 tamen:
834 3133 890 3207 ,At
918 3150 972 3206 ego
1000 3139 1070 3206 puto
1098 3135 1267 3207 generosius
1296 3153 1360 3195 esse

141 3239 294 3298 vindictae
323 3256 429 3314 geum,
461 3240 499 3314 si,
527 3237 766 3312 quemadmodum
795 3237 935 3296 hactenns
954 3235 1067 3311 fecisti,
1098 3237 1229 3297 Graecae
1248 3239 1361 3300 littera·

141 3349 232 3402 turae
255 3342 464 3416 professionem
484 3361 570 3417 quam
591 3344 716 3402 maxime
740 3342 909 3401 cohonestes
932 3347 962 3400 et
983 3342 1179 3414 integerrimis
1199 3343 1257 3402 tois
1275 3345 1362 3404 mori·

141 3449 201 3506 bus
222 3453 254 3506 et
276 3447 399 3506 docendi
421 3448 589 3520 vigilantia‘
634 3447 724 3506 Addit
744 3447 831 3506 haec:
855 3445 950 3520 ‚Quod
971 3445 997 3505 si
1018 3461 1076 3504 non
1098 3427 1234 3521 impetras
1249 3449 1304 3509 hoc
1323 3452 1360 3511 ab

141 3551 245 3610 animo
267 3556 333 3626 tuo,
356 3557 388 3610 ut
410 3551 491 3611 litem
513 3552 661 3626 remittas,
690 3551 737 3610 iac
754 3552 798 3610 ita
817 3552 931 3625 litiges,
959 3551 1198 3624 quemadmodum
1220 3555 1361 3616 hactenus

142 3661 195 3716 est
218 3671 237 3714 a
258 3655 338 3714 vobis
359 3656 511 3731 litigatum.
556 3655 630 3714 Nam
656 3656 892 3730 quamproxime
912 3671 1005 3715 essem
1028 3655 1166 3732 Lovanii,
1195 3659 1237 3718 sio
1258 3659 1361 3718 obeso·

140 3761 208 3832 lus,
250 3759 457 3819 rubicundulus
489 3765 519 3818 et
550 3761 649 3819 alacer
684 3777 766 3832 eras,
802 3765 833 3817 ut
863 3760 933 3817 mihi
964 3759 1016 3818 lite
1049 3777 1108 3818 non
1136 3764 1277 3820 macerari
1308 3762 1361 3821 sed

141 3864 276 3936 saginari
297 3862 429 3924 videaris.
475 3863 515 3922 Et
536 3863 627 3922 babes
640 3869 669 3922 te
692 3863 811 3936 dignum
833 3862 1030 3921 adversarium
1052 3863 1195 3922 Joannem
1207 3863 1360 3923 Calabrum

140 3967 307 4042 medicum,
340 3969 389 4041 qui
421 3973 451 4026 te
482 3967 594 4042 pallore
622 3968 771 4040 macieque
800 3965 907 4040 refert,
938 3971 1059 4040 excepta
1089 3972 1187 4026 aetate
1218 3967 1291 4026 adeo
1317 3967 1361 4026 tui

139 4087 206 4130 non
232 4071 393 4146 dissimilis,
421 4077 453 4129 nt
480 4073 639 4146 periculum
665 4071 721 4144 sit,
749 4087 787 4129 ne
815 4069 863 4127 oui
892 4069 1018 4128 videaris
1043 4069 1159 4143 litigare
1182 4085 1246 4128 cum
1267 4077 1359 4144 patre.

139 4176 326 4248 Quamquam
352 4175 397 4234 vir
426 4175 491 4250 ille,
520 4191 586 4235 mea
617 4173 780 4247 sententia,
811 4188 869 4231 nou
895 4175 1027 4246 peccavit
1050 4173 1177 4246 malitia,
1209 4174 1262 4233 sed
1278 4176 1361 4237 obse·

140 4274 257 4354 quio.‘²
299 4279 364 4338 Hoc
385 4281 523 4353 exscripsi
547 4279 669 4352 exempli
692 4293 794 4351 musa,
823 4281 857 4334 ut
879 4281 1033 4351 appareat,
1059 4277 1200 4349 quomodo
1224 4278 1361 4338 Erasm

141 4383 239 4444 etiam
259 4383 290 4440 in
312 4383 357 4441 bis
380 4383 468 4442 rebus
491 4382 637 4442 interdum
659 4383 736 4442 seria
757 4381 880 4440 misceat
901 4397 966 4439 cum
985 4381 1060 4453 jocis
1082 4381 1229 4441 ammitia
1251 4383 1362 4441 alienis.

240 4595 265 4663 1)
284 4598 353 4664 Epp.
372 4597 445 4661 xlv,
464 4601 479 4646 6
499 4613 522 4648 a.
542 4603 620 4650 1521.
699 4597 726 4662 a)
744 4597 814 4662 Epp.
832 4596 871 4648 ed.
889 4595 954 4646 Olor.
973 4595 1019 4646 Νι.
1039 4599 1099 4646 489.
1118 4599 1176 4646 520.
1198 4599 1256 4648 607.
