3202 5058
710 317 800 368 cruor
817 317 838 368 I.
887 313 889 320 ’
1346 319 1379 372 25

168 525 262 584 dicam
291 528 532 599 vituperationem
562 533 658 588 tantos
686 530 763 588 viros
785 529 943 590 defendere
968 548 1112 605 uunquam
1134 549 1379 607 supervacaneum

168 635 221 689 est
266 631 300 689 ln
322 631 444 690 Erasmo
467 631 498 690 id
520 633 683 708 singulare,
705 633 781 707 quod
802 635 833 693 in
856 639 977 710 utraque
997 637 1135 711 ecclesia,
1156 653 1214 696 non
1235 637 1327 696 solum
1348 639 1379 696 in

167 735 440 794 Romanocatbolica
469 735 521 796 sed
550 737 639 796 etiam
666 739 698 796 in
728 740 912 814 evangelica,
950 741 1056 800 iterum
1085 741 1247 815 iterumque
1278 742 1380 800 nimios

166 839 268 899 habuit
293 845 322 900 et
351 840 518 900 laudatores
546 847 578 902 et
606 844 824 916 vituperatores.
871 844 953 917 Quod
983 845 1019 904 ad
1046 845 1215 920 religionem
1235 852 1265 906 et
1285 863 1380 906 mores

166 945 289 1018 attinet,
319 945 397 1003 inter
418 944 617 1006 Pr0testantes
644 949 722 1020 justo
741 949 805 1022 plus
828 966 915 1023 saepe
938 950 1029 1008 valuit
1050 949 1170 1023 Lutlreri
1193 951 1322 1023 iniquum
1343 949 1379 1009 de

165 1049 218 1106 illo
237 1048 385 1122 judicium.
430 1048 488 1108 Sed
510 1067 569 1109 non
591 1049 747 1111 defuerunt
769 1054 823 1113 viri
841 1055 1098 1129 praestantissimi,
1120 1055 1169 1128 qui
1191 1054 1258 1113 huic
1269 1055 1379 1128 judicio

167 1169 231 1211 cnm
252 1152 478 1214 Melanchthone
508 1155 748 1230 obloquerentur,
771 1163 804 1216 ut
825 1159 903 1217 inter
924 1160 1060 1232 pristinos
1081 1159 1263 1219 Lutheranos
1282 1160 1379 1218 ortlro·

165 1257 254 1316 doxon
289 1257 437 1318 lohannes
474 1259 613 1319 Albertus
650 1261 817 1336 Fabricius,
861 1264 939 1322 inter
973 1263 1165 1338 Evangelicos
1201 1264 1379 1322 recentiores

165 1361 470 1436 AugustusNeander,
493 1363 613 1424 Carolus
623 1365 769 1436 Ullmaun,
792 1366 1097 1440 LeopoldusRanlre.¹
1129 1367 1266 1428 Ceterum
1281 1374 1380 1427 nostra

166 1472 266 1527 aetate
288 1485 353 1527 cum
374 1469 452 1528 inter
472 1469 598 1544 Anglos,
628 1477 689 1529 tum
711 1471 788 1530 inter
802 1472 1007 1547 Francogallos
1021 1473 1136 1532 Erasmi
1159 1474 1298 1532 memoria
1315 1472 1380 1530 dili-

166 1572 283 1646 gentius
305 1588 340 1631 ac
359 1574 464 1648 iustius
484 1591 570 1648 quam
592 1575 671 1634 inter
685 1573 844 1635 Germanos
858 1583 998 1636 renovata
1018 1573 1089 1636 est¹
1132 1577 1195 1648 Quo
1218 1578 1249 1635 in
1263 1577 1379 1651 negotio

166 1676 241 1734 libro
271 1693 360 1750 parvo
391 1679 443 1737 sed
472 1679 702 1751 ingeniosissimo
732 1683 839 1739 ceteris
868 1683 993 1755 praeivit
1021 1682 1177 1757 Nisardus,
1200 1682 1265 1756 qui,
1292 1698 1380 1754 quum

166 1781 349 1854 praeclarum
375 1784 590 1842 renascentium
619 1785 783 1843 litterarum
805 1791 999 1859 promotorem
1027 1787 1270 1860 contemplaturus
1293 1791 1379 1859 esset,

168 1901 226 1942 non
247 1885 332 1945 modo
355 1887 490 1946 eximium
512 1888 622 1960 ingenii
636 1891 832 1948 recentiorum
855 1895 1014 1963 temporum
1029 1892 1138 1964 proprii
1153 1906 1380 1964 praecursorem,

167 2005 266 2048 verum
296 1991 386 2050 etium
408 1989 595 2050 christianum
616 1993 816 2067 philosophum
843 2011 875 2052 se
897 1996 1043 2054 invenisse
1065 1991 1244 2055 confitetur.³
1288 1994 1380 2064 Quem

168 2093 322 2168 grandiore
344 2111 433 2169 opere
455 2095 611 2156 Durandus
640 2098 676 2156 de
699 2098 778 2156 Lanr
806 2105 922 2158 secutus
949 2105 1009 2174 est,
1039 2101 1197 2172 praecipue
1218 2099 1380 2157 landandus

167 2199 198 2256 in
228 2199 280 2272 iis,
310 2214 384 2273 quae
413 2199 451 2258 de
479 2202 650 2260 recentioris
679 2202 842 2276 theologiae
865 2203 1024 2276 methodis,
1052 2217 1186 2274 magnam
1207 2207 1320 2276 partem
1342 2202 1379 2260 ab

167 2303 289 2362 Ensmo
309 2304 463 2379 proiectis,
485 2313 622 2365 accurate
644 2311 675 2366 et
694 2307 772 2378 juste
787 2308 893 2380 passim
908 2305 1060 2380 loquitur.⁴
1104 2307 1295 2365 Nihilominus
1310 2322 1381 2364 uon·

167 2405 234 2466 dum
254 2425 419 2481 supremum
441 2409 478 2469 de
501 2410 562 2468 viro
584 2411 634 2470 illo
657 2411 795 2484 singulari
813 2413 954 2485 iudicium
978 2412 1084 2470 dietum
1105 2427 1186 2486 esse,
1209 2409 1260 2470 sed
1281 2427 1380 2484 super-

167 2527 232 2571 esse
263 2513 370 2588 ineo,
400 2531 475 2587 quae
497 2531 572 2574 nova
594 2513 792 2588 disquisitione
816 2522 939 2591 egeant,
969 2515 1074 2576 eruditi
1104 2517 1159 2574 viri
1181 2515 1380 2589 consentient3

166 2633 252 2690 spero
274 2615 337 2678 lore
360 2624 394 2677 nt
419 2623 588 2694 agnoscant,
616 2621 752 2694 religiose
782 2622 985 2694 pervestigatis
1009 2628 1040 2680 et
1061 2621 1232 2681 examinatis
1254 2617 1380 2679 lontibus

167 2721 338 2782 sadaiacere
360 2723 427 2782 huic
450 2723 545 2783 officio
567 2741 621 2798 pro
643 2724 752 2784 viribus
772 2743 819 2784 me
840 2725 993 2784 studuisse.

254 2826 357 2900 Neque
379 2829 527 2887 tamenin
549 2845 585 2888 eo
607 2829 765 2890 subsistere
785 2831 914 2904 intendi,
937 2835 969 2889 nt
983 2821 1122 2904 quantum
1136 2846 1252 2906 possum
1281 2845 1380 2888 veram

166 2935 198 2990 et
218 2929 468 2990 vividamldrasmi
490 2933 646 3007 imaginem
668 2932 706 2992 od
728 2935 892 3007 aequalium
911 2936 1022 2994 animos
1043 2935 1178 2994 referam
1223 2933 1281 2993 Sed
1296 2934 1380 2992 simul

166 3029 210 3112 (id
233 3033 385 3108 quodiam
407 3051 443 3093 ex
463 3037 499 3094 iis
520 3037 666 3112 omnibus,
688 3055 764 3110 quae
786 3054 874 3112 supra
895 3037 1045 3112 praelatus
1062 3055 1138 3112 sum,
1160 3038 1230 3097 satis
1245 3031 1381 3114 apparet)

166 3138 366 3197 demonstrare
389 3139 459 3198 mihi
482 3141 635 3215 proposui,
657 3141 797 3215 quomodo
819 3143 851 3200 in
872 3143 1040 3216 praesentia
1060 3143 1138 3200 iuter
1152 3141 1381 3200 Romanocatbo·

164 3242 237 3302 licos
257 3241 372 3301 Erasmi
393 3244 552 3319 ingenium,
576 3243 778 3306 confitentibus
800 3247 870 3319 ipsis
893 3246 1080 3316 adversariis,
1103 3245 1278 3304 reviviscere
1301 3245 1381 3303 ince-

165 3347 259 3420 perit,
281 3363 339 3406 non
359 3347 475 3420 quidem
499 3354 620 3408 externa
642 3355 673 3408 et
695 3351 793 3409 servili
815 3351 993 3424 imitatione,
1026 3350 1109 3423 quasi
1132 3349 1190 3409 seri
1210 3348 1327 3422 quidam
1349 3353 1381 3406 et

165 3451 291 3524 postumi
310 3451 475 3512 Erasmiani
498 3455 690 3528 surrexerint,
720 3455 773 3513 sed
790 3455 845 3530 ita,
868 3461 900 3513 ut
921 3455 1177 3530 praestantissimis
1199 3453 1267 3512 viris
1283 3453 1382 3512 catho-

165 3555 298 3627 licaeque
329 3557 449 3616 unitatis
478 3558 682 3617 amantissimis
711 3559 748 3618 ad
783 3558 942 3618 sanandum
973 3559 1097 3619 eundem
1127 3559 1225 3619 curiae
1253 3559 1382 3618 morbum

260 3829 286 3895 1)
306 3829 415 3880 Accedit
432 3828 463 3879 ad
482 3831 530 3882 bos
549 3831 618 3884 Guil.
630 3833 844 3884 Maurenbreober
861 3834 888 3884 in
907 3835 1017 3886 historia
1035 3833 1175 3884 catholicae
1193 3829 1381 3884 reformationis

167 3915 341 3980 (N'o'rdlingen
366 3920 445 3977 1880;
470 3917 500 3967 ol.
523 3917 642 3983 inprimis
672 3936 699 3984 p.
719 3920 799 3986 350),
828 3921 871 3986 qui
889 3921 955 3972 liber
981 3921 1103 3970 conlectis
1123 3919 1176 3986 janu
1197 3918 1242 3980 iis,
1268 3916 1380 3984 quaeda

167 4003 278 4053 Eraanro
298 4001 403 4068 scripsi,
422 4006 549 4068 apparuit.

255 4089 281 4154 2)
300 4089 469 4140 Conseruntur
487 4107 550 4156 qnae
562 4091 721 4143 Drummond
740 4093 958 4161 etPenuington,
978 4093 1087 4154 Nisard,
1106 4091 1211 4142 Durand
1228 4090 1259 4141 de
1270 4091 1339 4142 Laur
1357 4095 1382 4140 et

164 4177 264 4226 Gastou
281 4177 397 4242 Fougdre
416 4177 584 4242 scripserunt;
609 4196 672 4246 qnos
690 4187 817 4232 nostrates
835 4184 865 4231 Δ.
883 4181 978 4232 bifillor
1005 4189 1030 4230 et
1046 4179 1160 4230 Sticbart
1176 4194 1227 4229 non
1245 4194 1382 4244 merquua-

164 4271 213 4313 tnr.
251 4263 362 4314 Meliora
385 4264 508 4329 speranda
524 4266 556 4316 ab
575 4266 712 4317 Adalberto
729 4267 866 4326 Horavr'ta,
892 4267 936 4334 qui
960 4267 1038 4317 vitam
1055 4267 1158 4316 Eraaml
1176 4267 1318 4332 scripturus
1337 4269 1381 4315 est.

163 4349 202 4402 cl.
222 4349 278 4417 ejus
296 4349 449 4402 Erasmim
470 4351 509 4402 iu:
534 4353 769 4419 Sitaungsberiohte
787 4353 831 4405 der
850 4355 955 4404 Wiener
971 4351 1109 4403 Akadamia
1128 4350 1220 4406 XCIV.
1238 4351 1317 4404 XCV.

253 4437 281 4503 d)
300 4437 471 4489 Reuedasanco
483 4447 509 4490 et
521 4441 639 4491 Reiorme
650 4441 670 4490 Ι.
684 4441 813 4492 troisibme
825 4441 921 4491 edition
936 4445 1010 4491 1877.
1036 4439 1219 4491 commentatio
1233 4439 1263 4488 da
1274 4439 1383 4488 Erusmo

161 4523 262 4590 prodiit
277 4525 331 4589 jam
350 4541 371 4576 a.
394 4531 461 4578 1846
478 4527 517 4577 in:
534 4527 619 4578 Revue
638 4528 682 4578 dea
700 4529 764 4578 deux
782 4527 893 4578 mondus.

252 4612 280 4679 4)
298 4613 422 4677 Eraama,
441 4617 593 4679 precurreur
609 4623 635 4667 at
652 4615 787 4667 initiateur
805 4615 835 4665 ds
853 4615 952 4682 l’esprit
970 4615 1087 4666 moderna
1109 4621 1123 4666 2
1142 4613 1202 4665 vall.
1239 4617 1314 4664 1872.
