<?xml version="1.0" encoding="UTF-8"?>
<!DOCTYPE html PUBLIC "-//W3C//DTD XHTML 1.0 Transitional//EN"
    "http://www.w3.org/TR/xhtml1/DTD/xhtml1-transitional.dtd">
<html xmlns="http://www.w3.org/1999/xhtml" xml:lang="en" lang="en">
 <head>
  <title>
</title>
<meta http-equiv="Content-Type" content="text/html;charset=utf-8" />
  <meta name='ocr-system' content='tesseract 3.04.00' />
  <meta name='ocr-capabilities' content='ocr_page ocr_carea ocr_par ocr_line ocrx_word'/>
</head>
<body>
  <div class='ocr_page' id='page_1' title='image "./erasmusredivivu00schlgoog_0205.png"; bbox 0 0 3156 5056; ppageno 0'>
   <div class='ocr_carea' id='block_1_1' title="bbox 207 300 931 357">
    <p class='ocr_par' dir='ltr' id='par_1_1' title="bbox 207 300 931 357">
     <span class='ocr_line' id='line_1_1' title="bbox 207 300 931 357; baseline -0.01 0"><span class='ocrx_word' id='word_1_1' title='bbox 207 303 262 357; x_wconf 86' lang='lat'><strong>188</strong></span> <span class='ocrx_word' id='word_1_2' title='bbox 696 301 798 352; x_wconf 79' lang='lat' dir='ltr'><strong>Passis</strong></span> <span class='ocrx_word' id='word_1_3' title='bbox 816 300 931 351; x_wconf 75' lang='lat' dir='ltr'><strong>Patronus</strong></span> 
     </span>
    </p>
   </div>
   <div class='ocr_carea' id='block_1_2' title="bbox 209 500 1435 3814">
    <p class='ocr_par' dir='ltr' id='par_1_2' title="bbox 209 500 1435 3814">
     <span class='ocr_line' id='line_1_2' title="bbox 298 500 1435 592; baseline -0.002 -16"><span class='ocrx_word' id='word_1_4' title='bbox 298 518 381 577; x_wconf 86' lang='lat' dir='ltr'><strong>Hane</strong></span> <span class='ocrx_word' id='word_1_5' title='bbox 414 500 521 576; x_wconf 91' lang='lat' dir='ltr'><strong>bullam</strong></span> <span class='ocrx_word' id='word_1_6' title='bbox 554 517 671 592; x_wconf 79' lang='lat' dir='ltr'><strong>ingenio</strong></span> <span class='ocrx_word' id='word_1_7' title='bbox 704 532 739 575; x_wconf 87' lang='lat' dir='ltr'><strong>ac</strong></span> <span class='ocrx_word' id='word_1_8' title='bbox 772 517 871 591; x_wconf 75' lang='lat' dir='ltr'><strong>lingua</strong></span> <span class='ocrx_word' id='word_1_9' title='bbox 902 515 1057 575; x_wconf 67' lang='lat' dir='ltr'><strong>bubaram</strong></span> <span class='ocrx_word' id='word_1_10' title='bbox 1091 531 1156 572; x_wconf 90' lang='lat' dir='ltr'><strong>cum</strong></span> <span class='ocrx_word' id='word_1_11' title='bbox 1187 512 1294 572; x_wconf 79' lang='lat' dir='ltr'><strong>Christi</strong></span> <span class='ocrx_word' id='word_1_12' title='bbox 1322 515 1435 589; x_wconf 89' lang='lat' dir='ltr'><strong>spiritu</strong></span> 
     </span>
     <span class='ocr_line' id='line_1_3' title="bbox 211 619 1433 696; baseline -0.003 -14"><span class='ocrx_word' id='word_1_13' title='bbox 211 637 313 696; x_wconf 86' lang='lat' dir='ltr'><strong>parum</strong></span> <span class='ocrx_word' id='word_1_14' title='bbox 353 621 545 696; x_wconf 87' lang='lat' dir='ltr'><strong>concordare,</strong></span> <span class='ocrx_word' id='word_1_15' title='bbox 577 623 700 681; x_wconf 87' lang='lat' dir='ltr'><strong>sanioris</strong></span> <span class='ocrx_word' id='word_1_16' title='bbox 730 621 836 679; x_wconf 90' lang='lat' dir='ltr'><strong>mentis</strong></span> <span class='ocrx_word' id='word_1_17' title='bbox 858 619 1016 678; x_wconf 83' lang='lat' dir='ltr'><strong>Christiani</strong></span> <span class='ocrx_word' id='word_1_18' title='bbox 1046 619 1312 678; x_wconf 88' lang='lat' dir='ltr'><strong>Romauocatholici</strong></span> <span class='ocrx_word' id='word_1_19' title='bbox 1347 635 1433 678; x_wconf 89' lang='lat' dir='ltr'><strong>nuuc</strong></span> 
     </span>
     <span class='ocr_line' id='line_1_4' title="bbox 210 723 1432 799; baseline -0.001 -15"><span class='ocrx_word' id='word_1_20' title='bbox 210 741 269 784; x_wconf 91' lang='lat' dir='ltr'><strong>uon</strong></span> <span class='ocrx_word' id='word_1_21' title='bbox 298 730 435 799; x_wconf 87' lang='lat' dir='ltr'><strong>poterunt</strong></span> <span class='ocrx_word' id='word_1_22' title='bbox 465 741 523 784; x_wconf 93' lang='lat' dir='ltr'><strong>uon</strong></span> <span class='ocrx_word' id='word_1_23' title='bbox 547 723 686 784; x_wconf 89' lang='lat' dir='ltr'><strong>confiteri.</strong></span> <span class='ocrx_word' id='word_1_24' title='bbox 731 725 776 785; x_wconf 92' lang='lat' dir='ltr'><strong>De</strong></span> <span class='ocrx_word' id='word_1_25' title='bbox 797 741 854 798; x_wconf 89' lang='lat' dir='ltr'><strong>qua</strong></span> <span class='ocrx_word' id='word_1_26' title='bbox 875 725 900 783; x_wconf 92' lang='lat' dir='ltr'><strong>si</strong></span> <span class='ocrx_word' id='word_1_27' title='bbox 920 740 1014 797; x_wconf 83' lang='lat' dir='ltr'>nuper</span> <span class='ocrx_word' id='word_1_28' title='bbox 1035 723 1192 796; x_wconf 87' lang='lat' dir='ltr'><strong>scriptores</strong></span> <span class='ocrx_word' id='word_1_29' title='bbox 1215 723 1303 796; x_wconf 88' lang='lat' dir='ltr'><strong>aliqui</strong></span> <span class='ocrx_word' id='word_1_30' title='bbox 1325 723 1432 783; x_wconf 88' lang='lat' dir='ltr'><strong>mitius</strong></span> 
     </span>
     <span class='ocr_line' id='line_1_5' title="bbox 209 827 1429 904; baseline 0.002 -18"><span class='ocrx_word' id='word_1_31' title='bbox 209 829 317 887; x_wconf 85' lang='lat' dir='ltr'><strong>iterum</strong></span> <span class='ocrx_word' id='word_1_32' title='bbox 336 829 553 904; x_wconf 72' lang='lat' dir='ltr'><strong>iudicaverunt,</strong></span> <span class='ocrx_word' id='word_1_33' title='bbox 577 828 709 902; x_wconf 81' lang='lat' dir='ltr'><strong>equidem</strong></span> <span class='ocrx_word' id='word_1_34' title='bbox 730 828 782 887; x_wconf 93' lang='lat' dir='ltr'><strong>hos</strong></span> <span class='ocrx_word' id='word_1_35' title='bbox 798 845 855 887; x_wconf 92' lang='lat' dir='ltr'><strong>uon</strong></span> <span class='ocrx_word' id='word_1_36' title='bbox 878 832 1014 886; x_wconf 84' lang='lat' dir='ltr'><strong>accurate</strong></span> <span class='ocrx_word' id='word_1_37' title='bbox 1036 827 1116 885; x_wconf 89' lang='lat' dir='ltr'><strong>illam</strong></span> <span class='ocrx_word' id='word_1_38' title='bbox 1132 827 1238 902; x_wconf 74' lang='lat' dir='ltr'><strong>legisse</strong></span> <span class='ocrx_word' id='word_1_39' title='bbox 1253 829 1429 901; x_wconf 84' lang='lat' dir='ltr'><strong>putaverim.</strong></span> 
     </span>
     <span class='ocr_line' id='line_1_6' title="bbox 212 931 1430 1007; baseline -0.002 -15"><span class='ocrx_word' id='word_1_40' title='bbox 212 933 267 992; x_wconf 84' lang='lat' dir='ltr'><strong>Vix</strong></span> <span class='ocrx_word' id='word_1_41' title='bbox 290 950 327 992; x_wconf 90' lang='lat' dir='ltr'><strong>ea</strong></span> <span class='ocrx_word' id='word_1_42' title='bbox 348 950 400 998; x_wconf 88' lang='lat' dir='ltr'><strong>suo</strong></span> <span class='ocrx_word' id='word_1_43' title='bbox 424 940 555 1007; x_wconf 89' lang='lat' dir='ltr'><strong>tempore</strong></span> <span class='ocrx_word' id='word_1_44' title='bbox 576 933 656 992; x_wconf 89' lang='lat' dir='ltr'><strong>inter</strong></span> <span class='ocrx_word' id='word_1_45' title='bbox 677 949 741 1007; x_wconf 90' lang='lat' dir='ltr'><strong>eos,</strong></span> <span class='ocrx_word' id='word_1_46' title='bbox 763 934 812 1006; x_wconf 88' lang='lat' dir='ltr'><strong>qui</strong></span> <span class='ocrx_word' id='word_1_47' title='bbox 834 932 956 990; x_wconf 84' lang='lat' dir='ltr'><strong>Lntheri</strong></span> <span class='ocrx_word' id='word_1_48' title='bbox 979 948 1042 991; x_wconf 91' lang='lat' dir='ltr'><strong>rem</strong></span> <span class='ocrx_word' id='word_1_49' title='bbox 1064 931 1279 1006; x_wconf 74' lang='lat' dir='ltr'>improbabant,</span> <span class='ocrx_word' id='word_1_50' title='bbox 1302 931 1430 990; x_wconf 85' lang='lat' dir='ltr'><strong>aliisae</strong></span> 
     </span>
     <span class='ocr_line' id='line_1_7' title="bbox 213 1035 1429 1112; baseline -0.002 -16"><span class='ocrx_word' id='word_1_51' title='bbox 213 1037 346 1096; x_wconf 89' lang='lat' dir='ltr'><strong>barbaris</strong></span> <span class='ocrx_word' id='word_1_52' title='bbox 376 1042 405 1097; x_wconf 88' lang='lat' dir='ltr'><strong>et</strong></span> <span class='ocrx_word' id='word_1_53' title='bbox 435 1037 585 1112; x_wconf 83' lang='lat' dir='ltr'><strong>sophistis,</strong></span> <span class='ocrx_word' id='word_1_54' title='bbox 611 1037 660 1112; x_wconf 89' lang='lat' dir='ltr'><strong>qui</strong></span> <span class='ocrx_word' id='word_1_55' title='bbox 687 1040 754 1112; x_wconf 90' lang='lat' dir='ltr'><strong>jure</strong></span> <span class='ocrx_word' id='word_1_56' title='bbox 776 1037 963 1112; x_wconf 79' lang='lat' dir='ltr'><strong>vocabantur,</strong></span> <span class='ocrx_word' id='word_1_57' title='bbox 992 1037 1107 1110; x_wconf 89' lang='lat' dir='ltr'><strong>placere</strong></span> <span class='ocrx_word' id='word_1_58' title='bbox 1130 1037 1233 1110; x_wconf 91' lang='lat' dir='ltr'><strong>potuit.</strong></span> <span class='ocrx_word' id='word_1_59' title='bbox 1279 1035 1429 1110; x_wconf 78' lang='lat' dir='ltr'><strong>Arrogan-</strong></span> 
     </span>
     <span class='ocr_line' id='line_1_8' title="bbox 212 1140 1428 1216; baseline 0 -18"><span class='ocrx_word' id='word_1_60' title='bbox 212 1142 297 1216; x_wconf 88' lang='lat' dir='ltr'><strong>tiam,</strong></span> <span class='ocrx_word' id='word_1_61' title='bbox 328 1157 386 1215; x_wconf 90' lang='lat' dir='ltr'><strong>qua</strong></span> <span class='ocrx_word' id='word_1_62' title='bbox 405 1143 467 1200; x_wconf 91' lang='lat' dir='ltr'><strong>Leo</strong></span> <span class='ocrx_word' id='word_1_63' title='bbox 497 1157 637 1200; x_wconf 87' lang='lat' dir='ltr'><strong>summum</strong></span> <span class='ocrx_word' id='word_1_64' title='bbox 659 1141 757 1200; x_wconf 88' lang='lat' dir='ltr'><strong>mnndi</strong></span> <span class='ocrx_word' id='word_1_65' title='bbox 778 1140 932 1215; x_wconf 88' lang='lat' dir='ltr'><strong>imperium</strong></span> <span class='ocrx_word' id='word_1_66' title='bbox 959 1141 1141 1215; x_wconf 77' lang='lat' dir='ltr'><strong>apertissime</strong></span> <span class='ocrx_word' id='word_1_67' title='bbox 1173 1140 1228 1199; x_wconf 88' lang='lat' dir='ltr'><strong>sibi</strong></span> <span class='ocrx_word' id='word_1_68' title='bbox 1250 1140 1428 1214; x_wconf 84' lang='lat' dir='ltr'><strong>vindicabat,</strong></span> 
     </span>
     <span class='ocr_line' id='line_1_9' title="bbox 212 1243 1428 1320; baseline 0.001 -17"><span class='ocrx_word' id='word_1_69' title='bbox 212 1245 298 1304; x_wconf 90' lang='lat' dir='ltr'><strong>multi</strong></span> <span class='ocrx_word' id='word_1_70' title='bbox 327 1246 472 1320; x_wconf 84' lang='lat' dir='ltr'><strong>principes</strong></span> <span class='ocrx_word' id='word_1_71' title='bbox 502 1251 589 1320; x_wconf 89' lang='lat' dir='ltr'><strong>atque</strong></span> <span class='ocrx_word' id='word_1_72' title='bbox 618 1246 804 1319; x_wconf 72' lang='lat' dir='ltr'><strong>magistratus</strong></span> <span class='ocrx_word' id='word_1_73' title='bbox 834 1245 982 1318; x_wconf 79' lang='lat' dir='ltr'><strong>ridebant,</strong></span> <span class='ocrx_word' id='word_1_74' title='bbox 1013 1246 1077 1319; x_wconf 93' lang='lat' dir='ltr'><strong>ipsa</strong></span> <span class='ocrx_word' id='word_1_75' title='bbox 1099 1244 1229 1305; x_wconf 72' lang='lat' dir='ltr'><strong>Sorbom</strong></span> <span class='ocrx_word' id='word_1_76' title='bbox 1251 1243 1428 1304; x_wconf 82' lang='lat' dir='ltr'><strong>Parisicnsis</strong></span> 
     </span>
     <span class='ocr_line' id='line_1_10' title="bbox 214 1347 1428 1424; baseline 0.001 -17"><span class='ocrx_word' id='word_1_77' title='bbox 214 1350 480 1424; x_wconf 83' lang='lat' dir='ltr'><strong>nonagnoscebat.</strong></span> <span class='ocrx_word' id='word_1_78' title='bbox 510 1350 567 1410; x_wconf 86' lang='lat' dir='ltr'><strong>Sed</strong></span> <span class='ocrx_word' id='word_1_79' title='bbox 589 1366 672 1409; x_wconf 90' lang='lat' dir='ltr'><strong>nemo</strong></span> <span class='ocrx_word' id='word_1_80' title='bbox 695 1347 758 1408; x_wconf 86' lang='lat' dir='ltr'><strong>iero</strong></span> <span class='ocrx_word' id='word_1_81' title='bbox 780 1349 836 1407; x_wconf 90' lang='lat' dir='ltr'><strong>nisi</strong></span> <span class='ocrx_word' id='word_1_82' title='bbox 859 1349 993 1422; x_wconf 89' lang='lat' dir='ltr'><strong>privatim</strong></span> <span class='ocrx_word' id='word_1_83' title='bbox 1015 1353 1046 1407; x_wconf 88' lang='lat' dir='ltr'><strong>ct</strong></span> <span class='ocrx_word' id='word_1_84' title='bbox 1067 1350 1180 1407; x_wconf 80' lang='lat' dir='ltr'><strong>occulte</strong></span> <span class='ocrx_word' id='word_1_85' title='bbox 1207 1347 1321 1422; x_wconf 87' lang='lat' dir='ltr'><strong>obloqui</strong></span> <span class='ocrx_word' id='word_1_86' title='bbox 1336 1349 1428 1408; x_wconf 90' lang='lat' dir='ltr'><strong>aude-</strong></span> 
     </span>
     <span class='ocr_line' id='line_1_11' title="bbox 215 1452 1427 1529; baseline 0.002 -19"><span class='ocrx_word' id='word_1_87' title='bbox 215 1452 273 1510; x_wconf 90' lang='lat' dir='ltr'><strong>bat</strong></span> <span class='ocrx_word' id='word_1_88' title='bbox 317 1453 423 1529; x_wconf 84' lang='lat' dir='ltr'><strong>Nemo,</strong></span> <span class='ocrx_word' id='word_1_89' title='bbox 456 1454 481 1511; x_wconf 90' lang='lat' dir='ltr'><strong>si</strong></span> <span class='ocrx_word' id='word_1_90' title='bbox 510 1453 579 1528; x_wconf 90' lang='lat' dir='ltr'><strong>quid</strong></span> <span class='ocrx_word' id='word_1_91' title='bbox 604 1454 719 1528; x_wconf 89' lang='lat' dir='ltr'><strong>publice</strong></span> <span class='ocrx_word' id='word_1_92' title='bbox 747 1459 849 1513; x_wconf 90' lang='lat' dir='ltr'><strong>contra</strong></span> <span class='ocrx_word' id='word_1_93' title='bbox 871 1454 979 1512; x_wconf 88' lang='lat' dir='ltr'><strong>curiam</strong></span> <span class='ocrx_word' id='word_1_94' title='bbox 1012 1452 1136 1528; x_wconf 89' lang='lat' dir='ltr'><strong>monuit,</strong></span> <span class='ocrx_word' id='word_1_95' title='bbox 1166 1469 1202 1512; x_wconf 91' lang='lat' dir='ltr'><strong>ea</strong></span> <span class='ocrx_word' id='word_1_96' title='bbox 1225 1469 1283 1526; x_wconf 88' lang='lat' dir='ltr'><strong>qua</strong></span> <span class='ocrx_word' id='word_1_97' title='bbox 1304 1469 1427 1513; x_wconf 85' lang='lat' dir='ltr'><strong>neccsse</strong></span> 
     </span>
     <span class='ocr_line' id='line_1_12' title="bbox 214 1557 1428 1631; baseline 0.002 -19"><span class='ocrx_word' id='word_1_98' title='bbox 214 1561 281 1614; x_wconf 88' lang='lat' dir='ltr'><strong>erat</strong></span> <span class='ocrx_word' id='word_1_99' title='bbox 309 1557 516 1631; x_wconf 78' lang='lat' dir='ltr'><strong>perspicuitate</strong></span> <span class='ocrx_word' id='word_1_100' title='bbox 549 1563 579 1617; x_wconf 93' lang='lat' dir='ltr'><strong>et</strong></span> <span class='ocrx_word' id='word_1_101' title='bbox 608 1559 765 1618; x_wconf 84' lang='lat' dir='ltr'><strong>severitate</strong></span> <span class='ocrx_word' id='word_1_102' title='bbox 794 1575 863 1616; x_wconf 90' lang='lat' dir='ltr'><strong>usus</strong></span> <span class='ocrx_word' id='word_1_103' title='bbox 894 1564 946 1617; x_wconf 87' lang='lat' dir='ltr'><strong>est</strong></span> <span class='ocrx_word' id='word_1_104' title='bbox 998 1558 1143 1616; x_wconf 90' lang='lat' dir='ltr'><strong>Lutherus</strong></span> <span class='ocrx_word' id='word_1_105' title='bbox 1172 1563 1205 1616; x_wconf 86' lang='lat' dir='ltr'><strong>ut</strong></span> <span class='ocrx_word' id='word_1_106' title='bbox 1232 1557 1329 1631; x_wconf 87' lang='lat' dir='ltr'><strong>palam</strong></span> <span class='ocrx_word' id='word_1_107' title='bbox 1359 1573 1428 1616; x_wconf 90' lang='lat' dir='ltr'><strong>cou-</strong></span> 
     </span>
     <span class='ocr_line' id='line_1_13' title="bbox 215 1657 1428 1736; baseline 0.003 -20"><span class='ocrx_word' id='word_1_108' title='bbox 215 1657 382 1720; x_wconf 88' lang='lat' dir='ltr'><strong>dsmuatam</strong></span> <span class='ocrx_word' id='word_1_109' title='bbox 409 1662 562 1722; x_wconf 85' lang='lat' dir='ltr'><strong>veritatem</strong></span> <span class='ocrx_word' id='word_1_110' title='bbox 592 1662 789 1735; x_wconf 77' lang='lat' dir='ltr'><strong>evangelicam</strong></span> <span class='ocrx_word' id='word_1_111' title='bbox 815 1662 910 1736; x_wconf 90' lang='lat' dir='ltr'><strong>palam</strong></span> <span class='ocrx_word' id='word_1_112' title='bbox 933 1658 1219 1721; x_wconf 83' lang='lat' dir='ltr'><strong>defenderetotficio</strong></span> <span class='ocrx_word' id='word_1_113' title='bbox 1241 1661 1428 1720; x_wconf 88' lang='lat' dir='ltr'><strong>hauddubie</strong></span> 
     </span>
     <span class='ocr_line' id='line_1_14' title="bbox 218 1764 1427 1840; baseline 0.003 -19"><span class='ocrx_word' id='word_1_114' title='bbox 218 1767 335 1823; x_wconf 86' lang='lat' dir='ltr'><strong>coactus</strong></span> <span class='ocrx_word' id='word_1_115' title='bbox 369 1771 422 1824; x_wconf 87' lang='lat' dir='ltr'><strong>est.</strong></span> <span class='ocrx_word' id='word_1_116' title='bbox 478 1764 596 1824; x_wconf 88' lang='lat' dir='ltr'><strong>Scilicet</strong></span> <span class='ocrx_word' id='word_1_117' title='bbox 631 1766 759 1838; x_wconf 86' lang='lat' dir='ltr'><strong>exceptis</strong></span> <span class='ocrx_word' id='word_1_118' title='bbox 791 1767 873 1824; x_wconf 86' lang='lat' dir='ltr'><strong>novis</strong></span> <span class='ocrx_word' id='word_1_119' title='bbox 905 1767 969 1824; x_wconf 90' lang='lat' dir='ltr'><strong>istis</strong></span> <span class='ocrx_word' id='word_1_120' title='bbox 1000 1766 1070 1825; x_wconf 81' lang='lat' dir='ltr'><strong>viris</strong></span> <span class='ocrx_word' id='word_1_121' title='bbox 1103 1766 1245 1840; x_wconf 89' lang='lat' dir='ltr'><strong>obscuris,</strong></span> <span class='ocrx_word' id='word_1_122' title='bbox 1279 1767 1327 1839; x_wconf 90' lang='lat' dir='ltr'><strong>qni</strong></span> <span class='ocrx_word' id='word_1_123' title='bbox 1362 1783 1427 1825; x_wconf 93' lang='lat' dir='ltr'><strong>cum</strong></span> 
     </span>
     <span class='ocr_line' id='line_1_15' title="bbox 218 1867 1428 1943; baseline 0.003 -18"><span class='ocrx_word' id='word_1_124' title='bbox 218 1867 316 1927; x_wconf 88' lang='lat' dir='ltr'><strong>Leone</strong></span> <span class='ocrx_word' id='word_1_125' title='bbox 346 1869 381 1928; x_wconf 77' lang='lat' dir='ltr'><strong>lt</strong></span> <span class='ocrx_word' id='word_1_126' title='bbox 413 1870 597 1943; x_wconf 90' lang='lat' dir='ltr'><strong>impudenter</strong></span> <span class='ocrx_word' id='word_1_127' title='bbox 626 1869 803 1929; x_wconf 89' lang='lat' dir='ltr'><strong>contendere</strong></span> <span class='ocrx_word' id='word_1_128' title='bbox 837 1886 895 1928; x_wconf 91' lang='lat' dir='ltr'><strong>nou</strong></span> <span class='ocrx_word' id='word_1_129' title='bbox 926 1869 1072 1943; x_wconf 89' lang='lat' dir='ltr'><strong>dubitant,</strong></span> <span class='ocrx_word' id='word_1_130' title='bbox 1103 1870 1231 1928; x_wconf 92' lang='lat' dir='ltr'><strong>comburi</strong></span> <span class='ocrx_word' id='word_1_131' title='bbox 1263 1870 1428 1930; x_wconf 89' lang='lat' dir='ltr'><strong>haereticos</strong></span> 
     </span>
     <span class='ocr_line' id='line_1_16' title="bbox 217 1973 1428 2048; baseline 0 -16"><span class='ocrx_word' id='word_1_132' title='bbox 217 1987 282 2032; x_wconf 87' lang='lat' dir='ltr'><strong>osse</strong></span> <span class='ocrx_word' id='word_1_133' title='bbox 312 1989 348 2031; x_wconf 86' lang='lat' dir='ltr'><strong>ex</strong></span> <span class='ocrx_word' id='word_1_134' title='bbox 377 1975 524 2034; x_wconf 81' lang='lat' dir='ltr'><strong>voluntate</strong></span> <span class='ocrx_word' id='word_1_135' title='bbox 554 1973 643 2033; x_wconf 85' lang='lat' dir='ltr'><strong>divini</strong></span> <span class='ocrx_word' id='word_1_136' title='bbox 674 1975 806 2048; x_wconf 86' lang='lat' dir='ltr'><strong>spiritus,</strong></span> <span class='ocrx_word' id='word_1_137' title='bbox 837 1991 875 2033; x_wconf 93' lang='lat' dir='ltr'><strong>ne</strong></span> <span class='ocrx_word' id='word_1_138' title='bbox 906 1975 984 2034; x_wconf 90' lang='lat' dir='ltr'><strong>inter</strong></span> <span class='ocrx_word' id='word_1_139' title='bbox 1008 1974 1140 2033; x_wconf 88' lang='lat' dir='ltr'><strong>Vaticani</strong></span> <span class='ocrx_word' id='word_1_140' title='bbox 1170 1975 1285 2048; x_wconf 89' lang='lat' dir='ltr'><strong>quidem</strong></span> <span class='ocrx_word' id='word_1_141' title='bbox 1313 1976 1428 2034; x_wconf 90' lang='lat' dir='ltr'><strong>concilii</strong></span> 
     </span>
     <span class='ocr_line' id='line_1_17' title="bbox 216 2077 1428 2152; baseline 0 -16"><span class='ocrx_word' id='word_1_142' title='bbox 216 2079 358 2152; x_wconf 56' lang='lat' dir='ltr'><strong>asseclas</strong></span> <span class='ocrx_word' id='word_1_143' title='bbox 392 2079 416 2136; x_wconf 92' lang='lat' dir='ltr'><strong>si</strong></span> <span class='ocrx_word' id='word_1_144' title='bbox 445 2096 507 2138; x_wconf 89' lang='lat' dir='ltr'><strong>rem</strong></span> <span class='ocrx_word' id='word_1_145' title='bbox 537 2080 597 2138; x_wconf 92' lang='lat' dir='ltr'><strong>suis</strong></span> <span class='ocrx_word' id='word_1_146' title='bbox 627 2079 716 2137; x_wconf 88' lang='lat' dir='ltr'><strong>animi</strong></span> <span class='ocrx_word' id='word_1_147' title='bbox 746 2079 836 2138; x_wconf 90' lang='lat' dir='ltr'><strong>oculis</strong></span> <span class='ocrx_word' id='word_1_148' title='bbox 863 2079 999 2152; x_wconf 77' lang='lat' dir='ltr'><strong>religiose</strong></span> <span class='ocrx_word' id='word_1_149' title='bbox 1027 2079 1193 2138; x_wconf 85' lang='lat' dir='ltr'><strong>examinare</strong></span> <span class='ocrx_word' id='word_1_150' title='bbox 1223 2079 1284 2138; x_wconf 86' lang='lat' dir='ltr'><strong>susi</strong></span> <span class='ocrx_word' id='word_1_151' title='bbox 1311 2077 1428 2152; x_wconf 72' lang='lat' dir='ltr'><strong>ineunt,</strong></span> 
     </span>
     <span class='ocr_line' id='line_1_18' title="bbox 215 2181 1430 2257; baseline 0.001 -18"><span class='ocrx_word' id='word_1_152' title='bbox 215 2183 366 2256; x_wconf 87' lang='lat' dir='ltr'><strong>quisquam</strong></span> <span class='ocrx_word' id='word_1_153' title='bbox 386 2181 572 2257; x_wconf 76' lang='lat' dir='ltr'><strong>initiabitur,</strong></span> <span class='ocrx_word' id='word_1_154' title='bbox 595 2187 697 2242; x_wconf 89' lang='lat' dir='ltr'><strong>contra</strong></span> <span class='ocrx_word' id='word_1_155' title='bbox 719 2181 857 2257; x_wconf 89' lang='lat' dir='ltr'><strong>ejusmodi</strong></span> <span class='ocrx_word' id='word_1_156' title='bbox 880 2183 1046 2256; x_wconf 88' lang='lat' dir='ltr'><strong>opinionum</strong></span> <span class='ocrx_word' id='word_1_157' title='bbox 1065 2188 1194 2241; x_wconf 89' lang='lat' dir='ltr'><strong>monstra</strong></span> <span class='ocrx_word' id='word_1_158' title='bbox 1216 2183 1375 2242; x_wconf 87' lang='lat' dir='ltr'><strong>Lutherum</strong></span> <span class='ocrx_word' id='word_1_159' title='bbox 1397 2187 1430 2241; x_wconf 91' lang='lat' dir='ltr'><strong>ut</strong></span> 
     </span>
     <span class='ocr_line' id='line_1_19' title="bbox 219 2283 1430 2360; baseline 0.002 -18"><span class='ocrx_word' id='word_1_160' title='bbox 219 2283 393 2345; x_wconf 87' lang='lat' dir='ltr'><strong>christianae</strong></span> <span class='ocrx_word' id='word_1_161' title='bbox 427 2288 558 2346; x_wconf 60' lang='lat' dir='ltr'><strong>sedatis</strong></span> <span class='ocrx_word' id='word_1_162' title='bbox 591 2287 735 2345; x_wconf 86' lang='lat' dir='ltr'><strong>vindicem</strong></span> <span class='ocrx_word' id='word_1_163' title='bbox 768 2286 919 2360; x_wconf 86' lang='lat' dir='ltr'><strong>prodiisse.</strong></span> <span class='ocrx_word' id='word_1_164' title='bbox 980 2287 1061 2358; x_wconf 83' lang='lat' dir='ltr'><strong>Quod</strong></span> <span class='ocrx_word' id='word_1_165' title='bbox 1095 2292 1227 2346; x_wconf 90' lang='lat' dir='ltr'><strong>constare</strong></span> <span class='ocrx_word' id='word_1_166' title='bbox 1261 2286 1430 2360; x_wconf 80' lang='lat' dir='ltr'><strong>concedent,</strong></span> 
     </span>
     <span class='ocr_line' id='line_1_20' title="bbox 219 2387 1431 2464; baseline 0.002 -18"><span class='ocrx_word' id='word_1_167' title='bbox 219 2387 289 2448; x_wconf 91' lang='lat' dir='ltr'><strong>licot</strong></span> <span class='ocrx_word' id='word_1_168' title='bbox 315 2391 380 2448; x_wconf 87' lang='lat' dir='ltr'><strong>aliis</strong></span> <span class='ocrx_word' id='word_1_169' title='bbox 409 2392 440 2449; x_wconf 89' lang='lat' dir='ltr'><strong>in</strong></span> <span class='ocrx_word' id='word_1_170' title='bbox 466 2391 553 2449; x_wconf 92' lang='lat' dir='ltr'><strong>rebus</strong></span> <span class='ocrx_word' id='word_1_171' title='bbox 572 2391 735 2464; x_wconf 87' lang='lat' dir='ltr'><strong>periculose</strong></span> <span class='ocrx_word' id='word_1_172' title='bbox 760 2407 826 2450; x_wconf 90' lang='lat' dir='ltr'><strong>eum</strong></span> <span class='ocrx_word' id='word_1_173' title='bbox 848 2406 962 2448; x_wconf 89' lang='lat' dir='ltr'><strong>errasse</strong></span> <span class='ocrx_word' id='word_1_174' title='bbox 986 2390 1116 2450; x_wconf 87' lang='lat' dir='ltr'><strong>credant.</strong></span> <span class='ocrx_word' id='word_1_175' title='bbox 1160 2391 1254 2462; x_wconf 84' lang='lat' dir='ltr'><strong>Quum</strong></span> <span class='ocrx_word' id='word_1_176' title='bbox 1276 2407 1346 2449; x_wconf 84' lang='lat' dir='ltr'><strong>vero</strong></span> <span class='ocrx_word' id='word_1_177' title='bbox 1368 2392 1431 2464; x_wconf 86' lang='lat' dir='ltr'><strong>ejus</strong></span> 
     </span>
     <span class='ocr_line' id='line_1_21' title="bbox 219 2491 1430 2554; baseline 0.002 -4"><span class='ocrx_word' id='word_1_178' title='bbox 219 2492 377 2552; x_wconf 70' lang='lat' dir='ltr'><strong>adversari</strong></span> <span class='ocrx_word' id='word_1_179' title='bbox 407 2495 511 2552; x_wconf 86' lang='lat' dir='ltr'><strong>crassis</strong></span> <span class='ocrx_word' id='word_1_180' title='bbox 540 2495 604 2552; x_wconf 89' lang='lat' dir='ltr'><strong>istis</strong></span> <span class='ocrx_word' id='word_1_181' title='bbox 636 2495 789 2552; x_wconf 83' lang='lat' dir='ltr'><strong>sententiis</strong></span> <span class='ocrx_word' id='word_1_182' title='bbox 819 2495 960 2552; x_wconf 86' lang='lat' dir='ltr'><strong>acerrime</strong></span> <span class='ocrx_word' id='word_1_183' title='bbox 985 2491 1112 2554; x_wconf 85' lang='lat' dir='ltr'><strong>delensis</strong></span> <span class='ocrx_word' id='word_1_184' title='bbox 1141 2510 1257 2553; x_wconf 90' lang='lat' dir='ltr'><strong>errores</strong></span> <span class='ocrx_word' id='word_1_185' title='bbox 1286 2493 1430 2553; x_wconf 83' lang='lat' dir='ltr'><strong>erroribus</strong></span> 
     </span>
     <span class='ocr_line' id='line_1_22' title="bbox 219 2594 1430 2671; baseline 0.002 -18"><span class='ocrx_word' id='word_1_186' title='bbox 219 2594 324 2654; x_wconf 83' lang='lat' dir='ltr'><strong>fulcire</strong></span> <span class='ocrx_word' id='word_1_187' title='bbox 348 2597 526 2671; x_wconf 89' lang='lat' dir='ltr'><strong>niterentur,</strong></span> <span class='ocrx_word' id='word_1_188' title='bbox 556 2596 594 2655; x_wconf 89' lang='lat' dir='ltr'><strong>ad</strong></span> <span class='ocrx_word' id='word_1_189' title='bbox 621 2598 767 2670; x_wconf 83' lang='lat' dir='ltr'><strong>longiores</strong></span> <span class='ocrx_word' id='word_1_190' title='bbox 795 2615 912 2671; x_wconf 89' lang='lat' dir='ltr'><strong>semper</strong></span> <span class='ocrx_word' id='word_1_191' title='bbox 939 2597 1012 2657; x_wconf 89' lang='lat' dir='ltr'><strong>fines</strong></span> <span class='ocrx_word' id='word_1_192' title='bbox 1039 2599 1236 2658; x_wconf 87' lang='lat' dir='ltr'><strong>controversia</strong></span> <span class='ocrx_word' id='word_1_193' title='bbox 1257 2603 1345 2671; x_wconf 81' lang='lat' dir='ltr'><strong>atque</strong></span> <span class='ocrx_word' id='word_1_194' title='bbox 1367 2598 1430 2656; x_wconf 85' lang='lat' dir='ltr'><strong>seri</strong></span> 
     </span>
     <span class='ocr_line' id='line_1_23' title="bbox 219 2697 1431 2784; baseline 0.002 -26"><span class='ocrx_word' id='word_1_195' title='bbox 219 2703 252 2758; x_wconf 89' lang='lat' dir='ltr'><strong>et</strong></span> <span class='ocrx_word' id='word_1_196' title='bbox 282 2697 347 2758; x_wconf 80' lang='lat' dir='ltr'><strong>falsi</strong></span> <span class='ocrx_word' id='word_1_197' title='bbox 377 2700 553 2784; x_wconf 87' lang='lat' dir='ltr'><strong>dijudicatio</strong></span> <span class='ocrx_word' id='word_1_198' title='bbox 573 2706 705 2774; x_wconf 89' lang='lat' dir='ltr'><strong>promota</strong></span> <span class='ocrx_word' id='word_1_199' title='bbox 727 2708 780 2760; x_wconf 87' lang='lat' dir='ltr'><strong>est</strong></span> <span class='ocrx_word' id='word_1_200' title='bbox 824 2702 943 2776; x_wconf 84' lang='lat' dir='ltr'><strong>,Velim,</strong></span> <span class='ocrx_word' id='word_1_201' title='bbox 973 2701 1084 2776; x_wconf 92' lang='lat' dir='ltr'><strong>nolim‘,</strong></span> <span class='ocrx_word' id='word_1_202' title='bbox 1114 2702 1208 2775; x_wconf 89' lang='lat' dir='ltr'><strong>inquit</strong></span> <span class='ocrx_word' id='word_1_203' title='bbox 1231 2702 1379 2761; x_wconf 88' lang='lat' dir='ltr'><strong>Lutherus</strong></span> <span class='ocrx_word' id='word_1_204' title='bbox 1400 2702 1431 2760; x_wconf 92' lang='lat' dir='ltr'><strong>iu</strong></span> 
     </span>
     <span class='ocr_line' id='line_1_24' title="bbox 219 2802 1431 2881; baseline 0.002 -20"><span class='ocrx_word' id='word_1_205' title='bbox 219 2802 314 2863; x_wconf 84' lang='lat' dir='ltr'><strong>fronte</strong></span> <span class='ocrx_word' id='word_1_206' title='bbox 342 2802 434 2862; x_wconf 91' lang='lat' dir='ltr'><strong>libelli</strong></span> <span class='ocrx_word' id='word_1_207' title='bbox 462 2803 499 2863; x_wconf 92' lang='lat' dir='ltr'><strong>de</strong></span> <span class='ocrx_word' id='word_1_208' title='bbox 523 2805 690 2877; x_wconf 85' lang='lat' dir='ltr'><strong>captivitate</strong></span> <span class='ocrx_word' id='word_1_209' title='bbox 712 2805 905 2881; x_wconf 86' lang='lat' dir='ltr'><strong>Babylonica,</strong></span> <span class='ocrx_word' id='word_1_210' title='bbox 934 2822 1035 2881; x_wconf 83' lang='lat' dir='ltr'><strong>,cogor</strong></span> <span class='ocrx_word' id='word_1_211' title='bbox 1058 2807 1089 2863; x_wconf 94' lang='lat' dir='ltr'><strong>in</strong></span> <span class='ocrx_word' id='word_1_212' title='bbox 1111 2805 1175 2865; x_wconf 92' lang='lat' dir='ltr'><strong>dies</strong></span> <span class='ocrx_word' id='word_1_213' title='bbox 1198 2804 1338 2864; x_wconf 87' lang='lat' dir='ltr'><strong>eruditior</strong></span> <span class='ocrx_word' id='word_1_214' title='bbox 1358 2803 1431 2878; x_wconf 89' lang='lat' dir='ltr'><strong>fieri,</strong></span> 
     </span>
     <span class='ocr_line' id='line_1_25' title="bbox 219 2908 1432 2996; baseline 0 -30"><span class='ocrx_word' id='word_1_215' title='bbox 219 2912 264 2966; x_wconf 90' lang='lat' dir='ltr'><strong>tot</strong></span> <span class='ocrx_word' id='word_1_216' title='bbox 286 2909 431 2981; x_wconf 87' lang='lat' dir='ltr'><strong>tantisque</strong></span> <span class='ocrx_word' id='word_1_217' title='bbox 452 2909 598 2996; x_wconf 72' lang='lat' dir='ltr'><strong>magistris</strong></span> <span class='ocrx_word' id='word_1_218' title='bbox 621 2910 756 2968; x_wconf 75' lang='lat' dir='ltr'><strong>certatim</strong></span> <span class='ocrx_word' id='word_1_219' title='bbox 778 2925 825 2968; x_wconf 89' lang='lat' dir='ltr'><strong>me</strong></span> <span class='ocrx_word' id='word_1_220' title='bbox 842 2909 1011 2983; x_wconf 82' lang='lat' dir='ltr'><strong>urgentibus</strong></span> <span class='ocrx_word' id='word_1_221' title='bbox 1026 2915 1056 2968; x_wconf 88' lang='lat' dir='ltr'><strong>et</strong></span> <span class='ocrx_word' id='word_1_222' title='bbox 1073 2908 1297 2968; x_wconf 64' lang='lat' dir='ltr'><strong>exercentibus!</strong></span> <span class='ocrx_word' id='word_1_223' title='bbox 1330 2908 1432 2981; x_wconf 85' lang='lat' dir='ltr'><strong>Neque</strong></span> 
     </span>
     <span class='ocr_line' id='line_1_26' title="bbox 220 3011 1433 3088; baseline 0 -18"><span class='ocrx_word' id='word_1_224' title='bbox 220 3017 317 3070; x_wconf 68' lang='lat' dir='ltr'><strong>umen</strong></span> <span class='ocrx_word' id='word_1_225' title='bbox 348 3011 412 3071; x_wconf 90' lang='lat' dir='ltr'><strong>sine</strong></span> <span class='ocrx_word' id='word_1_226' title='bbox 443 3014 531 3072; x_wconf 87' lang='lat' dir='ltr'><strong>animi</strong></span> <span class='ocrx_word' id='word_1_227' title='bbox 561 3011 754 3072; x_wconf 87' lang='lat' dir='ltr'><strong>haesitatione</strong></span> <span class='ocrx_word' id='word_1_228' title='bbox 787 3029 822 3072; x_wconf 94' lang='lat' dir='ltr'><strong>ac</strong></span> <span class='ocrx_word' id='word_1_229' title='bbox 844 3015 1036 3088; x_wconf 78' lang='lat' dir='ltr'><strong>repugnantia</strong></span> <span class='ocrx_word' id='word_1_230' title='bbox 1058 3029 1185 3086; x_wconf 85' lang='lat' dir='ltr'><strong>eousque</strong></span> <span class='ocrx_word' id='word_1_231' title='bbox 1206 3012 1346 3086; x_wconf 87' lang='lat' dir='ltr'><strong>paulatim</strong></span> <span class='ocrx_word' id='word_1_232' title='bbox 1368 3027 1433 3085; x_wconf 93' lang='lat' dir='ltr'><strong>pro-</strong></span> 
     </span>
     <span class='ocr_line' id='line_1_27' title="bbox 220 3117 1432 3192; baseline 0.001 -19"><span class='ocrx_word' id='word_1_233' title='bbox 220 3121 321 3176; x_wconf 84' lang='lat' dir='ltr'><strong>vectus</strong></span> <span class='ocrx_word' id='word_1_234' title='bbox 344 3123 397 3176; x_wconf 92' lang='lat' dir='ltr'><strong>est.</strong></span> <span class='ocrx_word' id='word_1_235' title='bbox 442 3117 553 3176; x_wconf 86' lang='lat' dir='ltr'><strong>lnvitns</strong></span> <span class='ocrx_word' id='word_1_236' title='bbox 581 3119 704 3190; x_wconf 88' lang='lat' dir='ltr'><strong>primum</strong></span> <span class='ocrx_word' id='word_1_237' title='bbox 731 3119 762 3175; x_wconf 94' lang='lat' dir='ltr'><strong>in</strong></span> <span class='ocrx_word' id='word_1_238' title='bbox 785 3118 911 3177; x_wconf 88' lang='lat' dir='ltr'><strong>ecclesia</strong></span> <span class='ocrx_word' id='word_1_239' title='bbox 932 3117 998 3192; x_wconf 92' lang='lat' dir='ltr'><strong>illa,</strong></span> <span class='ocrx_word' id='word_1_240' title='bbox 1026 3133 1113 3190; x_wconf 89' lang='lat' dir='ltr'><strong>quam</strong></span> <span class='ocrx_word' id='word_1_241' title='bbox 1136 3123 1218 3175; x_wconf 86' lang='lat' dir='ltr'><strong>tauta</strong></span> <span class='ocrx_word' id='word_1_242' title='bbox 1239 3119 1350 3189; x_wconf 88' lang='lat' dir='ltr'><strong>pietate</strong></span> <span class='ocrx_word' id='word_1_243' title='bbox 1372 3131 1432 3174; x_wconf 87' lang='lat' dir='ltr'><strong>aur·</strong></span> 
     </span>
     <span class='ocr_line' id='line_1_28' title="bbox 219 3219 1433 3296; baseline 0.001 -19"><span class='ocrx_word' id='word_1_244' title='bbox 219 3221 414 3295; x_wconf 87' lang='lat' dir='ltr'><strong>plectebatur,</strong></span> <span class='ocrx_word' id='word_1_245' title='bbox 435 3223 541 3281; x_wconf 83' lang='lat' dir='ltr'><strong>insitus</strong></span> <span class='ocrx_word' id='word_1_246' title='bbox 563 3223 593 3280; x_wconf 93' lang='lat' dir='ltr'><strong>in</strong></span> <span class='ocrx_word' id='word_1_247' title='bbox 616 3225 660 3280; x_wconf 90' lang='lat' dir='ltr'><strong>tot</strong></span> <span class='ocrx_word' id='word_1_248' title='bbox 680 3222 920 3294; x_wconf 78' lang='lat' dir='ltr'><strong>praeclarissimis</strong></span> <span class='ocrx_word' id='word_1_249' title='bbox 941 3221 1166 3296; x_wconf 86' lang='lat' dir='ltr'><strong>praeteritorum</strong></span> <span class='ocrx_word' id='word_1_250' title='bbox 1186 3221 1350 3279; x_wconf 89' lang='lat' dir='ltr'><strong>seculorum</strong></span> <span class='ocrx_word' id='word_1_251' title='bbox 1363 3219 1433 3278; x_wconf 85' lang='lat' dir='ltr'><strong>viris</strong></span> 
     </span>
     <span class='ocr_line' id='line_1_29' title="bbox 222 3324 1433 3398; baseline -0.001 -17"><span class='ocrx_word' id='word_1_252' title='bbox 222 3339 259 3381; x_wconf 85' lang='lat' dir='ltr'><strong>ea</strong></span> <span class='ocrx_word' id='word_1_253' title='bbox 280 3324 462 3397; x_wconf 84' lang='lat' dir='ltr'><strong>introspexit,</strong></span> <span class='ocrx_word' id='word_1_254' title='bbox 485 3341 560 3398; x_wconf 87' lang='lat' dir='ltr'><strong>quae</strong></span> <span class='ocrx_word' id='word_1_255' title='bbox 583 3343 648 3384; x_wconf 92' lang='lat' dir='ltr'><strong>cum</strong></span> <span class='ocrx_word' id='word_1_256' title='bbox 670 3325 788 3384; x_wconf 89' lang='lat' dir='ltr'><strong>disertis</strong></span> <span class='ocrx_word' id='word_1_257' title='bbox 807 3324 914 3384; x_wconf 88' lang='lat' dir='ltr'><strong>(lhristi</strong></span> <span class='ocrx_word' id='word_1_258' title='bbox 937 3332 968 3384; x_wconf 91' lang='lat' dir='ltr'><strong>et</strong></span> <span class='ocrx_word' id='word_1_259' title='bbox 989 3325 1185 3397; x_wconf 91' lang='lat' dir='ltr'><strong>apostolorum</strong></span> <span class='ocrx_word' id='word_1_260' title='bbox 1207 3324 1303 3382; x_wconf 86' lang='lat' dir='ltr'><strong>verbis</strong></span> <span class='ocrx_word' id='word_1_261' title='bbox 1325 3339 1433 3396; x_wconf 79' lang='lat' dir='ltr'><strong>pugna·</strong></span> 
     </span>
     <span class='ocr_line' id='line_1_30' title="bbox 221 3427 1432 3503; baseline 0.002 -21"><span class='ocrx_word' id='word_1_262' title='bbox 221 3431 295 3484; x_wconf 88' lang='lat' dir='ltr'><strong>rent</strong></span> <span class='ocrx_word' id='word_1_263' title='bbox 333 3428 463 3500; x_wconf 87' lang='lat' dir='ltr'><strong>Horruit,</strong></span> <span class='ocrx_word' id='word_1_264' title='bbox 486 3433 519 3486; x_wconf 93' lang='lat' dir='ltr'><strong>ut</strong></span> <span class='ocrx_word' id='word_1_265' title='bbox 532 3428 682 3501; x_wconf 88' lang='lat' dir='ltr'><strong>Spalatino</strong></span> <span class='ocrx_word' id='word_1_266' title='bbox 705 3427 820 3503; x_wconf 90' lang='lat' dir='ltr'><strong>scribit,</strong></span> <span class='ocrx_word' id='word_1_267' title='bbox 842 3429 893 3487; x_wconf 94' lang='lat' dir='ltr'><strong>uhi</strong></span> <span class='ocrx_word' id='word_1_268' title='bbox 915 3429 1162 3487; x_wconf 80' lang='lat' dir='ltr'><strong>antichristianum</strong></span> <span class='ocrx_word' id='word_1_269' title='bbox 1183 3428 1271 3487; x_wconf 88' lang='lat' dir='ltr'><strong>totius</strong></span> <span class='ocrx_word' id='word_1_270' title='bbox 1285 3427 1432 3486; x_wconf 87' lang='lat' dir='ltr'><strong>Romanae</strong></span> 
     </span>
     <span class='ocr_line' id='line_1_31' title="bbox 223 3519 1433 3608; baseline 0.003 -22"><span class='ocrx_word' id='word_1_271' title='bbox 223 3530 322 3590; x_wconf 87' lang='lat' dir='ltr'><strong>curiae</strong></span> <span class='ocrx_word' id='word_1_272' title='bbox 351 3519 476 3590; x_wconf 89' lang='lat' dir='ltr'><strong>indolem</strong></span> <span class='ocrx_word' id='word_1_273' title='bbox 497 3531 628 3608; x_wconf 81' lang='lat' dir='ltr'><strong>divinare</strong></span> <span class='ocrx_word' id='word_1_274' title='bbox 650 3533 767 3605; x_wconf 87' lang='lat' dir='ltr'><strong>incepit</strong></span> <span class='ocrx_word' id='word_1_275' title='bbox 813 3530 900 3605; x_wconf 82' lang='lat' dir='ltr'><strong>Cujus</strong></span> <span class='ocrx_word' id='word_1_276' title='bbox 922 3539 981 3592; x_wconf 88' lang='lat' dir='ltr'><strong>tam</strong></span> <span class='ocrx_word' id='word_1_277' title='bbox 1004 3533 1111 3591; x_wconf 81' lang='lat' dir='ltr'><strong>inuicto</strong></span> <span class='ocrx_word' id='word_1_278' title='bbox 1133 3531 1280 3604; x_wconf 88' lang='lat' dir='ltr'><strong>hucusque</strong></span> <span class='ocrx_word' id='word_1_279' title='bbox 1303 3531 1433 3604; x_wconf 87' lang='lat' dir='ltr'><strong>imperio,</strong></span> 
     </span>
     <span class='ocr_line' id='line_1_32' title="bbox 223 3633 1433 3710; baseline 0 -18"><span class='ocrx_word' id='word_1_280' title='bbox 223 3649 242 3692; x_wconf 90' lang='lat' dir='ltr'><strong>a</strong></span> <span class='ocrx_word' id='word_1_281' title='bbox 264 3637 308 3692; x_wconf 90' lang='lat' dir='ltr'><strong>tot</strong></span> <span class='ocrx_word' id='word_1_282' title='bbox 326 3633 424 3692; x_wconf 91' lang='lat' dir='ltr'><strong>muudi</strong></span> <span class='ocrx_word' id='word_1_283' title='bbox 446 3635 614 3707; x_wconf 86' lang='lat' dir='ltr'><strong>proceribus</strong></span> <span class='ocrx_word' id='word_1_284' title='bbox 636 3641 809 3706; x_wconf 84' lang='lat' dir='ltr'><strong>sustentato,</strong></span> <span class='ocrx_word' id='word_1_285' title='bbox 833 3637 858 3694; x_wconf 91' lang='lat' dir='ltr'><strong>si</strong></span> <span class='ocrx_word' id='word_1_286' title='bbox 881 3636 958 3696; x_wconf 91' lang='lat' dir='ltr'><strong>solus</strong></span> <span class='ocrx_word' id='word_1_287' title='bbox 975 3637 1039 3710; x_wconf 91' lang='lat' dir='ltr'><strong>ipse</strong></span> <span class='ocrx_word' id='word_1_288' title='bbox 1054 3635 1163 3695; x_wconf 92' lang='lat' dir='ltr'><strong>bellum</strong></span> <span class='ocrx_word' id='word_1_289' title='bbox 1177 3633 1287 3696; x_wconf 80' lang='lat' dir='ltr'><strong>inferre</strong></span> <span class='ocrx_word' id='word_1_290' title='bbox 1302 3634 1433 3707; x_wconf 77' lang='lat' dir='ltr'><strong>auderet,</strong></span> 
     </span>
     <span class='ocr_line' id='line_1_33' title="bbox 222 3738 1433 3814; baseline -0.001 -16"><span class='ocrx_word' id='word_1_291' title='bbox 222 3738 361 3798; x_wconf 87' lang='lat' dir='ltr'><strong>ridiculus</strong></span> <span class='ocrx_word' id='word_1_292' title='bbox 380 3753 475 3812; x_wconf 88' lang='lat' dir='ltr'><strong>paene</strong></span> <span class='ocrx_word' id='word_1_293' title='bbox 498 3754 563 3798; x_wconf 88' lang='lat' dir='ltr'><strong>esse</strong></span> <span class='ocrx_word' id='word_1_294' title='bbox 586 3738 642 3798; x_wconf 90' lang='lat' dir='ltr'><strong>sibi</strong></span> <span class='ocrx_word' id='word_1_295' title='bbox 664 3739 825 3799; x_wconf 86' lang='lat' dir='ltr'><strong>ridebatur.</strong></span> <span class='ocrx_word' id='word_1_296' title='bbox 869 3740 1031 3813; x_wconf 73' lang='lat' dir='ltr'><strong>aliquoties</strong></span> <span class='ocrx_word' id='word_1_297' title='bbox 1053 3755 1163 3798; x_wconf 91' lang='lat' dir='ltr'><strong>summo</strong></span> <span class='ocrx_word' id='word_1_298' title='bbox 1178 3745 1298 3814; x_wconf 90' lang='lat' dir='ltr'><strong>propter</strong></span> <span class='ocrx_word' id='word_1_299' title='bbox 1311 3738 1433 3798; x_wconf 89' lang='lat' dir='ltr'><strong>eandem</strong></span> 
     </span>
    </p>
   </div>
   <div class='ocr_carea' id='block_1_3' title="bbox 74 3841 1434 3918">
    <p class='ocr_par' dir='ltr' id='par_1_3' title="bbox 74 3841 1434 3918">
     <span class='ocr_line' id='line_1_34' title="bbox 74 3841 1434 3918; baseline -0.002 -16"><span class='ocrx_word' id='word_1_300' title='bbox 74 3887 77 3894; x_wconf 85' lang='lat'>.</span> <span class='ocrx_word' id='word_1_301' title='bbox 178 3867 179 3870; x_wconf 41' lang='lat'>¹</span> <span class='ocrx_word' id='word_1_302' title='bbox 222 3843 408 3902; x_wconf 90' lang='lat' dir='ltr'><strong>solitudinem</strong></span> <span class='ocrx_word' id='word_1_303' title='bbox 430 3842 531 3902; x_wconf 90' lang='lat' dir='ltr'><strong>dolore</strong></span> <span class='ocrx_word' id='word_1_304' title='bbox 553 3841 674 3902; x_wconf 80' lang='lat' dir='ltr'><strong>affectus</strong></span> <span class='ocrx_word' id='word_1_305' title='bbox 697 3849 749 3903; x_wconf 73' lang='lat' dir='ltr'><strong>est,</strong></span> <span class='ocrx_word' id='word_1_306' title='bbox 794 3843 981 3918; x_wconf 88' lang='lat' dir='ltr'><strong>Saepissime,</strong></span> <span class='ocrx_word' id='word_1_307' title='bbox 1004 3843 1053 3902; x_wconf 93' lang='lat' dir='ltr'><strong>ubi</strong></span> <span class='ocrx_word' id='word_1_308' title='bbox 1076 3845 1143 3902; x_wconf 85' lang='lat' dir='ltr'><strong>uovi</strong></span> <span class='ocrx_word' id='word_1_309' title='bbox 1158 3842 1268 3917; x_wconf 92' lang='lat' dir='ltr'><strong>aliquid</strong></span> <span class='ocrx_word' id='word_1_310' title='bbox 1284 3843 1434 3916; x_wconf 80' lang='lat' dir='ltr'><strong>evangelio</strong></span> 
     </span>
    </p>
   </div>
   <div class='ocr_carea' id='block_1_4' title="bbox 222 3945 1438 4450">
    <p class='ocr_par' dir='ltr' id='par_1_4' title="bbox 222 3945 1438 4450">
     <span class='ocr_line' id='line_1_35' title="bbox 222 3945 1434 4035; baseline -0.002 -29"><span class='ocrx_word' id='word_1_311' title='bbox 222 3965 386 4023; x_wconf 80' lang='lat' dir='ltr'><strong>repugnans</strong></span> <span class='ocrx_word' id='word_1_312' title='bbox 409 3953 440 4006; x_wconf 88' lang='lat' dir='ltr'><strong>et</strong></span> <span class='ocrx_word' id='word_1_313' title='bbox 458 3947 636 4006; x_wconf 89' lang='lat' dir='ltr'><strong>contrarium</strong></span> <span class='ocrx_word' id='word_1_314' title='bbox 659 3949 690 4006; x_wconf 92' lang='lat' dir='ltr'><strong>iu</strong></span> <span class='ocrx_word' id='word_1_315' title='bbox 704 3945 920 4035; x_wconf 78' lang='lat' dir='ltr'><strong>¹l&#39;outificiorum</strong></span> <span class='ocrx_word' id='word_1_316' title='bbox 942 3947 1073 4006; x_wconf 86' lang='lat' dir='ltr'><strong>doctrina</strong></span> <span class='ocrx_word' id='word_1_317' title='bbox 1096 3953 1127 4005; x_wconf 86' lang='lat' dir='ltr'><strong>et</strong></span> <span class='ocrx_word' id='word_1_318' title='bbox 1147 3947 1275 4006; x_wconf 85' lang='lat' dir='ltr'><strong>moribus</strong></span> <span class='ocrx_word' id='word_1_319' title='bbox 1290 3945 1434 4006; x_wconf 86' lang='lat' dir='ltr'><strong>invenisse</strong></span> 
     </span>
     <span class='ocr_line' id='line_1_36' title="bbox 222 4049 1434 4126; baseline 0 -18"><span class='ocrx_word' id='word_1_320' title='bbox 222 4051 278 4109; x_wconf 91' lang='lat' dir='ltr'><strong>sibi</strong></span> <span class='ocrx_word' id='word_1_321' title='bbox 299 4053 377 4111; x_wconf 82' lang='lat' dir='ltr'><strong>risus</strong></span> <span class='ocrx_word' id='word_1_322' title='bbox 400 4058 479 4126; x_wconf 88' lang='lat' dir='ltr'><strong>erat,</strong></span> <span class='ocrx_word' id='word_1_323' title='bbox 508 4067 567 4110; x_wconf 89' lang='lat' dir='ltr'><strong>nou</strong></span> <span class='ocrx_word' id='word_1_324' title='bbox 589 4051 673 4110; x_wconf 90' lang='lat' dir='ltr'><strong>modo</strong></span> <span class='ocrx_word' id='word_1_325' title='bbox 696 4050 733 4110; x_wconf 91' lang='lat' dir='ltr'><strong>de</strong></span> <span class='ocrx_word' id='word_1_326' title='bbox 756 4051 984 4112; x_wconf 90' lang='lat' dir='ltr'><strong>dubitationibus</strong></span> <span class='ocrx_word' id='word_1_327' title='bbox 1008 4052 1082 4126; x_wconf 88' lang='lat' dir='ltr'><strong>suis,</strong></span> <span class='ocrx_word' id='word_1_328' title='bbox 1109 4068 1208 4110; x_wconf 83' lang='lat' dir='ltr'><strong>rerum</strong></span> <span class='ocrx_word' id='word_1_329' title='bbox 1231 4052 1320 4110; x_wconf 87' lang='lat' dir='ltr'><strong>etiam</strong></span> <span class='ocrx_word' id='word_1_330' title='bbox 1342 4049 1379 4108; x_wconf 88' lang='lat' dir='ltr'><strong>de</strong></span> <span class='ocrx_word' id='word_1_331' title='bbox 1403 4065 1434 4108; x_wconf 90' lang='lat' dir='ltr'><strong>se</strong></span> 
     </span>
     <span class='ocr_line' id='line_1_37' title="bbox 223 4138 1435 4230; baseline 0 -18"><span class='ocrx_word' id='word_1_332' title='bbox 223 4138 287 4226; x_wconf 83' lang='lat' dir='ltr'><strong>ipso</strong></span> <span class='ocrx_word' id='word_1_333' title='bbox 309 4155 458 4214; x_wconf 86' lang='lat' dir='ltr'><strong>dubitavit.</strong></span> <span class='ocrx_word' id='word_1_334' title='bbox 503 4155 609 4228; x_wconf 87' lang='lat' dir='ltr'><strong>‚Vide‘‚</strong></span> <span class='ocrx_word' id='word_1_335' title='bbox 639 4157 746 4229; x_wconf 85' lang='lat' dir='ltr'><strong>inquit,</strong></span> <span class='ocrx_word' id='word_1_336' title='bbox 780 4159 823 4230; x_wconf 91' lang='lat' dir='ltr'><strong>,in</strong></span> <span class='ocrx_word' id='word_1_337' title='bbox 841 4173 906 4215; x_wconf 90' lang='lat' dir='ltr'><strong>mec</strong></span> <span class='ocrx_word' id='word_1_338' title='bbox 923 4173 1005 4228; x_wconf 90' lang='lat' dir='ltr'><strong>casu,</strong></span> <span class='ocrx_word' id='word_1_339' title='bbox 1028 4171 1114 4228; x_wconf 87' lang='lat' dir='ltr'><strong>quam</strong></span> <span class='ocrx_word' id='word_1_340' title='bbox 1128 4153 1247 4215; x_wconf 87' lang='lat' dir='ltr'><strong>difficile</strong></span> <span class='ocrx_word' id='word_1_341' title='bbox 1263 4156 1301 4214; x_wconf 92' lang='lat' dir='ltr'><strong>sit</strong></span> <span class='ocrx_word' id='word_1_342' title='bbox 1314 4153 1435 4214; x_wconf 91' lang='lat' dir='ltr'><strong>eluctari</strong></span> 
     </span>
     <span class='ocr_line' id='line_1_38' title="bbox 224 4258 1435 4333; baseline 0 -17"><span class='ocrx_word' id='word_1_343' title='bbox 224 4264 256 4316; x_wconf 83' lang='lat' dir='ltr'><strong>et</strong></span> <span class='ocrx_word' id='word_1_344' title='bbox 288 4275 439 4333; x_wconf 85' lang='lat' dir='ltr'><strong>emergere</strong></span> <span class='ocrx_word' id='word_1_345' title='bbox 469 4277 505 4320; x_wconf 89' lang='lat' dir='ltr'><strong>ex</strong></span> <span class='ocrx_word' id='word_1_346' title='bbox 529 4259 676 4318; x_wconf 91' lang='lat' dir='ltr'><strong>erroribus</strong></span> <span class='ocrx_word' id='word_1_347' title='bbox 698 4261 787 4319; x_wconf 91' lang='lat' dir='ltr'><strong>totius</strong></span> <span class='ocrx_word' id='word_1_348' title='bbox 809 4261 886 4318; x_wconf 88' lang='lat' dir='ltr'><strong>orbis</strong></span> <span class='ocrx_word' id='word_1_349' title='bbox 910 4261 1041 4332; x_wconf 84' lang='lat' dir='ltr'><strong>exemplo</strong></span> <span class='ocrx_word' id='word_1_350' title='bbox 1063 4258 1184 4318; x_wconf 89' lang='lat' dir='ltr'><strong>firmatis</strong></span> <span class='ocrx_word' id='word_1_351' title='bbox 1207 4265 1238 4318; x_wconf 88' lang='lat' dir='ltr'><strong>et</strong></span> <span class='ocrx_word' id='word_1_352' title='bbox 1261 4259 1348 4333; x_wconf 82' lang='lat' dir='ltr'><strong>longa</strong></span> <span class='ocrx_word' id='word_1_353' title='bbox 1368 4274 1435 4316; x_wconf 90' lang='lat' dir='ltr'><strong>cos-</strong></span> 
     </span>
     <span class='ocr_line' id='line_1_39' title="bbox 224 4361 1438 4450; baseline 0 -28"><span class='ocrx_word' id='word_1_354' title='bbox 224 4363 377 4423; x_wconf 87' lang='lat' dir='ltr'><strong>suetudine</strong></span> <span class='ocrx_word' id='word_1_355' title='bbox 407 4365 486 4422; x_wconf 91' lang='lat' dir='ltr'><strong>velut</strong></span> <span class='ocrx_word' id='word_1_356' title='bbox 514 4365 545 4421; x_wconf 90' lang='lat' dir='ltr'><strong>in</strong></span> <span class='ocrx_word' id='word_1_357' title='bbox 575 4369 709 4422; x_wconf 90' lang='lat' dir='ltr'><strong>naturam</strong></span> <span class='ocrx_word' id='word_1_358' title='bbox 740 4361 897 4422; x_wconf 84' lang='lat' dir='ltr'><strong>mutatis.‘¹</strong></span> <span class='ocrx_word' id='word_1_359' title='bbox 941 4363 976 4426; x_wconf 87' lang='lat' dir='ltr'><strong>lu</strong></span> <span class='ocrx_word' id='word_1_360' title='bbox 998 4364 1150 4448; x_wconf 80' lang='lat' dir='ltr'><strong>permultis</strong></span> <span class='ocrx_word' id='word_1_361' title='bbox 1177 4363 1339 4434; x_wconf 81' lang='lat' dir='ltr'><strong>hominihus</strong></span> <span class='ocrx_word' id='word_1_362' title='bbox 1362 4363 1438 4450; x_wconf 79' lang='lat' dir='ltr'><strong>ojus·</strong></span> 
     </span>
    </p>
   </div>
   <div class='ocr_carea' id='block_1_5' title="bbox 315 4581 714 4640">
    <p class='ocr_par' dir='ltr' id='par_1_5' title="bbox 315 4581 714 4640">
     <span class='ocr_line' id='line_1_40' title="bbox 315 4581 714 4640; baseline -0.01 -8"><span class='ocrx_word' id='word_1_363' title='bbox 315 4585 339 4640; x_wconf 82' lang='lat' dir='ltr'><strong>ll</strong></span> <span class='ocrx_word' id='word_1_364' title='bbox 358 4581 442 4632; x_wconf 82' lang='lat' dir='ltr'><strong>Praei.</strong></span> <span class='ocrx_word' id='word_1_365' title='bbox 461 4581 493 4631; x_wconf 86' lang='lat' dir='ltr'><strong>ad</strong></span> <span class='ocrx_word' id='word_1_366' title='bbox 512 4588 571 4632; x_wconf 89' lang='lat' dir='ltr'><strong>tom.</strong></span> <span class='ocrx_word' id='word_1_367' title='bbox 585 4581 596 4632; x_wconf 90' lang='lat' dir='ltr'><strong>l</strong></span> <span class='ocrx_word' id='word_1_368' title='bbox 612 4581 714 4635; x_wconf 76' lang='lat' dir='ltr'><strong>lenens.</strong></span> 
     </span>
    </p>
   </div>
   <div class='ocr_carea' id='block_1_6' title="bbox 0 0 1595 5056">
    <p class='ocr_par' dir='ltr' id='par_1_6' title="bbox 0 0 1595 5056">
     <span class='ocr_line' id='line_1_41' title="bbox 0 0 1595 5056; baseline 0 0"><span class='ocrx_word' id='word_1_369' title='bbox 0 0 1595 5056; x_wconf 95' lang='lat' dir='ltr'><strong> </strong></span> 
     </span>
    </p>
   </div>
  </div>
 </body>
</html>
