3134 5054
609 297 702 348 Garun
719 297 794 349 xln.
1259 300 1310 354 307

108 511 193 567 donoc
214 510 296 568 rebus
319 511 433 583 pacatis
456 511 577 584 liquebit
598 511 648 570 nbi
670 513 708 571 sit
731 513 868 585 ecclesia,
897 517 983 586 atque
1010 514 1069 571 illio
1092 513 1149 571 erit
1171 512 1308 572 Erasmus

109 614 153 671 nbi
180 614 232 672 erit
262 615 431 690 evangelica
460 611 558 690 pax.‘¹
611 612 672 676 Sed
702 615 733 674 id
763 617 877 676 Erasmi
906 615 1092 676 intortunium
1125 623 1202 688 erat,
1234 615 1309 689 qnod

109 717 179 775 locus
211 719 396 793 tranquillus,
433 736 490 793 quo
526 721 629 778 studiis
665 720 780 779 deditae
820 720 967 785 turbarum
1000 722 1107 778 exitum
1140 727 1308 793 exspectare

106 827 204 894 posset,
232 838 287 879 non
312 821 444 881 dabatur.
489 823 516 882 A
539 823 682 898 bothero,
706 841 793 896 quum
812 824 873 895 jam
895 839 943 882 res
966 823 1178 883 ecclesiasticas
1194 829 1306 882 mutare

107 925 247 998 coepisset,
282 931 314 986 et
344 927 375 984 in
407 927 513 1001 agendi
544 929 658 987 ratione
690 933 721 986 et
748 929 779 985 in
809 927 928 1001 singulis
956 927 1124 1000 quibusdam
1155 928 1309 986 sententiis

106 1029 187 1101 magis
219 1045 306 1101 qnam
343 1035 431 1089 antea
461 1031 645 1090 abhorrebat.
706 1031 898 1090 Nihilominus
928 1033 1015 1090 etiam
1043 1037 1111 1090 tuno
1139 1033 1169 1090 iu
1199 1047 1308 1090 summa

105 1147 189 1190 rernm
210 1149 274 1191 eum
299 1150 334 1192 eo
358 1135 568 1194 consentiebat
614 1136 681 1210 Ipse
704 1135 835 1208 Zvinglio
858 1136 987 1208 scripsit:
1016 1135 1133 1208 ,Videor
1153 1135 1222 1192 mibi
1246 1133 1307 1193 fere

103 1236 190 1294 omnia
211 1235 346 1296 docuisse
369 1255 444 1310 qnae
465 1238 552 1298 docet
566 1239 726 1312 Lntberus,
749 1239 804 1296 uisi
820 1238 896 1311 quod
915 1255 973 1297 non
988 1245 1045 1297 tam
1063 1239 1202 1297 atrociter
1220 1237 1308 1310 quod·

102 1355 153 1410 que
174 1338 298 1398 abstinui
330 1357 348 1398 a
374 1343 544 1414 quibusdam
567 1341 779 1415 aenigmatibus
802 1345 833 1398 et
854 1335 1049 1414 paradoxis.‘¹
1094 1341 1151 1400 Sed
1173 1341 1197 1398 si
1219 1346 1309 1399 totum

102 1442 173 1500 huno
195 1460 380 1520 consensum,
407 1447 478 1506 licet
500 1447 642 1528 acerrime
666 1446 750 1504 simul
773 1445 922 1518 castigatis
945 1461 1019 1517 quae
1047 1445 1076 1502 in
1099 1444 1228 1504 Luthero
1252 1461 1309 1504 uon

100 1547 250 1623 pmbabat,
273 1551 370 1622 palam
392 1551 583 1624 ostendisset,
606 1551 703 1610 statim
727 1549 851 1622 aOuria
873 1565 937 1607 oum
952 1548 1081 1608 Lntbero
1104 1549 1310 1608 condemnatus

99 1657 186 1722 osset,
215 1652 289 1724 quod
319 1653 486 1712 evitandum
514 1655 640 1728 putavit,
670 1654 805 1728 qnoniam
830 1653 968 1726 sperabat
997 1653 1073 1726 lore,
1108 1658 1140 1710 ut
1171 1653 1309 1726 paulatim

97 1752 207 1813 Curiam
236 1755 441 1828 amoventibus
472 1758 651 1832 principibus
688 1757 725 1816 ed
756 1753 937 1816 efficiendam
967 1755 1200 1816 reformationem
1230 1757 1309 1816 illam

98 1865 283 1929 permoveret
324 1861 412 1918 Aliud
435 1877 548 1934 qnoque
571 1867 773 1935 argumentum
795 1859 973 1933 praetexuit,
996 1860 1071 1933 quod
1087 1859 1310 1934 Oecolampadio

98 1959 264 2034 significavit
294 1963 340 2022 his
371 1965 482 2024 verbis:
514 1965 593 2038 ,Non
622 1981 739 2038 possum
765 1963 997 2037 periclitantibus
1021 1971 1050 2022 et
1072 1981 1154 2036 opem
1182 1968 1309 2021 nostram

98 2066 311 2138 implorantibus
348 2069 452 2128 vestris
487 2085 658 2129 succurrere
690 2067 765 2142 apud
795 2065 959 2142 pontificem
993 2073 1044 2126 aut
1074 2067 1247 2140 principem,
1284 2067 1308 2124 si

96 2186 260 2240 persuasum
295 2172 465 2246 habuerint,
500 2189 547 2230 me
580 2179 706 2232 vestrum
740 2172 822 2231 esae‘
883 2169 990 2242 Quibus
1024 2169 1118 2228 verbis
1150 2171 1307 2244 ancipitem

97 2273 181 2332 animi
210 2275 409 2336 condicionem
438 2276 561 2349 prodero
594 2277 688 2350 potius
720 2291 805 2348 quarn
836 2289 974 2334 excusare
1003 2273 1162 2332 videbatur.
1207 2274 1307 2348 Itaque

96 2379 205 2451 singula
231 2385 344 2439 anuum
374 2386 513 2453 tanquam
543 2381 574 2438 in
605 2379 746 2440 ecclesiae
775 2384 853 2438 stato
880 2377 1060 2438 emendanda
1089 2385 1118 2436 et
1140 2395 1158 2437 a
1179 2378 1308 2438 Luthero

93 2483 167 2552 juste
196 2485 305 2543 monita
336 2501 559 2544 commemorare
589 2485 716 2558 solebat,
743 2483 827 2544 modo
861 2499 918 2542 non
941 2483 1003 2542 sine
1033 2482 1155 2543 andacia
1177 2481 1308 2558 quadam,

95 2585 177 2645 modo
197 2589 286 2646 nimia
307 2589 373 2662 illa,
396 2605 481 2662 qnam
505 2590 641 2663 diximus,
664 2589 819 2648 timiditate
844 2593 873 2648 at
896 2589 983 2648 nimio
1004 2589 1083 2662 pacis
1104 2604 1210 2648 amore.

179 2691 331 2752 Neminem
354 2691 448 2766 lugiet
472 2693 594 2752 eandem
619 2693 802 2753 timiditatem
825 2708 941 2752 causam
957 2692 1063 2768 inisse,
1087 2709 1139 2752 cur
1163 2709 1197 2752 ex
1214 2693 1310 2752 altera

93 2801 174 2868 parte
189 2813 262 2869 qnae
278 2798 309 2854 in
324 2797 453 2857 Lntheru
468 2813 525 2857 non
540 2799 728 2872 improbaret,
744 2797 834 2856 fusius
854 2813 998 2872 exponere
1014 2799 1202 2857 recusaverit.
1227 2795 1309 2870 Quod

94 2916 152 2959 non
184 2902 247 2958 sine
282 2915 402 2974 asperso
428 2903 489 2960 sale
520 2919 573 2975 pro
603 2903 773 2961 sinceritate
802 2919 854 2960 sua
874 2899 1035 2960 confitetur.
1080 2901 1310 2962 Levanionsibus

94 3002 291 3076 flagitantibus
321 3010 353 3062 ut
383 3006 450 3064 stilo
470 3007 551 3064 illum
575 3005 760 3079 confoderet,
780 3001 956 3080 ¹respondit,
979 3022 1036 3065 non
1061 3005 1152 3064 videri
1175 3021 1308 3078 aequum,

94 3113 125 3164 ut
158 3108 235 3166 ultro
263 3109 381 3180 negotio
412 3109 635 3183 admisceretur,
669 3111 750 3182 cnjus
781 3110 894 3168 initium
923 3125 993 3168 aso
1016 3125 1072 3168 non
1097 3115 1309 3180 essetecum,

94 3211 184 3286 magis
207 3214 363 3271 convenire
387 3218 420 3271 nt
442 3214 498 3286 ipsi
521 3214 568 3286 qui
590 3212 718 3272 fabulam
740 3214 816 3272 hanc
838 3229 927 3287 agere
948 3213 1109 3286 coepissent
1123 3217 1308 3286 peragerent,

94 3321 126 3373 ut
146 3316 202 3389 ipsi
224 3317 392 3376 mortarium
416 3318 560 3391 alliatmn,
585 3317 661 3390 qnod
684 3318 879 3391 intrivissent,
903 3317 1073 3388 crederent,
1097 3331 1191 3389 neque
1215 3321 1308 3376 tutum

94 3419 148 3477 sibi
171 3435 235 3478 esse
258 3420 374 3479 irritare
398 3423 428 3480 in
451 3427 540 3495 caput
563 3433 644 3480 auum
667 3421 827 3496 hominem,
857 3437 913 3480 neo
936 3421 1116 3492 edentulum,
1143 3437 1199 3480 noc
1221 3421 1307 3482 muti·

94 3523 168 3596 lum,
202 3529 233 3582 et
262 3525 311 3596 qui
341 3525 446 3598 plane,
478 3525 554 3598 quod
584 3524 650 3583 libn'
685 3529 844 3601 testentur,
876 3523 991 3584 foenum
1018 3525 1127 3586 habeat
1158 3525 1188 3585 in
1211 3541 1309 3600 comu,

95 3643 188 3699 raeque
221 3629 380 3686 consultum
415 3629 487 3702 sibi,
521 3633 564 3688 tot
600 3629 761 3703 principum
799 3627 1024 3704 Gennanorum,
1059 3635 1102 3690 tot
1132 3631 1308 3690 eruditorum

94 3731 239 3789 hominnm
272 3731 339 3790 odia
368 3733 399 3790 in
428 3750 459 3792 se
490 3733 552 3792 sine
580 3748 668 3792 eausa
695 3731 890 3794 concitare‘*
936 3733 993 3794 Sed
1016 3735 1198 3794 retinebatur
1225 3733 1309 3792 simul

96 3835 158 3893 aliie
179 3835 274 3894 causis
298 3836 390 3910 iisque
413 3837 613 3898 nobilioribus.
652 3837 799 3898 illiberale
824 3844 854 3895 ot
877 3839 1063 3898 inhumanum
1081 3853 1144 3897 esso
1161 3837 1308 3910 censebat,

96 3941 157 4010 ejus
182 3940 308 3998 maculae
340 3957 531 4014 enumerare,
561 3941 609 3998 cui
639 3957 695 3999 non
727 3941 831 3998 liceret
853 3941 986 4000 memtmn
1009 3940 1124 4000 laudem
1147 3941 1233 4014 pleno
1256 3957 1307 4000 ore

95 4041 230 4102 tribuere.
266 4043 427 4104 Praeterea
450 4046 538 4104 etiam
553 4045 582 4102 in
597 4045 655 4102 illis
671 4043 875 4118 dignoscendis
890 4044 945 4103 eibi
960 4044 1016 4117 ipsi
1032 4061 1089 4103 uon
1104 4041 1179 4118 fidit,
1202 4045 1308 4120 quippe

96 4147 142 4218 qni
175 4147 265 4220 magis
296 4163 383 4220 quam
415 4149 490 4208 ullus
519 4149 683 4222 aequalium
710 4149 908 4222 perspexerit,
938 4165 1024 4221 quam
1056 4149 1196 4208 incertum
1230 4155 1308 4210 osset

96 4249 247 4309 humanum
273 4252 425 4327 judicium,
456 4269 540 4326 quam
571 4252 676 4312 diversi
706 4253 736 4312 in
758 4251 880 4314 diversis
900 4252 987 4311 robus
1010 4251 1197 4326 assequendis
1221 4255 1308 4313 etiam

182 4485 208 4548 1)
227 4487 292 4551 Opp.
312 4487 365 4550 III,
385 4492 443 4538 63³.
573 4485 599 4552 a)
627 4485 658 4534 In
677 4485 789 4552 epistola
808 4501 871 4552 quae
890 4487 984 4553 legitur
1001 4489 1028 4539 in
1047 4487 1137 4538 Hersii
1155 4487 1263 4538 Erasmo
1283 4489 1308 4538 Il

98 4575 227 4633 pbtssas.
334 4573 361 4639 8)
381 4575 448 4640 Epp.
468 4573 531 4636 XV,
551 4577 575 4622 5.

1026 4660 1091 4725 20*
