3134 5054
639 223 729 273 Gerus
748 223 806 274 XV.
1284 223 1334 276 327

138 433 265 492 &semus
285 433 424 494 diversum
447 434 594 494 bominum
618 435 744 496 indolem
765 437 900 512 religiose
924 437 1092 512 dignoscere
1116 439 1220 498 studet.
1281 437 1336 496 Ubi

139 539 233 596 melius
251 538 353 611 aliquid
376 541 406 598 in
432 539 596 598 advmsarlo
627 539 844 615 animadvertit,
874 543 1042 616 plerumque
1068 543 1096 601 id
1119 559 1276 618 agnoscere
1307 547 1337 599 et

137 641 254 714 profiteri
274 659 328 702 non
350 651 474 702 recusat
519 644 684 703 Acerrimos
707 645 877 704 facetiarum
901 648 976 704 sales
993 647 1034 706 ita
1050 654 1214 722 temperare
1232 646 1338 720 studet,

137 754 168 802 ut
188 747 279 805 letalia
299 749 420 806 vulnere
442 765 499 806 non
521 747 636 807 inferat.
681 750 773 808 Nimis
789 749 888 808 odiosa
903 751 1035 826 dicteria,
1058 753 1211 824 quanam,
1232 751 1337 824 episto·

135 850 170 907 lis
190 851 363 910 obscurorum
384 853 524 911 virorum‘
546 869 638 926 acque
663 869 697 912 ec
720 854 864 912 Lutberus
885 856 1127 928 reprehenderet,
1156 857 1218 929 ipse
1239 855 1337 914 evitet

136 954 223 1012 Etiam
233 956 261 1013 iu
271 957 453 1015 saevissimos
464 958 721 1030 injustissimosque
733 975 929 1032 aggressores,
950 961 973 1018 si
985 964 1059 1018 torte
1072 960 1109 1018 ad
1124 966 1237 1033 tempus
1248 959 1337 1018 nimio

134 1059 230 1117 oileum
252 1059 386 1133 abreptus
409 1067 467 1134 est,
490 1077 604 1134 semper
627 1060 690 1120 lere
711 1068 814 1136 postea
837 1063 1012 1136 resipiscens
1031 1065 1124 1136 justus
1152 1079 1216 1122 esse
1241 1063 1338 1121 studet

134 1169 164 1220 et
184 1163 228 1222 ubi
247 1161 309 1222 fieri
330 1169 424 1238 potest
445 1165 482 1222 iis
504 1165 726 1224 reconciliandis
741 1182 859 1240 operam
883 1165 941 1225 dat.
987 1167 1049 1237 Qus
1072 1169 1101 1225 in
1120 1185 1153 1226 re
1175 1185 1241 1226 eum
1258 1170 1337 1241 justo

46 1314 47 1328 .
132 1267 282 1326 molliorem
304 1269 450 1328 interdum
480 1285 511 1327 se
538 1270 708 1342 praebuisse
734 1271 968 1344 memoravimus,
997 1277 1145 1345 promptus
1176 1271 1212 1329 ad
1234 1271 1338 1329 condo

131 1371 234 1430 nandas
261 1373 382 1446 iujurias
411 1374 521 1432 animus
550 1373 635 1432 laude
666 1374 769 1447 dignm
797 1381 849 1434 est
910 1375 1084 1448 ,Nonnihil‘‚
1115 1377 1222 1449 inquit,
1253 1375 1336 1448 ,mibi

128 1475 287 1534 luctandum
317 1475 371 1534 tuit
399 1493 463 1535 cum
494 1479 590 1536 auimo
620 1493 696 1550 mco,
728 1484 760 1536 ut
790 1493 861 1551 erga
885 1495 950 1552 eos,
981 1481 1029 1551 qui
1059 1479 1186 1538 scientes
1207 1479 1337 1537 volentes

129 1577 268 1638 destinata
290 1581 401 1640 malitia
424 1580 495 1639 nihil
516 1582 683 1639 commerito
702 1582 789 1640 immo
812 1582 887 1640 bene
909 1583 1193 1667 meritooblatrent,
1225 1582 1336 1640 obtrec-

128 1689 202 1758 tsut,
226 1691 311 1758 atque
336 1687 424 1744 etiam
447 1687 565 1744 exitium
588 1686 756 1760 moliuntur,
790 1693 917 1745 sumeret
947 1685 1082 1746 allectum
1112 1703 1183 1760 pure
1206 1687 1337 1744 christis·

126 1803 199 1850 num.
254 1791 473 1862 Impetravimus
496 1797 527 1847 et
548 1790 616 1863 hoc,
639 1795 671 1848 ut
693 1807 751 1848 uon
772 1791 863 1849 solum
886 1806 944 1848 non
967 1792 1125 1865 cogitemus
1151 1791 1186 1850 de
1210 1789 1337 1848 vindicta

126 1893 175 1950 sed
196 1910 234 1952 ne
258 1894 333 1952 male
356 1893 472 1966 quidem
494 1895 665 1966 precemur.‘

210 1997 291 2056 Haec
316 2014 373 2056 uon
395 1998 437 2055 ita
458 1996 593 2070 diximus,
624 1998 706 2070 quasi
729 1997 882 2055 Erasmum
914 1997 981 2056 dum
1009 1999 1159 2070 ingeniose
1187 1998 1337 2056 cavillatur

125 2103 183 2160 veri
207 2117 319 2174 osores,
350 2102 482 2160 omuibus
510 2102 640 2160 veritatis
664 2099 765 2160 officiis
794 2101 968 2160 satisfecisse
995 2103 1209 2161 contendemus.
1253 2102 1336 2160 Illam

123 2207 265 2264 rationem
295 2205 466 2280 dimicandi,
495 2207 519 2265 si
548 2221 599 2264 suo
627 2207 690 2264 loco
721 2205 831 2264 eviris
859 2205 956 2278 probis
984 2206 1143 2279 prudenter
1173 2205 1335 2275 adhibetur,

119 2311 184 2382 jure
207 2325 292 2368 nemo
315 2309 478 2384 damnabit;
501 2326 553 2368 sua
576 2310 706 2382 pericula
729 2323 792 2367 eam
817 2309 926 2368 habere
951 2307 1144 2368 confitendum
1165 2315 1217 2365 est.
1256 2308 1336 2366 llaec

122 2413 259 2473 Erasmus
283 2430 339 2472 uon
358 2431 474 2488 semper
493 2413 625 2486 evitavit,
649 2413 760 2471 evitare
783 2419 881 2472 tamen
904 2413 1046 2472 studebat.
1099 2412 1207 2471 lisdem
1231 2413 1336 2484 partim

121 2518 359 2591 amburentur,
387 2519 491 2590 quibos
519 2518 573 2574 viri
605 2517 711 2576 eruditi
738 2516 877 2575 bonarum
906 2517 1010 2576 artium
1033 2531 1131 2574 osores
1159 2517 1189 2574 in
1212 2515 1337 2574 ecclesia

119 2627 330 2696 praepotentes
358 2621 476 2680 eludere
502 2620 675 2695 jampridem
703 2617 940 2680 consueverant¹
994 2621 1056 2692 Qua
1084 2623 1113 2679 in
1144 2637 1175 2678 re
1205 2621 1336 2694 plerique

120 2743 179 2786 non
195 2727 411 2800 superstitiose,
434 2732 467 2784 ut
482 2726 636 2798 dicebant,
659 2741 779 2784 veraces
803 2731 886 2784 erant
908 2727 969 2783 sive
994 2725 1219 2798 ,mendaciolum
1234 2741 1337 2799 usque·

118 2847 235 2904 qusque
256 2847 313 2889 nou
336 2828 594 2888 abominabantur}
649 2829 804 2902 Erasmus,
835 2830 905 2888 licet
928 2830 1025 2887 Attico
1048 2831 1109 2888 sele
1133 2845 1233 2887 omnes
1254 2845 1337 2902 snpe-

119 2937 246 3008 rarerit,
278 2935 409 2994 omnibus
439 2933 502 2993 fere
528 2935 656 2992 severior
686 2939 758 2991 eret.
812 2935 838 2992 A
863 2933 1015 2992 mendacio
1043 2941 1148 2992 natura
1173 2933 1337 3006 abborruit;

120 3041 191 3112 qnid
214 3041 245 3096 in
264 3039 360 3098 indole
384 3041 460 3112 eJ'us,
490 3039 663 3112 praesertim
683 3039 761 3097 inter
780 3043 969 3110 tempestates
993 3045 1024 3096 et
1052 3039 1166 3110 turbas,
1196 3039 1256 3096 veri
1280 3044 1338 3096 stu·

120 3145 169 3202 dio
196 3143 343 3216 offecerit,
374 3142 639 3201 demonstravimus.
700 3141 861 3200 Veritatem
893 3141 1018 3200 nondum
1056 3141 1174 3200 tolerari
1205 3157 1289 3214 posse
1320 3156 1338 3197 a

120 3247 307 3320 mortalibus,
326 3249 405 3321 justo
429 3247 543 3304 facilius
566 3263 601 3305 ac
624 3246 739 3318 saepius
763 3245 879 3319 conjicit
895 3251 925 3302 et
941 3245 1034 3302 sumit.
1078 3244 1215 3304 Teceudo
1239 3251 1338 3304 ternmr

121 3353 217 3425 potius
247 3367 316 3410 vera
342 3349 484 3423 quaedem
514 3351 560 3409 vel
597 3349 723 3425 tegendo
753 3365 838 3422 quam
868 3349 991 3408 diceudo
1025 3349 1188 3420 contraria,
1222 3349 1337 3408 illorum

122 3456 267 3514 debilitati
293 3471 416 3528 parcere
446 3461 575 3538 conetur.
622 3453 662 3513 Et
688 3471 774 3528 quam
801 3455 922 3528 primum
946 3454 983 3512 ed
1005 3453 1164 3527 pleniorem
1185 3455 1337 3512 veritatem

123 3559 215 3618 libere
243 3559 329 3616 immo
360 3557 499 3616 audacter
521 3556 713 3617 confitendam
741 3560 804 3632 ipse
834 3559 998 3618 revertitur.
1056 3558 1105 3616 Sic
1128 3557 1337 3616 conscientiam

123 3664 266 3737 integram
285 3681 317 3722 se
338 3677 470 3722 servasse
492 3664 557 3736 plns
578 3663 667 3722 semel
689 3664 848 3735 praedicat.

209 3767 338 3839 Artium
372 3767 475 3839 quibus
508 3773 629 3840 propter
664 3767 824 3824 sententias
854 3763 994 3822 audacter
1023 3764 1151 3837 prolatas
1183 3762 1339 3820 hacrcroos

123 3872 243 3930 crimina
259 3871 379 3930 eludere
395 3872 506 3943 nititur,
524 3869 657 3942 exempla
672 3869 815 3940 quaedam
831 3867 990 3926 ostendam.
1027 3861 1264 3925 Adversariorum
1278 3865 1340 3937 pla-

122 3991 173 4048 gas
200 3975 231 4032 in
258 3974 451 4034 celeberrima
473 3981 541 4032 tnnc
568 3972 712 4045 colloquia
742 3971 778 4030 eb
801 3987 837 4028 eo
861 3969 939 4028 edita
961 3971 1119 4028 intentatos
1143 3968 1213 4026 setis
1235 3969 1340 4027 leviter

122 4079 245 4152 avertit,
275 4095 362 4152 quum
393 4078 448 4137 sibi
479 4095 536 4137 non
560 4076 776 4150 impingendum
804 4091 868 4134 esso
894 4073 1067 4146 contendit,
1089 4072 1227 4145 quidquid
1259 4071 1340 4130 ibis

123 4199 292 4256 quocunque
315 4183 436 4240 dicatur.
483 4182 572 4256 ,Hoc‚
596 4181 701 4254 inquit,
724 4179 795 4239 dicit
817 4177 978 4252 Gerendus,
997 4194 1055 4236 non
1078 4192 1141 4248 ego.
1193 4177 1258 4234 Non
1280 4176 1340 4233 illic

122 4284 196 4344 facis
219 4285 383 4358 theologum
408 4287 643 4359 concionantem,
673 4284 725 4344 sed
747 4283 839 4343 bellos
867 4283 1055 4341 homunculos
1078 4282 1154 4339 inter
1177 4296 1208 4338 se
1231 4295 1340 4352 nugan-

216 4503 240 4570 1)
259 4503 297 4553 De
315 4501 471 4568 reipublicae
491 4503 632 4554 litterariae
650 4502 793 4568 originibus
812 4517 837 4567 p.
858 4507 889 4552 20
908 4517 927 4552 s.
