3194 5052
260 267 312 320 234
746 269 848 318 Psaurs
866 270 979 320 Palosis

261 483 399 542 Erasmus
416 481 536 542 Caesari
556 483 790 558 principibusque
813 484 936 546 euadere
959 484 1080 561 studuit,
1108 491 1141 545 ut
1162 487 1270 548 bullam
1291 487 1385 563 illam,
1414 506 1476 562 qua

259 585 404 646 Lutherus
432 588 694 648 excommunicatus
725 593 801 663 orat,
835 588 928 648 donee
957 604 1006 648 res
1036 591 1171 665 religiose
1196 592 1361 652 examinata
1384 598 1475 668 esset,

260 690 490 764 suspendendum
513 697 658 751 curarent.
704 692 738 752 ld
759 692 837 750 euim
859 693 952 752 amice
974 693 1186 768 impetrandum
1209 712 1274 756 esse
1297 697 1476 756 existimavit

259 795 453 870 aPoutifice,
482 797 588 870 quippo
617 797 679 875 qui,
708 797 766 856 illis
793 813 858 856 cum
880 798 1047 856 reverentia
1068 800 1252 874 urgentibus,
1281 807 1313 859 ut
1340 799 1474 860 debitum

258 904 397 962 honorem
418 901 497 976 apud
518 906 621 974 gentes
643 907 788 975 servaret,
818 901 973 960 veritatem
995 903 1193 977 evangelicam
1215 910 1245 963 et
1266 920 1370 978 paoem
1392 903 1473 964 orbis

259 1007 408 1068 christiani
430 1023 482 1066 suo
498 1005 558 1078 juri
575 1005 714 1064 canonico
729 1022 787 1064 nou
803 1011 903 1079 posset
918 1022 977 1064 nou
991 1011 1179 1080 anteponere.
1216 1008 1307 1080 Quam
1323 1009 1472 1082 sapienter

259 1112 384 1186 donique
406 1109 545 1170 Erasmus
573 1109 733 1184 monuerit,
763 1127 801 1170 ne
821 1109 1000 1170 Wormatiae
1021 1111 1100 1171 inter
1122 1117 1164 1172 tot
1186 1113 1245 1172 alia
1264 1113 1384 1188 negotia
1403 1129 1473 1186 gra-

258 1217 376 1276 vissima
398 1217 450 1275 illa
472 1230 560 1274 causa
581 1214 676 1274 obiter
696 1219 727 1274 et
743 1214 842 1274 odiose
858 1219 983 1274 tractata
997 1231 1136 1275 novorum
1148 1217 1318 1276 tumultuum
1333 1218 1473 1276 materies

258 1327 423 1396 spargetur,
446 1337 484 1380 ea
505 1335 581 1393 quae
602 1325 704 1394 postea
725 1317 804 1378 facta
825 1323 893 1378 sunt
915 1320 984 1380 satis
1007 1336 1151 1394 superque
1174 1321 1328 1381 illustrant

344 1426 487 1499 Equidem
517 1423 662 1499 prolecto,
689 1441 744 1498 quo
766 1423 881 1496 saepius
901 1423 1039 1496 iudicium
1061 1423 1133 1483 illud
1159 1425 1287 1498 perlegi,
1316 1442 1351 1484 eo
1378 1426 1471 1498 magis
1580 1489 1581 1518 ,

258 1531 407 1604 scriptoris
443 1530 651 1590 nobilissimum
681 1534 712 1588 et
740 1528 867 1588 animum
899 1534 930 1588 et
958 1529 1107 1603 ingenium
1135 1529 1307 1588 admiratum
1330 1545 1377 1590 me
1407 1547 1472 1590 cese

142 1674 145 1678 -
257 1635 361 1696 fateor.
405 1635 508 1707 Neque
538 1649 604 1692 cum
629 1635 753 1708 majora,
781 1648 869 1707 quam
897 1649 972 1706 quae
1002 1635 1061 1692 ullo
1089 1633 1172 1692 modo
1200 1631 1277 1692 elfioi
1299 1635 1472 1708 potuissent,

258 1740 390 1798 molitum
410 1755 474 1798 esse
492 1737 624 1798 dixerim
669 1738 812 1796 Nimimm
833 1739 864 1796 in
887 1738 1009 1798 comitiis
1030 1737 1291 1798 Wormatieusibus
1315 1744 1346 1797 et
1364 1740 1472 1798 multas

257 1860 306 1903 res
327 1849 358 1904 et
379 1843 483 1902 multos
506 1842 639 1916 egregios
661 1841 738 1900 viros
761 1841 813 1900 tali
836 1842 980 1901 eeclesiae
1001 1839 1214 1916 reformationi,
1245 1843 1337 1915 queue
1354 1842 1470 1917 jamdiu

257 1949 424 2009 desiderata
447 1951 523 2020 erat,
547 1944 697 2006 admodum
719 1943 824 2005 lavime
846 1961 933 2019 supra
947 1945 1095 2004 vidimus·
1118 1945 1210 2018 Quam
1226 1945 1471 2006 reformationem

257 2053 307 2127 qui
329 2053 390 2111 illic
412 2051 602 2125 expetebant,
624 2051 714 2110 multo
736 2051 801 2124 plus
819 2050 944 2110 fortasse
963 2049 1133 2124 valuissent,
1156 2049 1335 2110 siErasmus
1353 2051 1471 2124 sapien-

256 2159 369 2217 tissima
387 2157 440 2216 illa
461 2155 595 2228 consilia,
614 2170 689 2228 quae
712 2155 818 2214 absens
840 2155 903 2216 siue
925 2154 1042 2212 nomine
1063 2153 1155 2228 misit,
1176 2170 1317 2227 praecem
1329 2155 1470 2230 dedisset,

257 2263 442 2336 explicasset,
465 2260 648 2320 vindicasset.
693 2260 738 2319 Ne
763 2259 794 2318 id
815 2257 932 2331 quidem
954 2273 1075 2318 necesse
1093 2263 1173 2334 erat,
1196 2263 1229 2318 ut
1243 2275 1341 2319 eoram
1355 2275 1468 2318 summo
1582 2269 1583 2288 ¹

257 2383 292 2426 ac
321 2363 553 2439 splendidissimo
586 2365 704 2438 Imperii
738 2369 895 2438 conventu,
929 2363 1063 2422 similiter
1094 2369 1182 2436 etque
1213 2363 1371 2438 Lutberus,
1403 2365 1468 2438 ipse

256 2471 431 2542 loqueretur.
476 2468 540 2527 Hoc
570 2483 622 2540 pro
651 2465 748 2527 indole
779 2484 832 2527 aua
862 2474 893 2527 et
920 2467 1093 2526 valetudinis
1121 2467 1288 2528 infirmitate
1315 2473 1468 2542 praestare

256 2571 379 2632 fortasse
411 2571 490 2630 nullo
524 2571 608 2630 modo
639 2575 765 2644 poterat.
820 2571 943 2646 Magnas
974 2577 1072 2632 tamen
1100 2589 1148 2632 res
1177 2588 1320 2647 peragere
1350 2573 1469 2648 licebat,

257 2674 409 2736 dummodo
439 2691 578 2749 praeseus
606 2675 638 2733 iu
665 2675 824 2734 minoribus
847 2676 978 2736 coetibus
1000 2681 1032 2734 et
1051 2677 1156 2737 eximia
1177 2677 1335 2750 prudentia
1354 2692 1390 2736 ao
1411 2678 1469 2735 cir-
1583 2709 1584 2712 =

257 2781 489 2853 conspicientia,
512 2785 542 2838 et
564 2781 676 2854 ingenti
699 2780 886 2854 auctoritate,
908 2797 966 2852 qua
988 2798 1055 2839 eum
1076 2781 1153 2854 apud
1174 2782 1332 2855 permultos
1355 2786 1469 2854 specta·

256 2885 382 2944 tissimos
394 2885 470 2944 viros
484 2889 655 2958 praesentes
670 2883 802 2944 floruisse
818 2889 943 2958 constat,
966 2886 1135 2958 scriptorum
1150 2887 1264 2945 illorum
1281 2886 1469 2946 consiliorum

256 2995 428 3063 argumenta
448 2993 647 3049 sustentasset.
692 2987 750 3047 Sed
773 3005 811 3047 ue
834 2989 864 3048 id
884 2987 1001 3062 quidem
1022 3005 1110 3048 ausus
1132 2995 1186 3048 est.
1224 2989 1349 3062 Propter
1366 3005 1470 3050 causae

255 3112 343 3170 supra
372 3095 465 3156 dictas
495 3095 542 3156 vel
570 3095 658 3154 solius
688 3095 811 3154 nominis
842 3095 1043 3154 auctoritatem
1071 3094 1199 3154 consiliis
1226 3093 1336 3155 addere
1363 3095 1470 3153 absens

255 3202 356 3261 noluit
395 3200 518 3274 Eorum,
538 3215 613 3274 quae
635 3205 705 3258 tuno
727 3199 865 3273 temporis
880 3198 1019 3258 Erasmus
1041 3216 1059 3258 e
1077 3199 1233 3274 longinquo
1254 3217 1307 3274 pro
1329 3216 1363 3258 re
1381 3215 1469 3258 evan·

256 3306 350 3377 getica
382 3309 560 3377 tentaverat,
595 3305 657 3377 ipse
690 3302 835 3363 Lutherus
869 3319 1016 3376 uunquam
1046 3303 1093 3363 vel
1126 3304 1301 3364 levissimam
1335 3303 1469 3364 notitiam

256 3409 365 3467 habuit.

343 3509 425 3582 Quae
450 3527 538 3582 quum
561 3512 603 3570 ita
632 3512 705 3584 siut,
734 3511 918 3569 nihilominus
946 3512 1038 3571 virum
1065 3513 1144 3571 illum
1177 3530 1213 3572 er
1232 3513 1363 3574 obscuris
1385 3514 1469 3587 qussi

255 3614 375 3674 latebris
404 3613 556 3674 verborum
585 3615 695 3674 lumina
723 3615 800 3674 baud
829 3615 938 3674 frustra
965 3618 1096 3675 emisisse
1126 3617 1334 3677 conmudiuus.
1385 3617 1468 3689 Quae

255 3722 368 3794 majora
382 3735 414 3779 se
431 3718 599 3779 effecturum
617 3735 682 3779 esee
697 3725 876 3794 speraverat,
897 3737 934 3779 ea
946 3720 1096 3780 hostilibus
1112 3721 1224 3782 artibus
1238 3720 1378 3796 impedita
1392 3727 1469 3794 eunt,

255 3825 393 3884 nonnulla
422 3829 520 3884 umen
550 3841 617 3884 eum
648 3823 778 3884 effecisse
809 3823 971 3899 apparebit.
1031 3824 1209 3898 Quamquam
1240 3825 1317 3885 euim
1348 3826 1470 3886 consilia

256 3932 319 4003 eJ'us
340 3945 359 3988 a
382 3931 497 3990 nemine
521 3934 580 3989 tam
601 3932 767 4005 praeclare,
790 3946 877 4003 quam
898 3927 936 3988 ab
959 3929 1036 4002 ipso,
1058 3928 1176 3989 delendi
1198 3933 1348 4004 poterant,
1370 3935 1469 3988 tamen
1506 3971 1514 3986 .

254 4033 432 4094 wormatiae
461 4051 520 4094 uon
545 4035 668 4094 deerant
688 4035 748 4094 illis
770 4015 953 4107 defensores,
979 4033 1090 4107 ingenii
1113 4039 1144 4092 et
1167 4033 1338 4094 eruditionis
1359 4049 1469 4108 nequa·

254 4153 340 4210 quam
369 4143 513 4212 expertes.
558 4138 604 4197 Ex
631 4139 734 4212 quibus
760 4139 846 4212 longe
869 4139 1023 4211 plurimum
1044 4139 1142 4198 valere
1165 4137 1318 4198 videbatur
1337 4137 1468 4199 Joauues

254 4241 357 4316 Glapio
379 4242 589 4303 hauoucanus
612 4259 699 4318 supra
721 4247 908 4318 memoratus,
931 4259 950 4302 a
971 4259 1026 4316 quo
1048 4241 1172 4302 mammo
1195 4241 1304 4303 Caesar
1326 4243 1466 4317 inspirari

256 4353 286 4404 et
308 4353 378 4406 tuno
400 4352 431 4406 et
451 4343 574 4420 postea¹
597 4345 762 4422 ferebatur,
786 4349 892 4423 quippe
913 4347 960 4406 cui
975 4363 1033 4406 non
1048 4351 1161 4408 tautum
1176 4363 1195 4406 a
1210 4347 1335 4407 consiliis
1349 4347 1400 4407 ille
1415 4349 1470 4408 sed

345 4558 371 4625 1)
390 4559 428 4612 (ll.
447 4557 568 4610 Lutlrer's
586 4559 673 4610 Briele
690 4559 728 4622 11,
745 4564 803 4611 21³.
