3176 5064
195 503 199 512 '
230 499 308 576 quod
340 497 466 556 ludibrio
497 515 564 556 esse
596 497 776 572 hominibus,
809 499 901 573 virgis
933 500 1028 574 caedi,
1061 500 1093 558 iu
1125 502 1224 576 ignem
1253 503 1375 579 conjici,
1409 523 1467 581 pro

229 605 397 665 testimonio
429 609 530 664 sancto
561 605 685 664 diceudo
716 608 906 665 recusemus?
951 605 1017 666 Non
1045 613 1251 684 proponuntur
1277 610 1353 670 haec
1380 629 1467 670 nunc

229 713 357 789 primum
390 711 440 786 iis,
473 713 524 790 qui
553 712 705 772 Christum
737 713 821 790 sequi
854 713 974 772 volvmt.‘
1025 713 1126 774 Cicero
1159 735 1252 793 quum
1280 718 1382 776 omnia
1410 719 1467 778 illa

228 819 360 897 pericula
387 825 417 880 et
444 819 557 879 labores
586 820 763 896 susciperet,
790 820 888 880 dicere
915 820 1023 897 potuit,
1052 839 1084 882 se
1111 822 1142 880 in
1169 823 1226 883 hcc
1253 842 1313 884 uno
1339 843 1391 885 rec
1421 831 1468 885 tot

229 1035 358 1095 delitatis
390 1035 551 1110 detexisse,
583 1039 616 1094 ut
648 1035 737 1094 saluti
770 1035 997 1096 florentissimae
1023 1037 1192 1113 provinciae
1220 1039 1350 1116 Siculae,
1384 1059 1466 1118 quae

230 1161 317 1202 suum
344 1143 490 1202 arrxilium
517 1142 716 1219 implorasset,
744 1143 922 1218 consuleret,
951 1148 985 1202 ut
1007 1144 1182 1221 dignitatem
1205 1147 1310 1224 populi
1333 1148 1465 1208 Romani

230 1255 372 1328 servaret;
402 1251 515 1310 nullam
543 1251 580 1309 ad
607 1268 682 1324 rem,
710 1250 769 1309 nisi
797 1251 833 1310 ad
860 1251 992 1310 officium
1019 1257 1049 1311 et
1078 1253 1230 1313 veritatem
1257 1273 1361 1314 omnes
1389 1274 1465 1316 suas

230 1375 327 1432 cums,
354 1357 472 1433 vigilias
495 1357 744 1435 cogitationesque
766 1357 936 1418 elaborasse.
983 1359 1029 1417 Ad
1053 1359 1211 1419 sublimius
1234 1380 1303 1421 vero
1326 1363 1464 1422 officium

229 1469 259 1524 et
287 1465 460 1524 sanctiorem
487 1465 653 1540 veritatem,
681 1465 719 1524 ed
746 1466 853 1525 sinceri
881 1466 1027 1542 evangelii
1055 1467 1242 1544 splendorem
1269 1475 1299 1528 et
1325 1471 1463 1530 universi

229 1572 346 1648 generis
364 1571 485 1630 humaui
505 1573 631 1632 salutem
650 1591 684 1632 ea
703 1573 802 1632 omnia
820 1574 1002 1650 spectabant,
1026 1593 1101 1652 quae
1120 1575 1272 1636 Palcarius
1290 1582 1325 1636 ut
1348 1579 1463 1654 ,scriba

229 1680 266 1738 ed
289 1679 436 1738 coelorum
459 1698 583 1756 regnum
606 1681 751 1740 eruditus‘
776 1699 843 1741 cum
865 1681 970 1742 ceteris
989 1683 1166 1742 testimoniis
1185 1684 1370 1760 christianis,
1393 1691 1462 1746 tum

231 1786 336 1847 Curiae
358 1787 506 1848 Romanae
528 1787 713 1848 accusatione
735 1793 884 1865 praestare
903 1790 1028 1854 studuit.
1075 1790 1114 1851 Se
1136 1791 1173 1850 ad
1196 1793 1333 1867 ciendos,
1359 1794 1462 1854 obser-

230 1895 353 1970 vandos,
381 1895 608 1954 commonendos
632 1895 736 1956 iratres
760 1914 830 1955 suos
853 1915 912 1956 non
935 1897 1015 1972 odio,
1042 1916 1102 1957 non
1126 1899 1249 1974 invidia,
1277 1919 1337 1960 non
1359 1906 1462 1960 osten-

229 2003 338 2062 tatione
365 2002 469 2062 dolove
500 2003 578 2062 malo
608 2002 728 2078 adduci,
762 2004 814 2063 sed
845 2022 943 2064 amore
975 2011 1093 2064 sanctae
1125 2006 1257 2066 veritatis
1289 2011 1319 2066 et
1346 2008 1461 2084 gloriae

231 2109 353 2186 Christi,
377 2129 474 2170 coram
492 2111 554 2170 Deo
577 2112 738 2188 profitetur.
775 2111 839 2171 Hac
861 2112 970 2171 fiducia
992 2116 1022 2172 et
1045 2113 1135 2173 falsas
1158 2114 1325 2191 opiniones,
1349 2115 1461 2192 quibus

230 2218 319 2278 Curia
345 2219 462 2294 nititur,
492 2219 646 2296 impugnat
673 2224 702 2278 et
729 2225 882 2296 corruptos
905 2220 970 2296 ejus
993 2239 1088 2280 mores
1112 2221 1248 2300 castigem
1277 2223 1309 2280 in
1332 2229 1462 2302 utreque

229 2345 261 2386 re
287 2333 423 2386 accurata
444 2328 644 2404 praesentium
668 2345 766 2387 rerum
789 2327 973 2404 experientia
995 2333 1025 2388 et
1047 2329 1215 2405 cognitione
1237 2329 1338 2390 utitur.
1387 2330 1461 2408 Opi-

229 2433 333 2493 niones
364 2434 455 2494 falsas
487 2439 517 2494 ct
548 2435 728 2512 perniciosas
760 2436 942 2495 inveterasse
969 2436 1023 2510 ait,
1056 2454 1116 2496 non
1143 2441 1259 2496 tantum
1287 2437 1319 2496 iu
1347 2439 1461 2515 vulgus

230 2540 431 2617 imperitorum
455 2541 506 2601 sed
529 2541 687 2619 aliquando
709 2543 789 2620 apud
807 2543 904 2619 Reges
927 2561 962 2603 ac
981 2543 1133 2620 Caesares,
1157 2563 1251 2622 quum
1270 2546 1355 2623 qnasi
1374 2564 1461 2622 prae·

230 2647 327 2723 stigiis
354 2648 531 2725 quibusdam
558 2667 612 2725 per
639 2649 732 2708 multa
756 2651 818 2726 jam
847 2650 964 2710 saecule
991 2652 1069 2711 acies
1092 2651 1278 2728 ingeniorum
1302 2654 1462 2730 perstricta

230 2754 349 2831 luisset3
387 2773 527 2831 maguum
559 2774 627 2816 vero
659 2773 725 2816 esse
756 2761 845 2834 atque
877 2757 1011 2834 difficile,
1042 2764 1172 2820 veterem
1203 2761 1460 2838 consuetudinem,

229 2881 305 2940 quas
329 2862 391 2940 jam
417 2867 539 2922 naturae
565 2863 625 2923 vim
653 2864 797 2940 obtineat,
825 2865 952 2926 evellere
974 2885 1013 2926 ex
1035 2867 1142 2928 animis
1165 2868 1326 2929 hominum.
1374 2867 1461 2943 Quod

229 2975 275 3030 ut'
291 2971 412 3046 efficiat,
440 2971 623 3047 majestatem
645 2971 726 3032 verbi
750 2972 844 3032 divini
867 2974 985 3050 egregie
1007 2974 1150 3049 vindicat,
1175 2975 1370 3052 judaismum,
1399 2995 1461 3054 quo

229 3078 317 3138 medii
336 3079 401 3139 aevi
419 3077 543 3140 ecclesia
561 3099 579 3138 a
596 3080 744 3157 perfectae
761 3081 950 3141 revelationis
973 3081 1091 3142 divinae
1110 3083 1274 3142 substantia
1287 3083 1325 3142 ad
1338 3085 1461 3144 umbras

229 3187 403 3264 saepissime
430 3191 601 3262 reverterat,
629 3205 697 3247 oum
720 3187 842 3248 Emeum
870 3189 1013 3266 exagitat,
1042 3208 1080 3248 ex
1103 3191 1249 3250 abusuum
1273 3192 1460 3268 superstitio-

230 3313 361 3372 numque
393 3295 520 3354 stultitia
551 3299 581 3354 et
613 3295 701 3372 culpa
727 3296 842 3356 animos
870 3296 1023 3356 hominum
1050 3298 1087 3356 ad
1116 3297 1283 3375 simplicem
1310 3299 1460 3375 evangelii

229 3401 382 3462 veritatem
410 3403 549 3462 reducere
576 3403 688 3478 studet,
716 3403 806 3481 idque
829 3404 902 3464 satis
925 3403 1063 3480 feliciter,
1091 3403 1230 3464 adhibitis
1252 3405 1406 3481 ingeniose
1429 3413 1461 3466 et

229 3508 344 3568 fortiter
366 3527 434 3568 oum
458 3514 591 3568 veterum
613 3515 744 3586 petrum,
767 3515 832 3570 tum
855 3511 1018 3589 scripturae
1040 3530 1140 3573 sacrae
1158 3513 1343 3574 testimoniis.
1373 3511 1460 3588 Quod

229 3615 266 3675 ad
289 3615 541 3676 antichristhnam
565 3615 671 3676 Curiae
698 3617 827 3678 indolem
854 3619 995 3696 pertinet,
1028 3621 1127 3680 omnia
1153 3620 1237 3696 vitia,
1265 3639 1460 3699 quaecunque

230 3724 261 3783 in
288 3723 399 3784 crudeli
427 3729 459 3784 et
485 3723 640 3785 libidinoso
666 3724 834 3802 provinciae
856 3731 996 3786 vexatore
1017 3727 1168 3787 Romanus
1191 3729 1339 3806 quondam
1362 3733 1460 3788 orator

229 3831 321 3908 digito
344 3836 572 3907 monstraverat,
596 3832 696 3892 eadem
718 3833 831 3893 Aonius
850 3834 881 3892 in
899 3835 978 3894 orbis
997 3834 1151 3894 christiani
1170 3836 1306 3911 tyrannis
1324 3836 1457 3912 castigat,

228 3945 297 3999 ante
324 3940 457 4000 omnium
479 3945 551 4000 tunc
573 3940 714 4017 temporis
736 3940 889 4002 hominum
913 3941 1013 4002 oculos
1036 3943 1144 4019 posita,
1172 3942 1225 4002 sed
1247 3947 1367 4020 propter
1389 3962 1458 4002 oon·

229 4051 371 4124 temptam
398 4065 499 4106 revera
526 4047 657 4106 divinam
684 4047 795 4123 lucem,
825 4067 884 4125 qua
910 4049 1008 4109 verbis
1035 4049 1247 4125 gloriabantur,
1275 4049 1369 4109 multo
1396 4051 1458 4110 illis

228 4155 363 4230 graviora
389 4160 420 4213 et
446 4153 589 4231 turpiora,
618 4172 688 4213 cum
715 4155 894 4215 exsecranda
917 4156 1081 4233 hypocrisi,
1109 4175 1177 4216 cum
1201 4156 1459 4232 impudentissima

229 4261 440 4321 sanctimoniae
463 4261 652 4322 simulatione
674 4263 837 4338 conjuncta.
880 4262 965 4336 Quod
983 4263 1135 4324 Palearins
1158 4268 1192 4322 ut
1214 4264 1246 4322 in
1268 4263 1336 4324 aliis
1358 4265 1457 4340 rebus,

229 4368 270 4426 ita
298 4369 330 4426 in
357 4369 449 4428 coacti
476 4369 637 4429 coelibatus
663 4370 805 4446 spurcitia
826 4369 968 4445 ostendit,
996 4389 1055 4448 qua
1077 4372 1188 4430 lactum
1211 4371 1263 4445 sit,
1291 4375 1325 4430 ut
1347 4371 1460 4432 Romae

228 4480 318 4550 atque
339 4475 410 4533 alibi
433 4475 465 4534 in
488 4477 688 4536 sacerdotibus
706 4496 764 4537 nou
784 4477 904 4554 quidem
922 4477 1054 4553 legitime
1072 4479 1271 4552 matrimonia,
1294 4479 1347 4538 sed
1367 4498 1460 4556 vagae

229 4578 381 4652 libidines,
405 4585 520 4655 stupra,
542 4582 687 4641 adulteria
710 4583 797 4642 facile
819 4583 930 4658 passim
954 4583 1155 4644 tolerarentur.
1188 4583 1287 4656 Quum
1306 4561 1374 4645 vero
1393 4605 1459 4648 oce·
