3202 5058
243 277 278 329 42
689 265 692 272 ’
729 282 834 331 Panrrs
852 281 964 332 Paionia

245 493 326 566 cati,‘
356 495 387 553 in
418 493 492 568 ,filio
521 495 708 569 perditionis‘
733 497 826 570 penit,
855 497 922 570 ,qui
949 497 1120 556 adversatur
1147 503 1177 556 et
1200 496 1347 556 extollitur
1369 513 1457 569 supra

245 613 329 658 omne
351 599 428 672 quod
450 599 555 658 dicitur
574 600 654 658 Deus
677 605 728 659 aut
745 600 821 673 quod
843 601 957 674 colitur,
980 601 1021 660 ita
1039 606 1072 659 ιιι
1088 601 1120 659 in
1142 601 1250 674 templa
1264 600 1322 660 Dei
1344 599 1456 672 sedeat,

244 701 400 761 ostendeus
421 719 453 761 se
475 709 612 776 tanquam
632 704 671 763 sit
689 701 816 764 Deus.‘¹
861 703 958 776 Quare
981 706 1005 763 si
1027 704 1101 764 baec
1130 704 1265 778 superbia
1286 719 1391 762 revera
1412 697 1456 784 (id

245 807 322 878 qnod
344 807 460 866 disertis
482 807 578 867 verbis
600 809 722 881 scriptor
744 808 795 866 ille
817 801 920 888 dicit),
942 809 1120 868 verissimam
1143 785 1285 868 eeclesiae
1307 808 1456 866 Romame

244 909 384 968 indelem‘
406 911 474 970 iude
498 927 516 968 a
538 911 617 970 mille
637 913 720 971 annis
743 901 956 986 constituisset,
986 913 1049 971 sine
1070 913 1128 971 ullo
1151 912 1238 971 dubio
1263 910 1375 970 indoles
1395 911 1457 984 ejus

245 1030 333 1086 purus
352 1019 439 1088 putus
465 1010 512 1094 (nt
533 1016 575 1074 ita
596 1009 705 1096 dicam)
725 1016 1023 1076 Andebristianismus
1054 1016 1164 1075 fuisset.
1209 1016 1298 1089 Atqui
1320 1017 1351 1073 in
1372 1031 1456 1089 opus·

246 1116 304 1174 culi
333 1119 377 1176 sci
403 1117 585 1192 praefatione
611 1121 717 1178 iterum
740 1121 791 1178 ille
817 1121 957 1192 promiti
985 1136 1036 1180 sno
1064 1121 1160 1179 ammo
1189 1119 1267 1178 idem
1295 1117 1458 1193 profitetur,

247 1221 322 1293 qued
344 1222 434 1281 etiam
457 1229 544 1281 antea
565 1222 712 1297 professus
735 1229 793 1298 est,
816 1239 880 1283 esse
903 1223 1012 1298 aliquid
1034 1241 1103 1283 vere
1119 1223 1268 1282 christiani
1282 1223 1313 1281 in
1326 1223 1458 1282 Romana

248 1325 385 1401 ecclesia,
414 1327 491 1400 qued
523 1328 586 1402 ipse
616 1333 647 1387 et
678 1344 793 1402 semper
825 1327 977 1402 agnoverit
1010 1334 1040 1387 et
1079 1343 1156 1386 nnnc
1188 1332 1334 1401 agnoscam
1391 1326 1458 1384 Non

214 1469 221 1482 .
248 1433 344 1501 petest
364 1447 435 1490 vere
456 1432 542 1490 arbor
560 1434 638 1490 mala
659 1433 748 1492 bonos
771 1431 880 1492 finctus
902 1429 1008 1492 iacere.
1053 1431 1191 1505 Sequitur
1213 1447 1300 1506 ergo,
1322 1435 1356 1488 ut
1373 1429 1459 1490 Anti-

248 1533 477 1594 christianismus
508 1537 560 1596 ille
592 1553 651 1596 non
677 1538 714 1596 sit
737 1539 801 1611 ipsa
822 1537 972 1596 Romanae
999 1537 1142 1596 ecclesiae
1168 1535 1281 1594 indoles
1302 1535 1354 1592 sed
1376 1533 1458 1606 quasi

249 1639 341 1696 malus
362 1639 425 1712 ejus
447 1641 562 1714 genius,
584 1641 697 1699 mederi
718 1642 869 1716 resistens,
902 1643 961 1700 sive
984 1641 1147 1700 adhaerens
1171 1639 1213 1698 illi
1236 1639 1361 1698 morbus.
1406 1635 1458 1696 Se·

249 1743 346 1814 quitur
371 1759 458 1816 porro
485 1750 518 1802 ut
544 1745 612 1803 boni
637 1743 748 1804 fruetus
775 1762 833 1804 non
854 1743 1072 1820 proficiscantur
1094 1744 1131 1803 ab
1153 1743 1207 1802 hoc
1224 1742 1337 1816 morbo,
1365 1739 1418 1800 sed
1441 1756 1459 1798 a

248 1847 326 1904 sanis
350 1846 519 1920 quibusdam
546 1849 655 1908 viribus
681 1865 756 1924 quae
776 1849 869 1908 adbuc
895 1854 1057 1924 supersunt.
1102 1846 1184 1920 Quod
1209 1848 1235 1905 si
1256 1848 1319 1920 ipse
1341 1844 1458 1904 morbus

249 1950 299 2010 ille
326 1951 480 2012 novissimo
506 1953 639 2028 dogmate
665 1954 703 2014 ad
730 1971 834 2013 novum
856 1955 969 2013 odmen
989 1954 1135 2028 pervenit,
1167 1951 1254 2026 idque
1272 1951 1405 2023 fortasse,
1427 1953 1460 2007 ιιι

250 2056 291 2114 ait
311 2061 422 2131 noster,
448 2057 479 2116 in
502 2059 693 2133 propinquum
714 2059 850 2133 entium,
872 2075 931 2117 uon
952 2059 974 2116 ii
996 2057 1143 2131 profecte,
1173 2055 1222 2130 qni
1245 2054 1362 2114 exitiale
1384 2055 1459 2127 ejus-

249 2159 327 2218 modi
348 2160 451 2236 dogma
473 2161 657 2238 confirmare,
679 2163 731 2222 sed
754 2164 804 2237 qui
826 2169 959 2222 evertere
981 2163 1053 2221 illud
1074 2161 1205 2234 student,
1232 2159 1294 2218 veri
1317 2157 1458 2218 ecclesiae

249 2265 408 2325 catholicae
436 2265 487 2326 lilii
513 2267 639 2328 habendi
665 2273 740 2327 sunt
783 2269 887 2342 Neque
912 2267 988 2326 mele
1014 2267 1045 2325 hi
1067 2283 1132 2325 eam
1154 2264 1319 2338 eeclesiam,
1347 2264 1459 2335 inqua

248 2385 302 2442 pre
323 2376 453 2444 tempere
474 2371 578 2446 dogma
599 2372 671 2431 illud
692 2371 864 2446 dominatur,
886 2372 923 2430 ad
939 2369 1154 2446 significandam
1176 2367 1272 2428 iactae
1293 2366 1459 2426 mutationis

178 2539 181 2546 Ι
249 2473 407 2534 novitatem
438 2482 542 2535 vocant
572 2477 808 2536 neocatbolicam.
859 2475 941 2548 Quod
973 2481 1076 2534 notare
1102 2473 1180 2533 haud
1205 2473 1306 2548 piguit.
1355 2470 1459 2543 Quam·

249 2592 333 2649 quam
360 2579 438 2636 enim
461 2578 498 2639 de
525 2579 688 2638 nominibus
716 2580 863 2654 disputare
889 2593 997 2652 operae
1022 2578 1149 2652 pretium
1173 2593 1232 2636 nen
1260 2591 1325 2635 esse
1351 2574 1460 2648 dicunt,

249 2685 348 2740 mmen
366 2683 462 2755 justus
484 2689 535 2744 aut
555 2685 677 2757 iniustus
699 2683 852 2744 verberum
875 2700 942 2742 usus
962 2683 1041 2742 haud
1062 2682 1136 2743 levis
1159 2679 1305 2740 interdum
1322 2678 1462 2738 momenti

250 2789 301 2844 est.
346 2785 419 2845 Dira
444 2787 495 2844 illa
520 2788 599 2862 lues,
627 2803 703 2861 quae
727 2788 867 2847 Vaticano
895 2788 1017 2846 concilio
1046 2787 1143 2860 erupit
1163 2790 1193 2843 et
1219 2800 1273 2858 per
1294 2783 1460 2842 universnm

250 2889 392 2949 ecclesiae
415 2890 563 2950 Romanae
585 2909 689 2967 corpus
710 2893 855 2968 pervasit,
874 2893 935 2966 jam
954 2892 1004 2951 diu
1026 2907 1096 2950 sane
1119 2891 1197 2948 intus
1218 2888 1305 2948 latuit
1325 2893 1356 2946 et
1376 2903 1462 2960 prae·

249 2993 303 3051 viis
336 2995 419 3054 malis
448 2997 654 3069 praenuntiata
681 3002 734 3056 est
777 2996 835 3056 Sed
857 2996 907 3070 qui
929 3001 1085 3070 propterea
1105 2995 1195 3068 ipsius
1215 2997 1334 3052 exortae
1371 2991 1461 3064 pesti·

249 3097 359 3158 leubae
382 3101 540 3159 novitatem
562 3099 731 3176 infitiantur,
755 3117 805 3160 ees
828 3099 978 3176 adjnmm,
997 3100 1046 3172 qni
1063 3114 1148 3157 sanos
1170 3114 1202 3156 se
1225 3102 1256 3155 et
1270 3100 1357 3155 antea
1372 3090 1462 3152 inisse

250 3207 280 3260 et
302 3221 379 3262 nunc
402 3221 466 3265 esse
493 3203 567 3264 falso
589 3206 724 3282 credunt,
747 3221 854 3279 eosque
879 3202 1053 3278 impediunt,
1079 3201 1129 3276 qui
1150 3201 1243 3275 sanis,
1265 3216 1340 3273 quae
1362 3213 1462 3272 super-

250 3313 346 3382 erant,
375 3308 483 3370 viribus
511 3316 543 3370 et
574 3317 662 3370 antea
687 3312 886 3370 imminentem
919 3314 1032 3382 pestem
1062 3321 1254 3380 praecavere,
1283 3309 1314 3362 et
1341 3301 1463 3376 posthac

250 3417 380 3472 cromam
404 3415 508 3474 tollere
533 3415 696 3474 studebant
739 3414 846 3472 Melius
867 3413 998 3487 profecto
1025 3412 1047 3469 ii
1070 3409 1212 3469 ecclesiae
1235 3408 1280 3466 illi
1303 3405 1463 3478 musulani,

250 3518 298 3590 qui
322 3518 497 3577 christianae
518 3519 648 3577 caritatis
672 3524 702 3577 et
727 3518 860 3576 veritatis
882 3515 1009 3575 efficium
1031 3530 1084 3588 pro
1106 3513 1182 3572 rimli
1205 3517 1290 3586 parte
1309 3509 1462 3583 implentes

249 3620 356 3680 laetam
382 3621 444 3680 illic
468 3623 671 3696 mutationem,
698 3626 807 3695 quanta
826 3619 894 3695 fuit,
916 3624 1028 3678 tantam
1049 3617 1215 3676 describere
1237 3631 1295 3673 non
1317 3613 1463 3672 desinunt.

250 3726 332 3798 Quod
354 3731 385 3785 et
406 3742 459 3785 nos
481 3725 672 3800 tentabimus,
705 3741 876 3799 quamquam
905 3725 968 3782 siue
991 3724 1144 3781 multorum
1166 3719 1324 3779 offensione
1346 3715 1376 3774 id
1398 3713 1463 3774 lieri

248 3849 306 3891 nou
336 3847 421 3906 posse
453 3829 567 3890 scimus.
620 3829 678 3890 Sed
704 3845 768 3888 cum
796 3829 892 3887 Dante
920 3833 1069 3900 tenemus,
1098 3823 1230 3885 veritatis
1257 3821 1361 3894 verba,
1394 3819 1464 3877 licet

248 3937 346 3996 multis
373 3936 509 4010 molesta,
544 3935 739 3994 eonscientiae
766 3935 812 3993 vel
838 3933 956 4008 pmpria
989 3931 1037 3990 vel
1066 3930 1163 3988 aliena
1190 3928 1275 4000 culpa
1301 3925 1462 3983 maculatae

247 4042 367 4117 acerba,
387 4042 515 4102 scabiem
529 4040 693 4114 sechemia,
715 4045 816 4099 umen
838 4039 946 4098 frustra
968 4035 1075 4096 dictum
1096 4049 1154 4092 nen
1175 4027 1238 4091 ιιι.2

336 4241 363 4305 1)
384 4245 399 4290 2
417 4238 531 4290 Thessal.
551 4244 584 4302 2,
602 4243 626 4287 4.

336 4326 362 4392 2)
381 4327 476 4390 Dante,
504 4325 629 4377 Paradiso
647 4323 739 4374 XVIII
761 4329 795 4384 l,
815 4327 849 4373 24
868 4337 914 4372 sa:
944 4319 1081 4370 Ooscieuza
1102 4315 1175 4365 fusca

564 4413 585 4462 0
608 4411 676 4462 della
691 4410 798 4476 propria
816 4426 832 4458 ο
850 4407 909 4458 dell'
931 4405 1009 4457 altrui
1026 4408 1166 4470 vargogua]

563 4500 617 4550 Pur
637 4497 734 4548 sentiri
751 4496 778 4546 la
795 4501 839 4545 tua
856 4493 946 4560 parole
963 4493 1056 4543 brusca
1074 4517 1108 4528 -

562 4617 595 4626 —
614 4604 627 4637 a
645 4585 728 4640 luania
745 4599 794 4649 pur
814 4585 930 4650 grattar,
948 4577 1006 4650 dor*
1025 4579 1039 4629 b
1055 4579 1082 4632 la
1100 4591 1190 4642 regna.
