3194 5042
682 271 770 327 Oarur
788 272 821 325 V.
1314 271 1366 325 143

137 477 223 536 novis
246 475 401 535 doctrinis‘
429 475 561 552 dialogos
586 475 719 552 aliasque
742 473 837 534 rarius
860 473 1119 534 commentationes
1143 473 1281 551 confecit3
1309 473 1366 549 his,

138 587 296 661 postquam
319 583 471 643 oculorum
494 582 608 642 lumina
629 581 741 656 amisit,
769 585 833 641 tum
856 582 910 641 illa
931 582 1030 641 omnia
1052 581 1186 656 dictavit,
1213 585 1278 640 tum
1301 599 1366 658 per-

139 690 247 751 mtdtas
279 691 433 768 epistolas;
467 690 572 750 horum
603 689 715 750 auxilio
747 691 886 749 effectum
918 696 976 764 est,
1008 694 1043 749 ut
1074 690 1163 750 etiarn
1193 707 1262 749 oum
1294 688 1367 749 viris

139 798 245 858 Sancto
265 796 369 858 Officio
391 797 548 858 admodum
572 797 733 875 suspectis,
756 802 786 856 et
807 796 892 857 Italis
915 803 945 857 at
967 797 1078 858 exteris
1101 797 1266 856 litterarum
1289 814 1367 856 com-

134 885 281 966 mercium
309 923 427 983 semper
454 906 516 965 lero
542 904 734 965 continuaret
780 904 821 963 Hi
848 905 977 984 donique
1004 909 1034 965 et
1060 905 1210 981 conjuncti
1238 923 1306 964 cum
1328 903 1367 964 iis
1444 888 1447 894 ¹

138 1012 286 1090 peregrini
324 1013 461 1091 quidam,
500 1011 638 1090 inprimis
675 1013 881 1088 Berneggerus
917 1013 1067 1089 professor
1102 1011 1367 1088 Argentoratensis,

138 1119 260 1198 Kapleri
283 1119 432 1197 quondam
459 1121 572 1180 amicus
600 1125 630 1180 et
652 1119 791 1180 Elzevirii
818 1119 994 1196 bibliopolae
1021 1125 1138 1197 praesto
1161 1119 1187 1180 ei
1211 1123 1306 1195 erant,
1334 1125 1368 1178 ut

139 1245 228 1305 opera
250 1244 316 1303 sua,
340 1226 446 1304 partim
470 1225 561 1287 latine
584 1245 681 1302 versa,
705 1231 735 1287 ct
757 1227 856 1304 priora
878 1231 908 1287 et
929 1227 1071 1301 recentia,
1095 1245 1170 1305 quae
1188 1231 1313 1305 utraque
1335 1227 1368 1286 in

138 1334 225 1394 ltalia
248 1334 393 1412 publicari
415 1353 475 1395 non
497 1333 616 1410 licebat,
642 1334 715 1394 foris
738 1334 951 1412 imprimendas
973 1339 1004 1394 et
1026 1335 1153 1394 edendas
1176 1353 1279 1395 curare
1300 1352 1368 1412 pos-

139 1447 192 1502 set.
235 1440 315 1516 Quas
338 1460 440 1502 omnes
462 1460 511 1502 res
533 1442 614 1520 Papa
637 1441 756 1520 quidem
779 1446 809 1501 et
832 1447 991 1502 sectatores
1014 1442 1078 1518 ejus
1102 1459 1155 1519 pro
1177 1442 1290 1502 viribus
1312 1441 1368 1501 im-

139 1549 240 1627 pedire
262 1549 407 1610 obstinate
430 1550 622 1624 conabantur,
646 1549 799 1628 cupientes
823 1555 853 1609 et
870 1534 1018 1627 optantes,
1042 1555 1076 1609 ut
1098 1549 1295 1610 illustrissimi
1318 1550 1368 1609 ad-

138 1657 261 1717 versarii
289 1657 394 1717 domus
422 1657 582 1717 solitudine
609 1657 714 1718 saltem
747 1657 872 1718 carceris
904 1663 984 1718 esset
1011 1657 1134 1717 horrida
1182 1656 1240 1717 Sed
1267 1675 1368 1718 eorum

139 1763 273 1848 consiliis
295 1782 364 1825 cum
386 1781 527 1842 prospero
549 1764 725 1843 plerumque
748 1783 889 1825 successu
912 1765 1058 1825 officiebat
1081 1764 1185 1825 sollers
1207 1764 1368 1824 interdum-

140 1889 199 1950 que
222 1872 295 1932 satis
317 1877 416 1932 astuta
437 1877 482 1931 tot
504 1873 664 1933 amicorum
687 1872 846 1948 industria,
874 1890 964 1950 quam
987 1872 1113 1948 Magnus
1137 1872 1220 1947 Dux,
1248 1877 1278 1931 et
1304 1871 1369 1950 ipse

140 1979 346 2056 Inquisitionis
365 1979 529 2057 aptium,
552 1984 771 2058 praeceptorem
793 1998 894 2056 suum,
918 1979 1036 2057 saepius
1059 1979 1188 2039 insdsere
1210 1997 1269 2039 non
1293 1979 1369 2040 veri-

140 2093 203 2161 tus,
227 2087 431 2148 benevolentia
452 2093 604 2165 tantopere
628 2087 812 2162 sublevabat,
834 2093 869 2147 ut
891 2087 1053 2166 inquisitor
1075 2086 1263 2147 Florentinus
1285 2104 1368 2163 prae

141 2195 252 2271 scripta
282 2195 437 2271 vigilantia
469 2213 503 2255 ao
536 2195 691 2255 severitate
723 2195 767 2254 uti
799 2195 911 2272 passim
943 2195 990 2254 vel
1022 2193 1114 2254 nollet
1145 2194 1194 2253 vel
1225 2195 1368 2272 nequiret.

141 2301 288 2361 Paulatim
315 2301 419 2362 Italiae
455 2307 486 2362 et
516 2301 651 2379 Europae
684 2302 795 2379 judicio
827 2302 930 2362 moniti
963 2301 1051 2362 etiam
1083 2301 1217 2362 acerrimi
1249 2302 1370 2380 quidam

141 2409 302 2484 Pontificii,
332 2428 424 2488 quum
452 2409 680 2470 novissimorum
709 2409 833 2470 Galilaei
861 2411 1048 2470 inventorum
1075 2409 1235 2469 utilitatem
1262 2427 1370 2486 negare

131 2526 201 2576 'non
223 2523 357 2595 possent,
384 2518 417 2576 in
444 2518 617 2578 cnrdelitate
645 2535 699 2578 sua
725 2518 837 2596 aliquid
866 2517 951 2577 stulti
974 2517 1072 2578 inesse
1094 2517 1188 2578 videri
1212 2522 1370 2577 senserunt

142 2642 278 2702 eamque,
310 2625 381 2685 licet
407 2643 559 2704 nunquam
592 2625 651 2703 ipsi
682 2627 719 2686 ab
751 2643 785 2685 ea
816 2643 938 2704 prorsus
969 2625 1151 2701 recederent,
1183 2624 1370 2704 aliquatenus

143 2731 332 2792 relaxandam
364 2741 431 2793 csse
463 2733 681 2794 intellexerunt
736 2733 841 2812 Itaque
873 2733 1001 2794 Castalio
1033 2734 1213 2812 permissum
1244 2738 1302 2809 est,
1337 2738 1371 2794 ut

143 2839 289 2899 carissimi
317 2840 404 2900 amici
432 2857 551 2918 operam
582 2846 612 2901 et
638 2841 753 2902 labores
784 2860 838 2919 per
869 2842 971 2919 plures
1003 2842 1183 2920 septimanas
1211 2841 1370 2918 adjuvaret.
1407 2839 1410 2845 '

142 2946 200 3007 Per
220 2947 340 3024 longius
362 2947 503 3026 temporis
527 2949 656 3026 spatium
678 2948 932 3024 ingeniosissimos
960 2953 990 3009 et
1012 2948 1216 3009 celeberrimos
1236 2949 1370 3025 juvenca,

144 3053 303 3116 vivianum
325 3059 356 3115 et
373 3054 579 3129 Turricellum,
602 3055 630 3114 ei
653 3053 756 3116 adesse
778 3055 893 3115 licebat.
931 3054 987 3115 His
1006 3055 1099 3131 igitur
1116 3054 1226 3129 omnia,
1249 3054 1371 3132 quibus-

143 3177 260 3240 camque
283 3180 358 3240 opus
381 3167 455 3238 erat,
482 3161 757 3222 administrantibus
781 3161 944 3238 Galilaeus,
973 3162 1108 3239 quamvis
1130 3161 1273 3237 denegata
1295 3177 1371 3221 sem·

143 3287 196 3348 per
223 3269 312 3348 plena
338 3270 486 3346 libertate,
518 3275 618 3330 tamen
645 3287 741 3348 usque
768 3270 805 3329 ad
833 3275 999 3330 erasmum
1027 3269 1088 3329 tere
1115 3268 1206 3344 diem,
1235 3273 1372 3346 superata
1420 3349 1424 3358 ,

143 3377 273 3455 corporis
296 3377 467 3438 infirmitate
489 3377 522 3437 in
545 3377 657 3454 ingenii
683 3377 798 3438 labores
826 3395 895 3437 cum
917 3375 1083 3436 admirabili
1108 3375 1240 3437 omnium
1264 3375 1371 3435 uirium

143 3484 307 3546 intentione
329 3485 500 3547 incumbere
522 3491 642 3563 poterat.

251 3593 348 3654 Simul
375 3593 453 3653 inter
479 3597 523 3653 tot
551 3593 656 3654 horum
683 3597 850 3670 temporum
883 3610 931 3653 res
958 3591 1097 3654 adversas
1124 3593 1256 3652 animum
1284 3609 1372 3652 suum

144 3719 212 3760 vere
240 3699 433 3761 christianum
467 3701 584 3778 egregie
611 3701 752 3778 probavit
803 3700 1008 3760 Fortissimum
1040 3701 1120 3760 enim
1153 3718 1185 3760 se
1216 3701 1373 3778 praebebat

143 3825 204 3868 non
226 3808 322 3884 rigido
345 3809 503 3869 stoicorum
526 3809 625 3868 animo
649 3807 710 3886 (qui
734 3813 794 3868 tam
817 3808 955 3869 miseram
978 3808 1069 3868 vitam
1092 3807 1258 3868 voluntaria
1280 3811 1373 3866 morte

143 3915 229 3976 finire
257 3915 336 3976 soliti
360 3915 454 3992 sunt),
484 3917 537 3978 sed
564 3915 725 3976 christiana
751 3916 869 3976 divinae
896 3915 1097 3993 providentiae
1124 3915 1239 3975 fiducia.
1285 3913 1373 3973 Haud

144 4022 221 4083 male
239 4023 419 4100 ingeniosus
439 4041 527 4103 quem
545 4022 781 4098 memoravimus,
799 4023 969 4083 Italicuum
988 4041 1085 4083 rerum
1105 4024 1230 4100 scriptor
1244 4019 1373 4081 Thomas

143 4149 162 4189 a
188 4129 313 4208 Kampis
340 4132 464 4191 verbum
492 4131 638 4210 quoddam
668 4131 700 4191 in
726 4131 814 4190 illum
841 4129 1006 4207 transtulit,
1038 4130 1180 4190 nimirum
1207 4129 1373 4207 proiectum

143 4237 176 4296 in
199 4237 307 4315 spiritu
334 4243 364 4298 et
392 4257 510 4300 crucem
537 4221 647 4317 pariter
673 4236 832 4299 crescera¹
877 4237 1009 4298 Devictis
1031 4237 1243 4298 tentationibus
1265 4235 1373 4297 nobilis

144 4345 258 4405 metalli
286 4345 382 4407 instar
409 4347 462 4407 ille
489 4351 633 4424 purgatus
661 4351 714 4407 est.
760 4345 798 4406 In
824 4345 1015 4410 dubitationis
1042 4345 1201 4406 discrimen
1220 4333 1296 4405 ¹aarum
1323 4343 1373 4403 ad·

253 4575 280 4644 1)
299 4574 392 4629 Altrcd
410 4591 462 4630 ron
481 4573 626 4644 Raumcnt,
645 4573 767 4646 Bcitrt'gc
787 4589 836 4628 zur
852 4571 1036 4628 italienischen
1055 4571 1215 4630 Gaschiohtc
1238 4571 1332 4628 1421.
