3134 5054
621 313 712 366 Garun
730 315 776 367 XI.
1255 315 1306 370 273

93 527 129 584 tis
147 525 315 600 jamdudum
338 531 515 600 compertum
536 526 670 586 babebat.
721 527 824 600 Neque
847 525 961 601 fugerat
982 543 1048 586 enm
1067 527 1146 586 illins
1166 529 1305 602 temporis

94 631 187 705 Papas
215 647 269 704 pro
299 631 455 690 commodis
483 631 542 690 suis
568 630 660 700 bella,
689 631 808 704 medes,
840 633 1012 705 sangninem
1044 648 1190 705 nunquam
1213 633 1306 693 reior-

94 735 225 796 midasse.
269 735 345 794 Item
363 735 454 808 probe
473 739 665 810 perspexerat
687 735 835 808 vulpinam
850 734 990 795 alcandri
1010 734 1153 810 indolem,
1176 738 1225 810 qni
1239 755 1306 812 per-

94 838 178 899 fricta
198 837 295 898 doute
316 837 455 898 Coloniae
478 837 694 913 affirmaverat,
717 855 748 914 ,a
770 837 911 900 Pontifice
934 856 993 899 non
1014 841 1076 912 peti
1098 839 1218 900 Lothari
1239 859 1306 915 per·

94 961 191 1004 sonam
213 961 308 1018 neque
337 946 399 1018 ejus
421 945 562 1019 sangnine
585 961 689 1004 manus
711 945 791 1004 illum
811 945 951 1004 illitorum
971 944 1056 1004 esse.‘
1099 945 1146 1004 dd
1168 945 1306 1006 tuendum

95 1054 195 1108 conns
216 1050 383 1122 conjunctos
403 1048 487 1123 bojas
508 1047 621 1108 farinae
644 1047 759 1108 sodales
779 1048 871 1108 virum
890 1049 1036 1124 integrum
1049 1050 1203 1124 multisque
1218 1051 1307 1111 caris·

94 1155 194 1212 dmum
216 1151 336 1212 Elector
357 1149 445 1212 officii
468 1154 648 1214 conscientia
670 1153 834 1213 tenebatur.

179 1273 282 1347 Neque
311 1279 410 1333 amen
439 1273 544 1335 falsum
575 1279 652 1349 crat,
681 1273 759 1348 qnod
781 1273 920 1334 Coloniae
950 1292 1004 1348 per
1034 1275 1217 1334 consiliarios
1239 1292 1307 1336 suos

93 1378 256 1452 Alcandro,
283 1379 443 1438 Lutberum
470 1380 619 1455 poscenti,
649 1379 813 1453 respondit:
835 1379 1020 1454 ,Electorem
1049 1381 1187 1439 venerari
1209 1381 1308 1440 Ponti·

92 1481 187 1542 boiam
202 1482 390 1559 dignitatem,
411 1499 505 1557 noque
523 1484 679 1558 quidquam
693 1499 842 1544 commune
858 1501 923 1542 cam
938 1482 1060 1543 Lutbsri
1076 1501 1165 1544 cansa
1179 1485 1306 1561 babere;

92 1587 170 1646 viros
192 1587 296 1660 probos
326 1593 359 1647 ct
380 1587 509 1648 eruditos
530 1589 668 1661 plurimos
690 1587 849 1648 Lutheram
870 1605 1024 1662 excusare,
1054 1607 1150 1663 neque
1173 1595 1307 1650 consmra

92 1691 222 1766 Principi
238 1685 387 1767 Electum,
409 1708 447 1751 an
470 1693 537 1752 libri
560 1694 624 1766 ejns
643 1693 808 1754 incendium
832 1699 1016 1773 mereantur,
1037 1710 1144 1770 rogare
1167 1713 1233 1755 eum
1254 1696 1308 1771 igi·

93 1803 153 1871 tur,
176 1813 214 1856 ue
233 1796 264 1856 id
286 1794 337 1855 liat
359 1798 423 1856 sine
445 1813 551 1856 causae
574 1799 754 1871 cognitione;
782 1799 857 1857 banc
881 1799 999 1873 aequis,
1029 1799 1168 1874 eruditis,
1198 1800 1255 1873 piis
1277 1806 1309 1860 et

91 1917 149 1959 nou
168 1902 309 1974 suspectis
327 1900 473 1975 judicibus
495 1902 634 1961 committi
656 1903 747 1977 petit,
770 1907 803 1961 nt
824 1902 970 1962 Lntberas
992 1903 1188 1978 argumentis,
1215 1903 1309 1962 doctis

10 2069 11 2072 Ἴ
92 2005 269 2080 rationibus,
298 2005 354 2078 piis
389 2012 420 2064 et
448 2005 546 2065 solidis
569 2006 726 2079 Scriptnris
754 2006 957 2080 convincatur,
992 2023 1048 2079 qno
1069 2005 1147 2064 iacto
1169 2023 1201 2066 se
1223 2022 1309 2080 prae·

93 2111 242 2184 stitnmm,
274 2125 349 2183 quae
389 2109 659 2170 obedientissimum
692 2111 845 2170 Ecclesiae
880 2108 970 2168 lilium
1003 2108 1170 2170 deceant‘¹
1226 2111 1309 2170 Haec
1387 2123 1389 2128 ·

9 2251 11 2254 -
93 2213 190 2272 omnia
219 2219 397 2287 quantopere
430 2231 496 2273 cam
526 2215 562 2274 iis
592 2219 767 2289 congruant,
796 2229 872 2286 qnae
893 2213 1046 2272 Erasmnm
1076 2213 1113 2273 de
1136 2213 1309 2273 Lntbcrano

93 2317 212 2394 negotio
242 2293 454 2392 saepenumero
480 2319 665 2392 praedicasse
688 2319 827 2392 vidimus,
850 2317 937 2376 facile
959 2322 1051 2391 patet.
1095 2317 1198 2392 Neque
1222 2319 1311 2378 aliter

9 2495 10 2498 Ἴ
93 2421 130 2482 de
152 2423 289 2482 universa
310 2423 416 2497 agendi
438 2424 568 2498 ratione,
590 2441 677 2497 quam
698 2429 801 2498 postea
823 2422 1052 2496 sapientissimus
1068 2421 1187 2482 Elector
1208 2438 1310 2497 seque·

10 2569 15 2606 ια
92 2527 193 2600 batur,
222 2526 377 2587 dicendum
405 2527 489 2587 nobis
511 2533 565 2588 est.
610 2527 701 2599 Quam
721 2529 864 2588 rationem
886 2527 1064 2586 Mosbemins
1085 2533 1310 2588 commemorata

92 2631 237 2690 Eriderici
269 2635 363 2691 morte
396 2633 558 2692 rectissime
585 2632 738 2706 descripsit
767 2633 813 2690 bis
848 2632 959 2692 verbis:
989 2632 1073 2707 ,Illa,
1096 2631 1164 2691 dum
1186 2633 1311 2708 vixerat,

10 2815 11 2818 Ἴ
87 2734 200 2796 medius
234 2737 324 2795 veluti
364 2737 442 2796 inter
481 2734 651 2798 Pontificem
692 2737 853 2796 Romanam
898 2743 929 2798 et
968 2735 1129 2796 Lnthernm
1176 2743 1310 2815 steterat,

88 2857 144 2900 nec
178 2840 386 2914 desperaverat
415 2841 495 2916 iore,
523 2847 556 2901 nt
584 2843 635 2916 pia
664 2848 695 2902 et
723 2842 847 2901 honesta
873 2858 946 2917 pax,
974 2848 1090 2901 serrata
1119 2843 1198 2902 inter
1226 2843 1311 2902 dissi-

11 2994 13 2998 .
87 2945 193 3003 dentes
223 2945 304 3019 pacis
336 2951 367 3005 et
395 2947 491 3021 legum
530 2947 747 3023 communione,
796 2941 1066 3006 constitueretur.‘¹
1124 2947 1191 3006 Non
1232 2947 1311 3022 cogi·

14 3099 18 3108 .
88 3049 173 3108 tabat
209 3051 344 3124 egregias
386 3051 510 3124 scriptor
547 3051 583 3111 de
620 3051 761 3121 Erasmo,
807 3053 888 3125 cujus
926 3051 1038 3109 animus
1074 3050 1176 3110 iisdem
1213 3051 1310 3108 verbis

86 3158 225 3212 accurate
258 3153 385 3214 describi
418 3159 531 3230 potest,
568 3156 759 3229 similiterque
796 3171 886 3228 saepe
919 3154 1082 3226 descriptas
1116 3159 1170 3212 est
1226 3154 1309 3213 Haec

12 3313 17 3320 .
87 3257 234 3316 addimus:
266 3275 331 3316 cum
356 3260 406 3319 illo
428 3259 597 3319 Fridcricue
619 3276 678 3319 non
700 3264 813 3319 aarum
835 3258 953 3318 nimiam
976 3257 1098 3316 Lutberi
1120 3258 1311 3316 acrimoniam

18 3421 19 3429 ,
89 3367 120 3420 et
157 3361 336 3422 iracundiam
372 3363 570 3437 improbabat,
606 3363 659 3424 sed
694 3365 784 3423 etiam
817 3361 969 3422 dubitabat
1001 3361 1039 3421 da
1068 3361 1215 3421 nonnullis
1248 3362 1311 3436 ejus

14 3541 18 3551 Ι
87 3465 233 3540 dogmatis
255 3483 351 3540 neque
375 3469 412 3526 iis
433 3469 566 3528 omnibns
587 3469 651 3528 sine
674 3469 734 3528 ullo
755 3467 923 3528 discrimine
947 3465 1172 3528 assentiebatur.
1217 3467 1309 3528 Immo

20 3610 24 3616 -
88 3570 119 3628 id
141 3569 220 3643 quod
241 3570 381 3630 Erasmus
404 3571 570 3632 doctissima
590 3573 752 3646 sagacitate
773 3578 963 3646 perceperat,
985 3573 1047 3645 ipse
1070 3573 1168 3632 nativo
1184 3572 1309 3646 quodam

12 3661 16 3750 [
88 3674 196 3733 mentis
218 3676 327 3734 intuitu
349 3677 555 3752 intellegebat,
575 3693 612 3736 ex
634 3683 719 3751 parte
741 3677 880 3737 videlicet
893 3677 1079 3750 quaestiones
1094 3677 1208 3751 agitari,
1232 3693 1308 3750 quae

88 3793 186 3851 neque
208 3779 305 3838 subito
326 3797 422 3855 neque
450 3797 470 3841 a
492 3782 613 3856 singulis
634 3781 705 3840 viris
727 3781 800 3840 solvi
822 3787 948 3854 possent
997 3781 1158 3840 Praeterea
1178 3786 1311 3840 veterum

17 3872 31 3952 ’,
89 3881 273 3955 quarundam
312 3886 477 3959 opinionum
512 3885 827 3960 consuetudinumque,
866 3900 937 3958 quas
969 3883 1148 3944 eruditarum
1174 3883 1312 3957 princeps

28 3969 32 3978 ’
90 3987 163 4046 satis
185 3987 280 4048 libem
302 3991 399 4050 animo
417 3989 589 4065 jamdudum
617 3991 648 4050 in
670 3990 911 4064 disceptationem
931 3993 1115 4072 vocaverat,
1135 3987 1226 4046 veluti
1250 3985 1311 4044 cnl-

91 4096 139 4148 tus
169 4097 336 4152 sanctornm
359 4095 491 4168 reliquiis
516 4095 657 4170 praebiti,
689 4094 877 4170 singulariter
898 4098 986 4152 tenax
1010 4097 1084 4151 erat.
1128 4089 1221 4150 Simul
1242 4105 1313 4150 nero

13 4169 35 4300 {r
91 4201 124 4252 et
153 4195 320 4274 gaudebat,
353 4198 516 4258 Lutberum
545 4205 577 4258 nt
604 4217 745 4258 summum
774 4199 863 4258 decus
893 4196 1104 4271 universitatis,
1135 4211 1221 4270 quam
1250 4196 1312 4270 ipsc

23 4533 33 4544 .
185 4483 210 4554 l)
229 4483 388 4537 Seokaadori
403 4485 427 4550 1,
448 4491 507 4540 aab.
548 4487 606 4538 Hoc
629 4487 757 4540 Fridarici
782 4501 933 4554 responsum
957 4501 1010 4535 una
1035 4498 1091 4533 cam
1113 4480 1217 4532 Emunxi
1242 4479 1313 4532 ario·

14 4549 42 4616 ἵ
93 4553 170 4605 matis
187 4555 294 4622 Lipsiae
312 4559 381 4624 typis
399 4573 519 4608 excusum
538 4565 585 4608 est.
622 4557 662 4612 (ii.
682 4573 761 4622 snpra
777 4573 806 4623 p.
824 4563 884 4609 tlt.
968 4554 996 4622 2)
1016 4552 1135 4604 Historia
1152 4551 1315 4602 ecclesiastes

14 4639 26 4664 ¹»
94 4641 121 4690 p.
142 4629 202 4682 aaa.

141 4725 472 4772 satannianorum
486 4727 608 4772 enam.
1056 4715 1096 4773 18
