3188 5086
671 341 764 390 Carus
784 336 820 391 11.
1317 337 1351 393 '79

144 557 188 609 tes
212 550 367 611 admodum
392 553 516 611 (11181818
538 569 573 612 ex
596 559 680 626 parte
702 554 815 626 legibus
830 555 1007 614 scholasticis
1024 565 1054 613 et
1070 555 1273 614 ecclesiasticis
1290 561 1353 612 ute-

143 656 254 730 bantur,
276 655 517 730 proficiscendum
539 675 597 716 non
619 659 796 716 acommuni
816 659 939 731 imperio
956 658 1009 717 scd
1030 658 1216 717 aBorussica
1235 659 1353 718 civitate

143 777 204 819 esse
239 761 332 820 visum
366 769 419 820 881.
464 762 557 836 Hujus
589 763 667 821 enim
693 763 790 837 leges,
823 763 899 836 quod
926 763 964 821 ad
992 779 1041 822 res
1066 762 1354 822 Romanocatholicas

142 866 260 938 attinet,
284 871 349 939 post
371 881 478 924 annum
499 866 584 940 hujus
607 868 698 924 seculi
713 867 1060 941 undequinquagesimum
1079 883 1216 940 perquam
1236 868 1353 926 incaute

142 963 187 1049 (ut
209 986 302 1044 supra
323 964 498 1051 monuimus)
520 972 651 1030 variatae
674 979 705 1030 et
728 978 853 1030 1818188
876 977 969 1034 81811.
1013 973 1186 1030 Accesserat
1212 973 1270 1029 illis
1293 971 1354 1030 die-

142 1075 210 1149 bus,
233 1073 409 1134 seditionum
430 1077 557 1134 civilium
578 1073 737 1150 feracibus,
758 1077 834 1150 quod
848 1077 1107 1136 Pseudolutherani
1126 1075 1241 1148 quidam
1256 1077 1354 1134 curiae

142 1179 273 1258 asseclis,
304 1181 386 1252 quasi
411 1197 510 1239 secum
533 1177 695 1238 firmissima
717 1181 895 1254 reipublicae
918 1189 949 1239 et
971 1183 1071 1256 regiae
1095 1181 1242 1255 dignitatis
1265 1179 1355 1238 admi-

142 1284 239 1342 nicula
260 1283 305 1341 illi
328 1290 443 1358 essent,
466 1286 539 1343 mire
559 1283 698 1343 favebant
714 1291 745 1344 81
760 1287 974 1345 succurrebant.
1020 1285 1178 1344 Praeterea
1202 1285 1238 1344 ab
1253 1285 1355 1343 horum

142 1388 260 1460 quidem
284 1388 379 1447 auimo
403 1388 556 1447 admodum
577 1396 705 1448 remotus
728 1391 964 1463 generosissimus
987 1407 1040 1448 181
1062 1389 1228 1448 Fridericus
1249 1388 1357 1448 Guilel-

142 1509 204 1550 mus
224 1492 275 1553 IV.
305 1493 389 1551 initio
411 1493 496 1567 regni
518 1494 563 1551 sui
586 1495 687 1553 1811111
709 1495 847 1573 virorum,
870 1495 970 1568 quales
992 1493 1156 1570 1181181111,
1179 1493 1356 1567 Sedlnitzky,

144 1595 352 1670 Dicpcnbroclr
380 1613 443 1656 esse
469 1599 600 1672 videbat,
631 1599 688 1657 vim
718 1607 805 1672 atque
827 1604 1004 1673 potestatem
1025 1601 1055 1656 in
1078 1600 1204 1658 ecclesia
1224 1598 1357 1657 11811818

145 1702 283 1772 majorem
305 1717 391 1775 quam
414 1707 479 1760 erat
501 1703 743 1777 existamauerat,
771 1709 875 1777 postca
898 1704 1029 1778 demum,
1056 1705 1228 1776 praesertim
1251 1703 1357 1762 consti·

143 1811 206 1862 tuto
232 1821 307 1864 novo
330 1805 464 1864 Mariano
495 1807 646 1882 dogmate,
677 1814 785 1880 quanta
809 1809 870 1879 jam
894 1815 963 1866 tunc
992 1807 1053 1866 illic
1077 1808 1291 1866 antichristiani
1313 1809 1357 1864 in-

146 1910 223 1982 genii
254 1911 387 1983 potentia
419 1917 511 1985 esset,
541 1927 600 1970 non
632 1912 695 1970 sine
733 1912 852 1971 horrore
883 1909 1100 1986 perspexerat.¹
1149 1911 1231 1970 Haec
1260 1913 1357 1970 omnia

144 2013 332 2072 recordantes
362 2015 553 2074 consideratis
579 2017 782 2088 praesentibus
809 2016 1071 2075 ecclesiasticarum
1093 2016 1266 2074 seditionum
1285 2021 1358 2073 tem·

145 2119 262 2189 poribus
295 2117 430 2178 Guilelmi
462 2119 551 2194 Regis
584 2119 712 2180 Ministri
742 2121 780 2179 ad
819 2120 971 2194 pristinam
1004 2120 1293 2193 circumspectionem
1328 2127 1359 2178 et

145 2223 347 2298 severitatem,
382 2239 468 2296 quam
501 2225 623 2283 aliarum
650 2225 798 2284 civitatum
834 2225 966 2283 instituta
989 2223 1138 2296 hucusque
1168 2224 1357 2292 retinuerant,

142 2328 202 2400 jam
231 2323 503 2387 redeundum‘esse
536 2329 702 2402 censebant.
747 2331 850 2402 ltaque
871 2329 981 2402 placuit
1003 2328 1084 2400 leges
1106 2327 1260 2402 quasdam,
1291 2328 1359 2386 huic

146 2427 195 2488 fini
214 2449 268 2505 pro
286 2437 448 2506 temporum
470 2433 640 2492 condicione
663 2435 865 2508 inservientes
888 2433 1012 2493 comitiis
1034 2449 1108 2506 quae
1132 2432 1282 2490 instabant
1302 2432 1359 2490 Bo-

148 2537 262 2595 rnssicis
286 2553 458 2611 proponere.
504 2538 585 2610 Quae
613 2539 708 2613 leges,
737 2555 824 2612 quum
847 2540 907 2597 illic
929 2538 1004 2612 apud
1026 2545 1178 2610 utramque
1201 2542 1359 2596 conventus

148 2642 223 2700 illius
246 2643 356 2701 curiam
375 2644 407 2701 in
429 2643 668 2718 disceptationem
690 2645 839 2704 venisseut
862 2650 978 2718 etpost
1000 2646 1127 2704 variatas
1150 2643 1288 2716 quasdam
1312 2661 1360 2703 188

148 2746 284 2806 decretae
313 2753 426 2822 essent,
453 2749 633 2820 insequentis
660 2750 729 2807 anni
761 2765 860 2808 mense
892 2749 971 2822 Majo
998 2763 1016 2806 a
1045 2749 1124 2822 Rege
1158 2749 1297 2822 probatae
1330 2754 1361 2806 ct

148 2853 343 2924 proclamatae
369 2859 444 2912 sunt
494 2853 619 2912 Posthac
645 2871 730 2926 quum
763 2855 927 2912 amaxima
951 2855 1023 2912 cleri
1047 2859 1077 2912 81
1098 2854 1196 2927 populi
1220 2853 1362 2912 Romano-

148 2955 282 3014 catholici
311 2961 395 3029 parte
424 2957 539 3016 assidue
560 2959 765 3032 rejicerentur,
794 2957 988 3016 adtuendam
1010 2957 1136 3014 civitatis
1159 2957 1361 3015 auctoritatem

148 3059 223 3117 81188
246 3059 328 3133 18388
351 3059 467 3119 additae
489 3067 564 3120 aunt.
609 3061 689 3132 Quae
708 3077 807 3120 omnes
830 3078 894 3119 cum
915 3061 1060 3134 primariis
1081 3061 1138 3118 illis
1166 3077 1224 3117 uno
1246 3061 1361 3118 nomine

148 3165 373 3237 comprehensae
396 3164 477 3239 leges
497 3161 597 3240 Majae
620 3166 719 3224 vocari
737 3166 839 3224 solent.

234 3267 295 3326 Has
324 3268 412 3342 igitur
435 3269 516 3343 leges
544 3285 620 3328 nunc
649 3270 680 3327 in
707 3269 867 3327 certamine
897 3269 1045 3340 hucusque
1067 3265 1208 3339 flagrante
1231 3237 1362 3338 plerique
1470 3337 1471 3340 Ἴ

148 3371 222 3430 81811
245 3371 394 3431 cardinem
421 3389 517 3432 rerum
548 3375 742 3433 diversissimo
770 3375 866 3432 animo
894 3373 1052 3430 intuentur.
1096 3371 1157 3428 llas
1184 3371 1311 3444 mitigari
1332 3371 1362 3428 11

148 3475 270 3549 singulis
303 3477 356 3535 sed
388 3494 542 3550 nunquam.
571 3479 633 3537 tolli
662 3495 747 3553 posse
773 3478 900 3536 civitatis
925 3481 1153 3550 propugnatores
1184 3473 1362 3534 confirmant.

149 3579 209 3637 llas
231 3596 290 3638 non
317 3580 491 3654 mitigandas
518 3581 571 3641 sed
597 3582 727 3641 funditus
756 3581 899 3641 tollendas
929 3597 1007 3656 esse,
1034 3585 1067 3638 ut
1087 3597 1144 3654 pax
1167 3580 1364 3639 ecclesiastica

147 3685 370 3758 restitueretur,
413 3683 540 3744 Gentrici
581 3687 704 3760 impigre
742 3687 900 3744 clamitant.
954 3684 1013 3744 Sed
1051 3685 1154 3743 horum
1187 3683 1363 3742 callidissimi

148 3787 237 3846 duces
274 3803 331 3846 nou
361 3789 511 3863 ignorant,
545 3789 634 3849 etiam
669 3791 693 3848 si
730 3789 799 3848 illae
835 3805 935 3848 omnes
970 3789 1159 3860 tollerentur,
1192 3803 1294 3859 pacem
1326 3802 1364 3842 118

147 3892 266 3950 minime
297 3892 415 3966 quidem
443 3893 570 3952 futuram
604 3909 677 3954 8888.
733 3893 847 3967 Quippe
878 3896 940 3967 jam
974 3897 1043 3950 ante
1074 3893 1149 3949 latas
1182 3889 1249 3947 illas
1283 3888 1365 3961 leges

148 3997 285 4054 acerrimi
307 3998 415 4069 quique
438 3999 546 4056 milites
568 3995 713 4056 Pontificii
737 3999 888 4070 cumipse
910 3996 1026 4055 domino
1048 4011 1116 4068 suo,
1138 3998 1169 4050 81
1189 3993 1220 4050 11
1243 3991 1365 4050 comitiis

147 4101 254 4159 nostris
279 4101 395 4159 illorum
420 4099 542 4174 signifer
566 4101 747 4176 Meppensis,
773 4101 949 4160 Germaniae
975 4105 1005 4158 81
1035 4098 1189 4156 Β81188188
1219 4097 1364 4155 atrocissi-

146 4221 239 4278 mum,
261 4211 294 4263 ut
314 4204 452 4280 vidimus,
472 4205 582 4265 bellum
603 4206 769 4266 indixerant
789 4219 917 4278 eousque
940 4203 1124 4276 duraturum,
1147 4201 1241 4261 donec
1262 4217 1365 4259 novum

147 4309 301 4382 imperium
333 4309 480 4382 tyrannidi
514 4310 634 4384 Papali,
669 4327 705 4370 81
739 4309 895 4369 satellitum
928 4309 992 4381 cJ'us
1026 4305 1254 4365 confessionibus
1283 4303 1366 4362 uobis

148 4413 331 4488 notissimae,
366 4431 402 4473 8ο
432 4431 518 4487 quem
546 4430 633 4489 supra
667 4413 872 4488 descripsimus
906 4411 990 4471 modo
1021 4409 1217 4482 laudabiliter,
1251 4413 1284 4466 11
1316 4409 1365 4465 1811

237 4627 263 4690 1)
283 4625 321 4676 Ol.
339 4627 442 4678 libellus
461 4641 543 4677 meus:
564 4625 647 4676 David
660 4626 764 4676 8118188
782 4626 820 4674 als
834 4623 1000 4674 Romantilrer
1018 4623 1063 4672 das
1076 4621 1263 4672 Heidenthums
1283 4635 1307 4684 p.
1321 4623 1363 4667 1111.
