3202 5058
673 299 766 349 Canna
786 299 821 349 II.
902 263 908 276 ι
1316 299 1350 352 lb

133 521 171 572 nt
207 515 324 574 nescias
357 513 553 576 fortitudinem
579 522 610 574 et
641 516 848 590 constantiam,
882 532 920 574 an
952 514 1135 588 prudentiam
1169 523 1199 576 et
1232 501 1357 579 circum-²

134 621 320 693 spectionem
349 623 442 695 magis
471 621 630 682 admireris.
680 620 738 680 Sed
770 619 909 693 ejusmodi
931 621 1068 694 virtutes,
1097 638 1154 693 quo
1173 623 1353 684 manifestius

133 725 268 784 colorem
303 741 372 784 vere
394 726 565 784 Jesuiticum
588 725 744 797 duxeruut,
771 742 806 784 eo
833 726 940 796 justius
962 725 1115 799 splendida
1137 727 1207 784 vitia
1230 745 1281 788 eas
1303 747 1353 789 no-

132 831 305 889 minareris

229 935 259 992 Is
282 936 359 994 euim
381 935 505 1010 animus,
535 952 591 1009 quo
612 936 728 1009 imperii
749 935 883 994 Jesuitici
915 951 1022 996 arcana
1045 935 1082 994 ab
1104 935 1190 994 initio
1213 938 1354 1011 gereban-

133 1049 197 1114 tur,
225 1040 289 1112 ipse
320 1041 412 1099 malus
441 1041 508 1114 ille,
533 1057 619 1114 quem
645 1041 783 1114 dirdmus,
811 1039 958 1098 Romanae
989 1040 1132 1098 ecclesiae
1156 1042 1257 1115 genius
1281 1052 1353 1102 erat.

136 1145 197 1216 Qui
228 1143 450 1218 ,transfigurans
481 1163 513 1205 se
543 1147 573 1204 in
596 1145 732 1217 angelum
751 1143 837 1204 lucis‘
865 1146 1001 1204 meliores
1022 1145 1087 1203 illos
1109 1145 1217 1204 ordinis
1240 1148 1354 1208 sodales

137 1257 172 1308 et
195 1251 273 1322 ipsos
295 1250 411 1322 decepit
433 1256 463 1308 ot
486 1251 523 1309 ad
545 1251 617 1309 alios
640 1249 825 1323 decipiendos
841 1249 979 1309 adhibuit.
1008 1249 1125 1310 Etenim
1141 1253 1239 1325 specie
1257 1259 1353 1312 osten-

136 1355 261 1414 tabator
286 1353 393 1414 Christi
415 1372 549 1430 regnum,
577 1371 682 1416 revera
703 1354 810 1414 Christi
839 1355 903 1413 loco
925 1355 1035 1414 ordinis
1055 1360 1186 1414 rectores
1208 1359 1355 1430 poneban-

138 1467 199 1518 tur.
244 1459 284 1517 Ei
307 1459 441 1518 Pontifici
463 1477 516 1534 per
537 1461 629 1534 ipsos,
657 1461 728 1534 ipsis
750 1477 803 1534 per
817 1457 987 1518 Pontificem
1009 1459 1213 1520 dominandum
1236 1479 1356 1524 censue·

139 1569 225 1637 runt;
258 1565 289 1622 in
321 1565 399 1624 illius
433 1564 488 1624 sibi
518 1565 589 1638 ipsis
616 1564 779 1624 obedientis
816 1565 986 1637 obsequium
1024 1565 1157 1625 omnibns
1181 1565 1354 1628 Christianis

138 1667 295 1742 jurandum
327 1685 406 1742 esse;
433 1669 464 1727 iu
491 1669 551 1727 solo
579 1669 635 1728 boc
664 1670 782 1727 servitio
811 1668 982 1728 catholicam
1008 1669 1147 1742 pietatem
1181 1675 1211 1728 et
1234 1672 1356 1732 salutem

142 1772 314 1847 ponendam.
359 1773 440 1844 Quae
463 1774 638 1847 omniaque
660 1773 754 1832 miuus
776 1774 878 1846 spiritu
899 1789 969 1832 sere
986 1773 1144 1834 christiano
1167 1773 1243 1834 effici
1256 1783 1357 1850 potue·

142 1885 226 1951 runt,
253 1893 289 1936 eo
315 1879 441 1951 largiora
462 1879 595 1938 Jesuitae
629 1884 752 1938 externa
778 1878 898 1952 auxilia,
929 1877 1086 1952 exercitia,
1119 1879 1252 1938 instituta
1272 1899 1357 1955 prae-

142 1984 284 2056 buemnt,
317 1983 419 2056 quibus
453 1981 551 2057 fieret,
585 1989 617 2042 ut
648 1984 738 2042 etiam
764 1983 911 2042 interioris
942 1982 1066 2041 hominis
1096 1989 1190 2042 motus
1228 1988 1356 2044 externis

143 2085 274 2146 artificiis
308 2088 505 2147 excitarentur
538 2094 569 2146 et
597 2087 801 2162 dirigerentur.
845 2086 963 2144 Etenim
993 2086 1189 2146 enthusiasmo
1223 2089 1356 2164 quodam,

144 2193 259 2266 saepius
283 2193 439 2266 coetaneo,
461 2191 638 2266 nitebantur,
660 2190 874 2265 imaginationis
897 2196 928 2248 et
948 2190 1119 2263 phantasiae
1141 2208 1197 2264 ope
1219 2210 1271 2265 pro
1294 2209 1358 2252 cer·

144 2297 183 2354 tis
204 2295 375 2369 quibusdam
393 2297 500 2370 regulis
522 2295 677 2356 excitando
700 2301 789 2369 atque
811 2294 928 2369 alendo,
951 2294 990 2353 ad
1011 2295 1215 2366 amplexandas
1236 2297 1358 2356 traditas

144 2400 291 2472 quaslibet
316 2403 536 2474 superstitiones
566 2401 757 2474 paratissimo.
806 2400 859 2458 His
889 2399 1001 2458 artibus
1023 2398 1191 2458 Moeblerus
1216 2401 1258 2460 ait
1283 2404 1358 2475 jam·

143 2505 257 2578 pridem
278 2505 344 2563 illos
366 2506 520 2564 ecclesiam
542 2505 701 2564 &menam
722 2505 753 2562 in
775 2520 909 2577 magnum
930 2502 1073 2577 quoddam
1095 2504 1358 2565 machinamentum

144 2615 308 2668 mutaturos
323 2609 425 2683 fuisse,
447 2611 504 2668 uisi
516 2610 712 2684 deraemistae,
733 2609 805 2668 licet
824 2614 854 2668 et
868 2609 924 2682 ipsi
945 2608 976 2666 in
996 2609 1085 2666 aliam
1106 2615 1220 2682 partem
1234 2625 1357 2683 peccan-

145 2721 201 2787 tes,
220 2713 335 2773 iortiter
355 2713 467 2773 obviam
487 2716 523 2774 iis
538 2712 682 2775 ivissent¹
712 2715 851 2789 Magnum
865 2730 935 2772 vero
947 2713 1019 2772 illud
1033 2713 1305 2790 machinamentum,
1327 2721 1361 2774 ut

145 2820 229 2890 regni
256 2817 361 2892 divini,
382 2836 435 2892 pro
455 2819 552 2879 indole
582 2837 635 2879 sna
656 2819 810 2893 liberrimi,
830 2820 898 2891 jura
917 2823 1086 2892 usurparet,
1117 2816 1220 2878 fraude
1242 2836 1277 2878 ac
1298 2822 1360 2879 vio-

146 2923 239 2982 lentia
272 2907 374 2982 carere
408 2940 553 2997 nunquam
587 2925 688 2997 potuit.
738 2925 772 2982 In
798 2923 843 2980 his
878 2921 965 2980 rebus
995 2922 1169 2996 principalia
1198 2923 1358 2984 Jesuiticae

148 3027 298 3086 societatis
325 3028 398 3085 vitia
425 3029 482 3086 sita
513 3034 595 3103 sunt,
634 3028 702 3088 inde
728 3026 873 3086 fluxerunt
904 3031 1003 3085 cetera
1035 3027 1141 3084 omnia
1185 3025 1266 3096 Quae
1289 3029 1360 3087 vitia

145 3133 205 3204 jam
228 3133 259 3190 in
287 3133 351 3205 ipso
373 3133 488 3204 ignatio
509 3132 611 3206 Lojola
638 3133 727 3190 multo
749 3131 880 3203 pleniora
907 3139 993 3202 quam
1017 3129 1165 3201 hucusque
1188 3131 1362 3189 credebatur

148 3237 301 3296 emicuisse
322 3253 358 3295 ex
381 3236 510 3308 epistolis
533 3239 595 3310 ejus
617 3236 784 3310 nuperrime
808 3233 893 3293 editis
915 3233 1074 3291 clarissime
1093 3230 1201 3305 patet²
1244 3233 1362 3292 Etenim

149 3341 345 3399 enthusiasmo
375 3341 514 3400 ecstatioo
537 3347 568 3400 et
590 3341 789 3415 superstitioso
812 3339 871 3397 suis
893 3335 1073 3411 praecedens
1096 3335 1134 3394 ad
1153 3336 1362 3411 suinciendum

148 3443 241 3504 ordini
273 3443 409 3504 muudum
431 3462 490 3502 non
516 3444 600 3504 modo
630 3446 719 3504 animi
747 3444 836 3503 robur
869 3457 939 3501 vere
966 3441 1137 3500 admirabile
1166 3444 1277 3518 attulit,
1310 3443 1362 3504 aed

149 3551 238 3608 etiam
268 3548 414 3609 vafritiem
442 3550 586 3624 quandam
623 3551 853 3624 diplomaticam,
887 3549 924 3607 de
954 3548 1123 3607 sinceritate
1151 3564 1186 3606 ac
1215 3547 1361 3622 probitate

149 3670 205 3712 uon
228 3654 380 3713 mmodum
401 3655 563 3714 sollicitam.
607 3653 713 3714 Docuit
734 3653 848 3713 sodales
870 3653 1037 3725 Principum
1062 3651 1258 3725 nobiliumque
1280 3652 1362 3712 femi-

149 3775 250 3818 uamm
268 3759 502 3818 benevolentiam
517 3760 664 3819 blanditiis
679 3760 848 3834 anquirere,
868 3763 1004 3818 caventes
1018 3775 1056 3816 ne
1075 3757 1272 3817 emendandae
1295 3774 1362 3816 con-

149 3864 290 3922 scientiae
318 3879 388 3922 cura
416 3865 532 3923 molesti
561 3865 620 3924 illis
651 3870 756 3924 essent.
807 3862 997 3938 Iurisjuraudi
1026 3861 1132 3920 oblitus
1158 3861 1232 3920 clam
1262 3867 1363 3920 contra

148 3967 247 4027 sedem
270 3967 430 4026 Romanam
452 3985 516 4027 cum
531 3969 690 4042 Hispaniae
715 3975 745 4028 et
766 3968 936 4028 Lusitaniae
956 3965 1074 4038 regibus
1089 3963 1187 4023 iacere
1203 3980 1260 4022 non
1282 3962 1364 4023 dubi-

149 4073 229 4132 tarit.
281 4075 384 4146 Itaque
419 4073 554 4134 clemens
587 4073 664 4134 XIV.
698 4074 730 4133 in
763 4073 858 4147 bulla,
891 4087 966 4146 quae
999 4070 1102 4144 incipit
1140 4067 1293 4142 ,Dominus
1327 4085 1362 4128 ac

148 4177 328 4252 Redemptor
354 4178 477 4252 noster,‘
497 4195 549 4238 auo
575 4180 642 4252 jure
669 4176 840 4253 significavit
863 4176 965 4235 eadem
995 4174 1115 4246 damna,
1148 4177 1267 4247 propter
1289 4190 1363 4247 quae

238 4349 265 4412 l)
286 4346 324 4396 Gi.
343 4347 411 4408 Lau,
438 4346 545 4412 Beitrag
570 4363 615 4396 zur
633 4345 799 4410 Wiirdigung
822 4344 866 4394 des
888 4341 1142 4404 Jesuiten-Ordons,
1167 4341 1267 4392 Lunam
1287 4347 1363 4406 1840,

147 4451 174 4500 p.
193 4439 317 4484 23—25.
353 4434 424 4490 Quae
440 4434 496 4484 illic
513 4450 538 4498 p.
559 4439 654 4484 1-29
672 4434 794 4498 leguntur
814 4447 844 4480 ex
861 4429 988 4480 Moehlsri
1004 4429 1158 4479 lectionibus
1177 4435 1277 4494 sumpta
1296 4435 1362 4480 sunt.

238 4523 266 4586 2)
285 4520 315 4570 Id
334 4521 457 4586 exemplis
478 4521 564 4571 allatis
588 4520 708 4585 probavit
724 4517 832 4569 Druffel:
861 4517 976 4584 ignatius
994 4515 1092 4582 Loyolo
1110 4531 1141 4564 an
1161 4515 1205 4564 aler
1222 4515 1364 4566 riimiscbeu

147 4610 238 4674 Curia,
261 4609 389 4659 Miinobeu
410 4615 483 4658 lato.
521 4608 557 4658 Cf.
577 4607 696 4672 inprimis
714 4623 738 4671 p.
753 4612 785 4656 2ss
798 4623 830 4660 ss.
851 4623 876 4672 p.
890 4611 931 4656 al.
