3156 5056
202 254 253 310 232
689 253 795 300 Paarrs
813 249 925 298 Parours

201 469 319 528 interim
351 466 430 524 illius
461 464 612 538 opiniones
645 460 751 521 infixae
783 465 850 520 sunt
880 461 983 519 animis
1010 459 1209 531 plurimorum,
1243 473 1331 530 quum
1360 472 1410 515 eas

201 572 320 632 videant
340 585 398 627 uon
420 567 523 627 refelli.
539 599 580 609 -
603 565 721 626 Habent
744 571 775 623 et
796 563 951 623 Laicorum
973 563 1072 621 ielicia
1093 562 1212 636 ingenia
1234 577 1318 619 sumn
1336 559 1411 634 judi·

202 675 286 735 cium.
330 671 402 731 Sunt
427 676 471 730 tot
497 671 604 730 eruditi
630 669 685 728 viri
715 674 746 729 et
774 669 863 727 iidem
891 669 974 740 boni,
1005 683 1125 740 quorum
1155 671 1187 724 ut
1211 665 1331 738 quisque
1353 665 1410 722 sin-

203 777 367 836 cerissimus
390 780 435 834 est
457 791 492 832 ao
514 775 647 832 veritatis
668 773 854 846 evangelicae
877 771 1090 844 tenacissimus,
1117 771 1159 828 ita
1181 768 1302 828 Lutberi
1329 767 1410 827 libris

201 881 319 940 minime
350 885 396 938 est
425 876 563 936 inieram.
605 876 775 950 Hujnemodi
797 876 916 948 ingenia
937 874 1035 934 doceri
1058 873 1193 946 cupiunt,
1224 873 1289 946 cogi
1311 873 1412 931 nolunt

192 1000 297 1058 'neque
325 981 442 1042 debent
492 981 647 1040 Asiuorum
681 987 726 1040 est
756 979 818 1054 cogi
851 984 977 1049 tantum,
1010 983 1196 1052 tyrannorum
1226 992 1339 1050 cogere.
1369 1007 1410 1016 —

203 1088 342 1147 Videmus
363 1085 522 1144 Lutberum
551 1084 629 1159 apud
656 1100 756 1144 omues
783 1083 861 1142 vitae
883 1083 1052 1155 integritate
1075 1081 1283 1154 commendari,
1314 1079 1412 1139 etsie

203 1207 268 1252 esse
292 1189 409 1249 infixum
429 1190 532 1248 animis
553 1189 713 1260 hominum,
740 1189 913 1261 praesertim
936 1185 1160 1258 Germanorum,
1189 1201 1361 1258 quamquam
1383 1187 1413 1242 ct

203 1295 280 1368 apud
312 1295 385 1354 alias
416 1294 564 1367 nationes,
597 1297 642 1365 ut,
677 1292 805 1366 quisquis
839 1297 885 1350 est
916 1290 1098 1364 integerrimi
1127 1289 1244 1364 judicii,
1279 1289 1334 1348 hoc
1367 1293 1413 1347 est

203 1397 327 1455 maxime
350 1401 477 1454 semotus
500 1396 537 1454 ab
560 1395 605 1454 his
626 1394 725 1468 rebus,
753 1410 828 1468 quae
856 1395 950 1453 solent
967 1393 1078 1467 judicia
1101 1408 1299 1466 corrumpere,
1329 1393 1414 1451 mini·

203 1517 280 1559 mum
310 1496 441 1557 infensus
470 1499 509 1556 sit
534 1498 671 1556 Luthero.
697 1498 809 1582 'Nemo
840 1514 898 1556 non
928 1497 1049 1571 fatetur,
1082 1511 1146 1556 ease
1172 1513 1208 1554 ex
1228 1496 1306 1555 illius
1333 1495 1414 1554 libris

204 1601 312 1660 iactum
332 1617 397 1660 esse
419 1601 584 1676 meliorem,
607 1601 721 1660 etiamsi
744 1600 885 1674 quaedam
908 1601 1032 1660 fortasse
1053 1600 1157 1659 merito
1174 1599 1355 1673 displiceant
1371 1631 1413 1641 —

204 1707 342 1764 Novimus
363 1705 573 1765 Germanorum
595 1705 720 1779 animos,
742 1703 872 1764 videmus
889 1704 1056 1763 Bobemiam
1071 1709 1114 1762 tot
1129 1705 1211 1762 annis
1226 1705 1414 1777 pertinacem.

204 1809 343 1868 Audimus
366 1807 493 1882 quotidie
514 1825 617 1882 graves
638 1809 794 1884 multorum
811 1809 1018 1882 querimonias,
1039 1809 1205 1881 negantium
1221 1807 1330 1868 diutins
1344 1809 1415 1867 ferri

204 1929 290 1988 posse
311 1913 461 1972 Romanae
484 1912 562 1972 sedis
580 1915 689 1987 jugum.
735 1913 818 1985 Quod
839 1913 865 1971 si
886 1929 934 1972 res
954 1917 1075 1986 geratur
1097 1912 1196 1971 odiose
1215 1927 1249 1970 ac
1263 1912 1415 1986 violenter,

204 2019 254 2090 qui
282 2017 437 2091 prudentia
464 2018 544 2076 valet
571 2015 657 2076 facile
686 2016 839 2092 divinabit,
871 2017 935 2090 quis
956 2033 1053 2075 rerum
1075 2016 1214 2075 tumultus
1236 2017 1327 2090 possit
1349 2015 1416 2074 hinc

206 2121 361 2196 exsistere,
390 2138 477 2195 quum
507 2121 676 2195 frequenter
701 2138 737 2180 ex
765 2120 919 2180 levioribus
947 2121 1038 2178 initiis
1060 2120 1209 2178 videamus
1231 2125 1295 2178 orta
1318 2120 1416 2193 perni-

206 2224 364 2284 ciosissima
394 2225 494 2284 mundi
526 2225 654 2284 dissidia
684 2255 725 2266 —
760 2225 834 2296 Quin
868 2230 898 2283 et
930 2225 1053 2282 mundus
1085 2222 1213 2298 videtur,
1244 2213 1353 2282 veteris
1381 2239 1415 2281 ac

206 2329 324 2387 nimium
353 2328 391 2388 ad
418 2329 589 2402 sophisticas
617 2329 745 2402 argutias
773 2329 927 2401 prolapsae
949 2327 1114 2402 theologiae
1135 2333 1303 2400 pertaesus,
1333 2328 1415 2387 sitire

206 2431 301 2490 fontes
328 2433 516 2505 evangelicae
545 2432 695 2490 doctrinae
726 2437 756 2490 et
784 2432 841 2490 huc
862 2430 977 2492 videtur
999 2433 1161 2504 inupturus
1189 2432 1232 2505 vi,
1261 2431 1317 2488 nisi
1339 2431 1416 2492 iores

206 2535 388 2608 aperiantur,
411 2535 485 2593 adeo
507 2539 554 2608 ut,
577 2535 691 2599 etiamsi
711 2533 863 2607 displiceat
881 2534 1025 2594 Lutherus
1048 2539 1139 2608 totus,
1162 2541 1261 2594 tamen
1283 2541 1417 2608 oporteat

205 2638 337 2695 innovari
359 2637 532 2711 theologiam
554 2615 774 2696 scholasticam}

294 2740 374 2812 Quae
397 2746 556 2814 sequuntur
578 2757 677 2800 eorum
700 2742 805 2800 similia
828 2745 909 2814 suut,
930 2758 1005 2814 quae
1026 2759 1080 2816 per
1098 2741 1226 2802 Fabrum
1240 2743 1417 2817 Peutingero

207 2845 417 2904 consideranda
446 2845 508 2918 ipse
537 2851 744 2919 proposuerat:
775 2844 923 2915 ,Caesaris
951 2850 981 2904 et
1007 2846 1173 2920 Principum
1196 2847 1417 2907 christianornm

207 2965 272 3008 esse
293 2950 475 3023 prospicere,
498 2955 531 3008 ut
547 2950 697 3024 negotium
711 2948 909 3007 Lutheranum
924 2948 1141 3022 disquirendum
1156 2957 1187 3010 et
1202 2951 1418 3011 decernendum

208 3054 307 3113 electis
337 3054 406 3112 viris
436 3055 558 3113 eximiae
585 3053 735 3113 doctrinae
765 3059 972 3127 spectataeque
1002 3055 1155 3128 probitatis
1183 3061 1214 3114 et
1242 3050 1419 3129 integritatis

207 3159 414 3232 committatur,
444 3159 475 3216 in
506 3174 577 3231 quos
606 3159 687 3217 nulla
716 3157 801 3217 eadat
830 3159 971 3232 suspici0,
1000 3159 1047 3218 vel
1074 3159 1151 3232 quod
1179 3165 1259 3218 metu
1288 3166 1339 3218 aut
1367 3176 1420 3234 spe

206 3263 298 3322 velint
316 3263 429 3322 adulari
449 3261 579 3322 Romano
594 3260 727 3322 Pontifici
750 3269 851 3321 contra
874 3265 1028 3322 veritatem
1051 3264 1261 3338 evangelicam,
1282 3265 1328 3322 vel
1345 3265 1422 3337 quod

209 3365 347 3424 advorsae
370 3366 490 3424 factioni
512 3368 638 3424 humano
660 3365 754 3425 studio
777 3367 909 3426 faveant:
933 3367 978 3425 bis
999 3367 1191 3442 perlegendos
1212 3383 1277 3427 esse
1299 3368 1420 3426 Lutberi

209 3467 297 3526 libros
318 3473 349 3526 et
364 3473 467 3542 postea
482 3469 643 3528 Lutherum
663 3486 762 3528 coram
784 3469 968 3530 audiendum.
1005 3472 1032 3529 A
1051 3470 1191 3531 Pontifice
1209 3471 1423 3546 impetrandum

209 3587 287 3644 esse,
315 3577 347 3629 ut
374 3571 412 3630 ob
441 3574 595 3631 veritatem
625 3574 822 3647 evangelicam
852 3579 883 3632 et
912 3591 1014 3648 pacem
1036 3575 1115 3634 orbis
1139 3577 1290 3636 christiani
1313 3577 1349 3636 de
1370 3593 1423 3636 suo

204 3678 272 3750 jure
294 3675 424 3732 nonnihil
444 3674 586 3734 concedat
608 3676 763 3735 admittens
786 3679 911 3736 vircrmn
933 3677 1047 3736 illorum
1070 3678 1107 3738 de
1130 3686 1213 3739 tanta
1231 3681 1421 3748 causaarbi·

208 3779 310 3851 trium,
333 3781 469 3852 quoniam
491 3781 534 3838 ita
555 3781 702 3838 hominum
725 3782 881 3855 suspicioni
902 3783 1083 3858 consulatur,
1107 3784 1184 3858 apud
1206 3801 1275 3858 qnos
1297 3785 1421 3845 fortasse

208 3884 299 3956 ipsius
316 3881 464 3943 Pontifieis
480 3883 621 3958 judicium
639 3886 733 3944 minus
756 3886 893 3959 ponderis
915 3887 1078 3946 habiturum
1100 3890 1152 3963 sit,
1173 3888 1249 3962 quod
1270 3889 1306 3947 ob
1328 3889 1423 3948 indul-

208 3987 322 4058 gentias
352 4003 387 4046 ac
415 3989 570 4062 primatum
600 4007 652 4048 suo
681 3991 798 4064 negotio
826 3990 925 4050 favere
956 3991 1047 4064 possit
1074 3991 1174 4050 videri.
1220 3992 1301 4063 Quae
1324 3994 1422 4052 omnia

209 4091 234 4148 si
267 4091 360 4149 miuus
390 4094 541 4166 placeant,
574 4109 691 4152 causam
722 4095 801 4152 illam
832 4094 869 4152 ad
901 4095 1061 4167 proximum
1096 4095 1250 4154 concilium
1281 4097 1421 4170 generale

209 4194 414 4254 remittendam
437 4211 516 4274 esse,
545 4195 621 4268 quod
643 4198 731 4256 etiam
754 4196 790 4256 ob
813 4199 919 4256 multas
941 4197 1013 4255 alias
1033 4215 1135 4258 causas
1155 4200 1301 4272 postulare
1323 4200 1423 4259 videa·

207 4304 254 4356 tur
284 4304 376 4358 status
404 4300 583 4373 reipublicae
612 4302 788 4360 christianae
818 4300 916 4359 multis
947 4300 1038 4360 modis
1070 4308 1230 4375 corruptus.
1275 4303 1351 4362 Nam
1377 4304 1422 4362 in·

208 4403 410 4476 tempestivum
432 4404 526 4463 videri
548 4421 610 4463 rem
633 4413 692 4464 tam
715 4404 834 4464 arduam
857 4407 936 4464 velut
957 4405 1052 4464 obiter
1073 4421 1162 4480 agere
1187 4405 1367 4466 Wormstiae
1389 4408 1422 4466 iu

209 4511 291 4566 tauto
316 4509 517 4584 principalium
545 4511 724 4583 negotiorum
750 4511 887 4585 tumultu,
915 4511 1091 4584 praesertim
1112 4527 1199 4584 quum
1219 4528 1267 4568 res
1285 4513 1345 4583 jam
1368 4529 1422 4570 nn·
