3194 5042
674 337 762 391 Cnrur
780 338 827 392 VI.
1312 341 1362 395 169

134 539 210 597 bene
231 538 429 615 perspexerit,
457 542 555 599 tamen
577 545 698 616 propter
719 559 857 614 acumen,
886 541 1076 616 soliditatem,
1103 541 1277 600 modestiam
1301 561 1363 602 sae-

134 646 203 722 pius
222 646 371 722 praedicat
391 651 421 705 et
439 651 540 706 contra
558 648 818 724 contemptionem,
842 667 900 726 qua
919 649 1091 725 praesertim
1113 653 1180 725 post
1199 649 1363 708 Cartesium

135 753 223 812 etiam
251 754 330 812 inter
352 753 644 814 Romauocatholicos
666 754 711 814 illi
735 756 951 830 afficiebantur,
979 755 1119 815 defendit.
1165 755 1201 814 Iu
1224 757 1363 832 majorem

134 859 329 920 nihilominus
347 861 570 938 despicientiam
589 862 688 922 seculo
705 863 818 923 decimo
837 867 938 922 octavo
957 863 1002 922 illi
1016 868 1169 938 venerunt,
1188 882 1280 941 quum
1299 864 1363 923 ubi-

135 985 193 1044 que
220 969 281 1028 lero
308 967 472 1028 doctissimi
499 969 555 1028 viri
582 987 674 1029 novas
706 969 901 1046 cognoscendi
932 971 996 1030 vias
1023 971 1225 1030 diversissima
1251 971 1364 1031 ratione

135 1081 316 1152 quaererent.
362 1075 425 1136 Nec
443 1081 542 1136 tamen
565 1077 723 1138 defuerunt
745 1078 823 1136 inter
840 1078 1040 1137 Protcstautes
1064 1079 1115 1155 qui
1134 1078 1278 1138 obtinenti
1301 1079 1364 1156 opi·

135 1182 218 1242 nioui
244 1181 360 1242 abnam
387 1183 472 1244 irent.
519 1183 568 1244 Sic
594 1184 721 1259 Semler,
749 1185 826 1244 inter
848 1185 966 1244 critices
992 1185 1174 1262 theologicae
1199 1186 1364 1246 conditores

135 1290 355 1366 celeberrimus,
389 1291 580 1351 scholasticos
607 1292 643 1352 ab
674 1292 712 1351 iis
746 1293 893 1352 contemni
921 1293 974 1367 ait,
1007 1293 1059 1370 qui
1087 1293 1123 1352 ad
1156 1292 1364 1353 exscribendos

135 1416 237 1456 eorum
255 1397 346 1458 libros
364 1399 408 1458 uti
427 1398 489 1458 illis
507 1417 567 1458 uon
584 1399 758 1476 potuissent
804 1400 1035 1477 christophorus
1054 1399 1243 1474 Doederlein,
1262 1418 1363 1477 super-

134 1505 333 1580 naturalismi,
352 1507 404 1583 qui
423 1506 542 1582 dicitur,
565 1512 667 1566 contra
683 1507 881 1567 rationalistas
901 1513 1101 1585 propugnator
1119 1507 1364 1585 spectatissimus,

135 1631 168 1672 se
200 1631 316 1690 quoque
343 1613 494 1674 horruisse
525 1614 684 1692 aliquando
712 1615 830 1675 illorum
863 1615 1026 1675 barbariem
1053 1615 1175 1690 fatetur,
1207 1621 1364 1692 postquam

134 1738 204 1779 vero
235 1738 337 1780 eorum
369 1721 479 1798 scripta
510 1721 734 1799 perlustraverit
765 1741 799 1782 eo
831 1741 864 1782 00
895 1723 1054 1782 deductum
1087 1741 1165 1797 esse,
1197 1727 1232 1782 ut
1263 1740 1364 1782 eorum

135 1827 344 1904 eruditionem,
369 1829 575 1904 subtilitatem,
594 1831 732 1906 ambigua
750 1831 937 1890 discernendi
957 1830 1101 1904 studium,
1125 1835 1364 1906 argumentorum

135 1934 249 2012 copiam
272 1941 302 1995 et
321 1937 561 2013 perspicuitatem
584 1942 672 2015 atque
690 1937 873 1997 tractationis
896 1937 1028 1997 ordinem
1046 1937 1221 2012 admiratus,
1245 1955 1364 2013 magne

135 2061 201 2100 rum
228 2047 317 2120 atque
339 2043 558 2119 ingeniosorum
587 2045 740 2104 hominum
763 2044 858 2121 elogio
884 2063 937 2122 per
960 2045 1098 2121 injuriam
1126 2062 1176 2104 eos
1198 2043 1364 2103 defraudari

136 2150 193 2208 sibi
215 2151 403 2227 persuaserit.
448 2151 559 2212 Eodem
588 2153 650 2212 fere
677 2157 809 2229 tempore
832 2152 1035 2226 Tennemann,
1064 2151 1166 2211 Kantii
1188 2151 1363 2228 discipulus,

135 2276 229 2334 quum
256 2257 425 2318 universam
447 2259 651 2336 philosophiae
678 2259 831 2319 historiam
858 2260 960 2318 critice
983 2263 1156 2336 exponeret,
1183 2259 1242 2318 duo
1264 2259 1364 2334 magni

135 2365 232 2443 operis
251 2365 402 2425 volumina
424 2366 456 2425 in
476 2371 640 2426 accuratam
660 2367 901 2427 scholasticorum
924 2371 1119 2442 systematum
1137 2365 1364 2442 descriptionem

135 2473 304 2550 insumpsit
350 2473 387 2533 In
414 2474 522 2552 quibus
550 2474 785 2551 pervestigandis
811 2493 904 2552 aequo
931 2479 999 2552 post
1025 2473 1111 2533 illum
1134 2473 1156 2532 ii
1179 2491 1281 2533 omnes
1303 2473 1365 2533 fere

136 2579 304 2640 Germanici
323 2581 480 2658 scriptores
502 2581 721 2657 laboravenmt,
745 2601 870 2660 qnorum
888 2581 1035 2641 industria
1057 2586 1087 2641 et
1109 2581 1245 2641 acumine
1263 2579 1366 2640 Victor

137 2687 248 2747 Cousin
276 2689 386 2748 factum
413 2707 480 2749 esse
507 2690 668 2766 significat,
699 2695 734 2750 ut
761 2689 965 2770 philosophiae
992 2688 1115 2749 historia
1141 2707 1218 2748 nova
1244 2706 1365 2766 prorsus

136 2801 166 2854 01
189 2796 298 2854 0111111111
317 2797 457 2856 momenti
482 2797 639 2874 disciplina
660 2798 794 2858 evaserit.
840 2797 944 2875 Neque
963 2797 1121 2857 defuemnt
1143 2796 1193 2856 val
1210 2796 1289 2873 apud
1311 2813 1365 2856 nos

136 2902 185 2962 vel
211 2903 291 2980 apud
313 2903 533 2980 FrancogalloS,
561 2904 614 2982 qui
641 2905 833 2982 inquirendae
861 2904 1035 2980 singillatim
1061 2903 1152 2962 medii
1178 2903 1242 2962 aevi
1270 2901 1365 2980 philo·

137 3010 259 3087 sophiae
289 3029 408 3088 operam
435 3011 545 3072 darent
598 3011 734 3088 Denique
764 3013 870 3070 horum
902 3011 1034 3070 omnium
1060 3010 1208 3070 laboribus
1240 3009 1365 3084 diligen·

136 3117 252 3178 tissime
278 3118 326 3178 usi
349 3118 580 3196 praetentissimi
607 3118 747 3178 historiae
772 3117 989 3177 ecclesiasticae
1016 3117 1174 3192 scriptores
1197 3114 1364 3175 Germanici

137 3225 195 3285 nisi
219 3231 302 3300 sunt,
325 3231 359 3285 ut
381 3227 469 3286 etiam
494 3224 734 3286 scholasticorum
756 3223 974 3302 philosophiam
1000 3241 1034 3283 ac
1052 3223 1229 3297 theologiam
1251 3241 1365 3281 earum·

137 3351 196 3410 que
225 3337 362 3392 mutuum
393 3334 471 3394 inter
498 3351 530 3394 sc
557 3350 723 3393 connexum
751 3337 782 3392 01
807 3336 886 3391 10010
913 3330 1195 3408 comprehenderent
1225 3333 1256 3390 et
1283 3329 1364 3406 juste

137 3439 340 3516 dijudicarent.
392 3439 506 3514 Quibus
532 3441 611 3500 viam
638 3439 764 3517 praeivit
790 3439 836 3498 vir
862 3438 951 3498 etiam
974 3437 1150 3497 adversariis
1177 3437 1364 3512 reverendus,

138 3547 268 3624 simplici
295 3552 325 3608 et
347 3547 407 3608 alta
429 3547 539 3625 pietate
561 3547 733 3622 christiana,
761 3547 930 3623 incorrupto
958 3545 1021 3605 veri
1049 3545 1159 3620 studio,
1187 3545 1306 3622 ingenio
1329 3543 1365 3604 ad

138 3653 373 3731 investigandam
395 3655 541 3716 interioris
564 3655 718 3715 hominum
744 3653 854 3714 indolis
876 3653 1030 3714 historiam
1052 3653 1206 3730 aptissimo
1228 3651 1365 3728 insignis,

138 3763 293 3837 Augustus
320 3762 464 3823 Neander.
514 3763 545 3822 Is
573 3781 690 3841 quoque
716 3763 896 3840 Aquinatem
923 3761 1002 3822 inter
1029 3777 1161 3820 summos
1188 3759 1272 3837 pouit
1298 3763 1366 3836 post

138 3869 340 3945 augustinum
366 3871 508 3930 ecclesiae
530 3871 675 3942 doctores,
703 3870 755 3948 qui
777 3869 918 3929 adhibitis
946 3869 993 3928 sui
1017 3869 1144 3946 quisque
1165 3867 1307 3944 temporis
1329 3865 1366 3925 ad

138 3977 333 4037 excolendum
352 3977 536 4038 intellectum
554 3977 710 4056 praesidiis
728 3978 760 4038 iu
778 3976 895 4036 divinae
912 3975 1100 4036 revelationis
1118 3974 1260 4050 mysteria
1277 3991 1366 4051 quam

137 4085 282 4145 altissime
301 4091 454 4163 penetrare
477 4089 507 4146 et
529 4086 708 4146 christianae
730 4083 879 4146 doctrinae
901 4101 969 4144 omn
993 4082 1073 4143 omni
1095 4083 1225 4142 humana
1243 4081 1367 4141 scientia

138 4193 323 4252 concordiam
345 4193 545 4254 demonstrare
568 4193 743 4254 studuerint.

246 4298 341 4375 Quem
363 4301 505 4362 'rhomam
533 4302 559 4361 01
581 4301 720 4361 Pontifex
747 4300 850 4361 eodem
878 4317 968 4360 sensu
995 4297 1128 4358 ecclesiis
1155 4297 1212 4358 sibi
1240 4295 1366 4356 subditis

138 4412 172 4468 ut
203 4408 356 4486 exemplar
382 4409 596 4487 proposuisset,
628 4427 688 4468 non
715 4407 973 4486 vituperationem,
1007 4407 1059 4466 sed
1085 4405 1205 4465 laudem
1235 4403 1366 4482 profecto

137 4515 303 4576 meurissct
354 4516 446 4594 Atqui
473 4515 692 4594 philosophiam
719 4515 929 4575 Themisticam
956 4518 990 4573 ut
1021 4515 1121 4573 nostru
1149 4529 1266 4590 quoque
1292 4515 1366 4571 tem·

138 4623 201 4701 pori
239 4623 369 4700 perfecte
405 4623 635 4684 satisfacientem
672 4623 769 4684 doceri
809 4623 841 4682 in
878 4621 989 4682 scholis
1025 4625 1055 4680 et
1091 4619 1233 4698 explicari
1266 4618 1364 4696 jussit.
