3156 5056
688 311 780 364 Carnu
799 311 832 364 X.
1314 313 1364 368 237

151 525 207 584 bac
233 543 322 586 causa
353 533 383 588 ct
414 546 474 602 qua
500 534 598 588 mente
631 529 751 608 egisset,
783 546 820 588 ne
853 529 958 590 nobilis
983 546 1065 588 merx
1097 547 1116 588 a
1144 530 1272 588 Lutbcro
1302 531 1364 590 lero

151 630 189 688 ad
219 637 334 704 portum
363 631 462 692 delata
487 633 737 707 submergeretur,
767 633 819 692 sed
849 633 919 693 felir
941 631 1006 693 finis
1027 651 1113 707 quem
1136 634 1185 694 ille
1207 651 1366 708 perseque-

149 739 234 792 retur
262 736 387 796 obtiuen'
417 742 532 812 posset,
562 738 618 796 sibi
648 735 704 812 ipsi
733 737 805 796 nihil
834 739 926 813 magis
954 737 1035 796 cordi
1065 753 1129 797 esse
1158 755 1243 812 quam
1273 739 1365 800 reior-

151 840 308 898 mationem
342 841 501 916 ecclcsiae,
534 842 620 915 huius
655 843 832 901 commodam
864 843 1044 902 occasionem
1080 842 1234 917 adjuvante
1268 843 1365 904 diviua

149 945 246 1015 gratia
275 961 352 1003 nunc
382 945 446 1004 dari
477 947 531 1006 sub
562 947 679 1020 egregio
707 947 803 1020 capite
833 945 975 1022 ansarc;
1004 948 1085 1020 cnjm
1106 943 1258 1020 imperium
1280 947 1304 1004 si
1327 948 1364 1006 ad

148 1049 274 1121 quinque
304 1050 408 1108 saltem
440 1066 531 1108 annos
562 1051 794 1125 continuaretur,
827 1052 896 1124 quid
925 1051 1117 1124 praestiturus
1149 1056 1227 1109 esset
1254 1051 1285 1108 iu
1313 1051 1364 1110 illo

148 1153 267 1224 negotio
298 1156 496 1228 appariturum
526 1171 598 1214 esse.
643 1155 803 1214 Praeterea
832 1157 977 1214 nemiuem
1007 1156 1038 1212 iu
1066 1159 1127 1213 tote
1154 1154 1224 1213 orbe
1247 1155 1311 1227 plus
1332 1156 1363 1213 in

148 1255 204 1314 bac
227 1275 261 1315 re
283 1274 367 1331 quam
388 1259 555 1318 Electorem
578 1256 696 1317 efficere
718 1275 817 1334 posse,
846 1259 915 1332 qnia
941 1258 1104 1318 inditione
1130 1273 1183 1316 sua
1203 1258 1362 1318 Lutberum

148 1360 273 1420 baberet
294 1369 325 1421 et
348 1364 478 1422 retinere
499 1364 587 1422 edam
603 1362 739 1439 deberet,
763 1364 870 1423 etenim
893 1361 1053 1422 cavendum
1074 1375 1152 1436 esse,
1175 1377 1213 1420 ne
1232 1361 1283 1420 ille
1303 1363 1364 1421 ulla

148 1465 262 1525 ratione
285 1467 333 1525 vel
353 1467 474 1528 Romam
497 1470 543 1528 vel
565 1469 596 1526 in
618 1469 706 1527 alium
728 1469 822 1527 locum
844 1466 1027 1527 discederet‘

236 1570 318 1631 Haec
351 1574 449 1632 omnia
480 1590 546 1632 oum
579 1573 743 1646 conscripto
773 1572 888 1631 Erasmi
917 1571 1028 1647 judicio
1058 1575 1117 1630 mm
1149 1570 1266 1644 penitus
1296 1587 1363 1630 con-

147 1675 273 1750 spirant,
303 1682 337 1734 ut
365 1678 433 1750 quin
455 1675 560 1752 Glapio
588 1677 661 1736 illud
691 1677 727 1736 ob
755 1679 854 1736 oculos
875 1677 1012 1736 babuerit
1033 1675 1160 1736 dubitari
1184 1690 1240 1734 uon
1262 1677 1361 1749 possit.

147 1777 251 1851 Neque
280 1787 377 1840 muron
408 1783 520 1841 seruilis
540 1783 669 1841 imitatur
691 1787 750 1856 est,
781 1781 833 1841 sed
856 1780 950 1840 libere
973 1787 1060 1854 atque
1083 1781 1248 1854 ingeniose,
1277 1787 1363 1854 prout

147 1897 197 1940 rea
218 1899 339 1955 poscere
354 1885 483 1960 videtur,
506 1887 619 1960 singula
634 1901 766 1959 quaeque
783 1885 909 1960 exponit
948 1886 1003 1957 Qui
1018 1885 1225 1944 celeberrimas
1239 1883 1361 1944 Lutheri

146 1986 246 2045 theses
274 1990 395 2062 eiusque
423 1991 684 2063 praeclarissimum
712 1989 854 2064 libellum,
891 2005 947 2062 quo
977 1989 1145 2048 libertatem
1175 1988 1361 2047 christianum

146 2091 289 2166 uindicat,
318 2094 442 2153 mammo
470 2094 575 2168 probat
603 2100 691 2166 atquc
714 2093 826 2164 laudat,
858 2093 906 2166 qui
928 2093 959 2150 in
981 2093 1068 2152 rebus
1091 2092 1128 2150 ad
1148 2090 1360 2151 reformandam

146 2191 276 2256 funditus
304 2199 457 2257 ecclesium
487 2199 684 2272 spectantibus
713 2199 856 2270 insignem
882 2195 1027 2270 quandam
1051 2195 1159 2254 bullam
1181 2193 1360 2254 Pontificiam

145 2315 263 2372 prorsus
293 2303 353 2360 vult
383 2304 499 2378 neglegi
529 2309 560 2363 et
589 2303 627 2362 ad
649 2302 776 2362 tribunal
802 2317 820 2360 a
842 2299 969 2360 Caesare
992 2299 1230 2374 Principibusqne
1255 2299 1361 2358 consti-

146 2405 287 2464 tuendum
305 2405 446 2464 audacter
463 2412 616 2482 provocat,
639 2408 688 2480 qni
706 2405 831 2479 denique
850 2406 880 2462 iu
899 2401 1077 2464 sermonibus
1096 2405 1156 2462 suis
1174 2403 1247 2462 haec
1266 2403 1363 2462 omnia

145 2511 308 2568 umb'seimo
335 2513 540 2586 aptissimeque
571 2513 685 2572 viuculo
712 2511 872 2584 connectit,
903 2525 967 2568 enm
993 2508 1072 2568 baud
1094 2525 1211 2582 prorsus
1236 2508 1359 2566 alienam

145 2629 298 2686 personam
318 2615 429 2690 egisse,
451 2615 503 2674 sed
525 2633 600 2689 quae
621 2632 675 2675 sua
696 2621 795 2674 mente
818 2615 895 2674 serio
916 2615 1048 2673 volverat
1069 2611 1247 2687 significasse
1271 2628 1360 2686 appa-

144 2723 200 2774 ret.
244 2717 338 2777 Tanto
359 2720 451 2792 magis
474 2719 549 2794 apud
572 2736 638 2778 cum
660 2720 720 2778 alia
740 2735 793 2778 nos
816 2715 979 2792 offendunt,
1009 2733 1083 2792 quae
1114 2718 1145 2776 iu
1170 2715 1273 2776 iisdem
1301 2733 1362 2775 ser·

144 2820 276 2880 monibus
304 2823 351 2881 vel
382 2825 471 2882 animi
499 2839 602 2898 parum
632 2823 687 2883 sibi
715 2823 872 2883 constantis
894 2822 941 2882 vel
967 2822 1063 2882 malae
1085 2819 1154 2880 fidei
1176 2820 1247 2880 dant
1268 2822 1361 2894 suspi-

144 2925 268 2985 cionem.
320 2926 439 2987 Etenim
474 2945 561 3002 quum
596 2929 785 3002 concesserit,
819 2927 922 3001 ,etiam
953 2943 990 2985 ea
1020 2943 1094 2999 qnae
1128 2926 1158 2982 iu
1192 2925 1360 2998 captivitato

143 3027 321 3102 Babylonica
344 3031 471 3090 Luthero
494 3049 530 3091 ex
552 3033 598 3091 ira
620 3038 650 3091 et
667 3031 891 3106 praecipitantia
914 3030 1088 3103 exciderint,
1112 3044 1170 3087 uon
1189 3033 1250 3086 tam
1270 3043 1360 3101 prava

143 3149 223 3207 ease,
253 3134 323 3207 quin
351 3135 430 3207 justa
459 3135 659 3196 declaratione
682 3135 721 3195 ud
743 3149 859 3193 sensum
881 3133 988 3192 bonum
1011 3137 1041 3190 et
1063 3131 1237 3190 catholicum
1259 3130 1359 3188 reduci

140 3237 279 3312 poesiut‘,
314 3254 366 3297 cur
399 3240 430 3297 in
461 3240 517 3298 bac
547 3239 792 3299 reconciliationis
820 3239 868 3295 via
895 3247 954 3296 uon
983 3235 1156 3309 acquiescit,
1193 3233 1245 3292 sed
1275 3231 1359 3292 modo

141 3343 213 3400 satis
241 3343 363 3402 ridicule
393 3344 499 3418 poscit,
529 3349 563 3403 ut
589 3343 734 3404 Lutberns
761 3341 842 3400 illum
871 3340 976 3400 librum
1006 3355 1064 3398 non
1092 3355 1175 3397 suum
1203 3354 1268 3397 esse
1293 3353 1358 3411 pro-

141 3443 271 3520 fiteatur,
295 3445 380 3506 modo
403 3463 468 3506 enm
491 3449 552 3508 vult
574 3449 620 3507 vel
643 3453 735 3508 totum
758 3447 896 3520 scriptum
919 3445 966 3504 vel
989 3443 1116 3520 singulos
1135 3441 1274 3517 quosdam
1297 3443 1360 3516 ejus

142 3549 281 3610 amiculus
300 3555 462 3612 revocare?
489 3553 550 3612 Hos
572 3553 685 3612 scilicet
708 3559 741 3611 ut
763 3551 851 3611 falsos
874 3566 906 3608 se
929 3551 1100 3609 convincere
1120 3565 1204 3622 posse
1221 3547 1360 3624 gloriatos

142 3661 201 3728 est,
228 3654 259 3713 id
280 3661 313 3714 ut
333 3671 430 3714 coram
452 3657 590 3715 Electore
612 3657 735 3730 aliisque
756 3661 870 3716 secreto
891 3656 1057 3714 convocatis
1078 3653 1283 3727 praestandum
1305 3651 1359 3708 sibi

140 3759 361 3832 permitteretur
382 3761 488 3819 iterum
510 3761 672 3833 iterumque
694 3761 806 3834 petivit.
852 3757 910 3818 Sed
932 3758 1101 3817 Fridericus
1116 3757 1258 3830 ejusmodi
1273 3755 1359 3812 collo-

141 3861 240 3934 quium
260 3862 357 3922 allatis
379 3863 478 3924 solidis
500 3865 679 3938 argumentis
695 3863 858 3937 denegavit.
905 3863 971 3935 lpse
991 3861 1120 3919 scribere
1141 3860 1277 3917 articulos
1293 3857 1358 3914 illos

141 3963 248 4039 Glapio
277 3967 326 4025 diu
356 3967 462 4042 noluit,
493 3969 611 4029 tandmu
643 3968 760 4043 urgenti
782 3965 914 4024 Pontano
946 3979 996 4022 coe
1025 3979 1076 4022 ore
1105 3961 1225 4020 tradidit
1246 3961 1358 4018 calam

143 4067 355 4143 excipiendos.¹
400 4071 474 4131 Sunt
496 4073 573 4132 iuter
595 4072 646 4132 bos
667 4089 741 4146 quae
764 4087 816 4130 nos
838 4085 953 4142 quoqne
975 4066 1180 4140 improbamus,
1203 4063 1262 4123 alia
1284 4078 1358 4136 quae

140 4173 190 4247 pie
222 4175 361 4247 explicari
390 4183 522 4252 possunt,
551 4178 636 4251 plura
667 4193 743 4250 qnae
774 4173 876 4234 eadem
903 4171 1049 4230 Lutherns
1072 4171 1132 4244 jam
1157 4169 1188 4227 iu
1214 4167 1358 4242 prioribus

232 4425 259 4492 1)
276 4427 459 4476 Fueratemunn
483 4442 508 4491 p.
529 4431 569 4476 86.
606 4426 718 4491 Scripsit
734 4425 867 4476 Fontanus
886 4423 977 4484 etiam,
999 4437 1067 4506 ,quae
1085 4417 1179 4484 Glapio
1200 4419 1280 4479 ,inter
1297 4433 1356 4482 pru·

139 4511 325 4562 nuntiandum‘
348 4513 455 4562 addidit.
502 4513 647 4578 Sequuntur
671 4511 774 4563 articuli
801 4511 841 4561 illi
866 4511 933 4575 apud
955 4511 1054 4560 Foerst
1078 4506 1156 4556 latine
1179 4521 1204 4570 p.
1225 4510 1257 4557 tt
1272 4521 1305 4555 as.
1334 4509 1359 4554 et

141 4597 293 4650 Germanico
311 4599 380 4650 versi
399 4615 454 4648 cunr
476 4599 544 4648 notis
562 4599 645 4662 ipsius
662 4597 773 4648 Pontaui
791 4613 817 4661 p.
830 4602 864 4648 to
875 4613 908 4646 ns.
