3188 5086
210 315 261 372 132
698 315 800 364 Pharna
819 311 929 364 Paronrs

209 531 444 590 scholasticorum
466 529 615 604 dogmata,
645 527 724 587 velut
744 527 782 586 ad
804 542 917 586 sacram
939 541 1088 599 ancoram,
1111 521 1335 598 confugiendum
1357 541 1424 584 esse

209 639 308 710 putet,
330 634 458 693 variasse
482 635 558 692 enim
577 634 630 692 illa
652 649 717 690 eum
738 631 798 690 suis
816 631 903 689 sectis
923 634 954 688 et
968 629 1088 688 seculis:
1111 645 1250 702 regnasse
1266 627 1425 703 aliquando

210 737 405 797 Alexandrum
420 737 593 811 holensem,
616 736 788 795 successisse
805 733 955 807 Thomam,
979 733 1151 796 successisse
1167 733 1298 806 Scotum;
1320 732 1426 791 Alber-

211 848 272 902 tum
303 841 437 900 habuisse
471 857 553 900 sunm
586 839 731 913 seculum,
766 838 924 897 Gersonem
962 853 1061 911 sunm,
1098 835 1231 896 floruisse
1268 837 1425 910 aliqnando

211 945 367 1004 factionem
389 943 536 1018 acanum,
558 961 643 1017 qnam
665 947 787 1014 vocent,
813 958 890 1000 nnnc
910 957 1034 1014 regnare
1056 940 1119 1000 iere
1140 941 1343 1000 Nominalium.
1389 940 1427 998 In

211 1050 356 1123 prioribus
378 1049 555 1122 posteriores
583 1063 698 1119 semper
720 1047 864 1105 invenisse
888 1049 998 1120 errata,
1031 1045 1072 1104 sic
1093 1045 1125 1102 in
1144 1043 1233 1104 Petro
1255 1044 1427 1119 lombardo,

211 1153 243 1212 in
265 1153 387 1228 Thomu,
413 1153 443 1210 in
465 1151 559 1211 Scuto.
605 1149 694 1209 Addit
714 1151 836 1223 ironice,
866 1145 990 1210 fortasse
1014 1153 1142 1208 aetatem
1164 1143 1328 1207 secuturam
1352 1164 1428 1220 esse,

212 1272 287 1329 qnae
310 1261 340 1316 et
361 1256 393 1314 in
414 1255 559 1328 magistris
584 1271 660 1312 nunc
683 1251 868 1326 florentibus,
896 1252 1014 1312 Beddae
1037 1253 1137 1326 sociis,
1165 1252 1278 1311 scilicet
1299 1253 1331 1310 in
1354 1250 1429 1309 Tar·

213 1364 310 1419 tareto
338 1364 390 1418 ant
419 1357 536 1432 Sutore,
568 1357 769 1431 deprehendat
795 1373 868 1430 qnae
892 1359 959 1432 Jnre
984 1352 1128 1418 damnet²
1172 1355 1235 1414 Nec
1257 1372 1327 1415 vero
1351 1355 1429 1414 chri-

214 1463 327 1522 stianae
357 1463 519 1537 sapientiae
549 1479 613 1520 esse
644 1465 759 1534 censet,
787 1462 812 1519 si
839 1461 889 1534 qni
919 1476 955 1518 ex
983 1465 1027 1520 tot
1054 1461 1264 1520 sententiarum
1290 1460 1368 1518 inter
1395 1475 1428 1518 se

212 1567 402 1640 pugnantium
432 1565 614 1626 conflictione
644 1564 682 1623 ad
709 1581 797 1622 unum
827 1565 991 1637 quempiam
1018 1569 1149 1624 vetemm
1181 1563 1430 1636 scholasticorum,

212 1669 295 1729 velut
319 1668 356 1728 ad
379 1670 570 1730 certissimum
594 1669 725 1727 veritatis
741 1669 901 1744 doctorem,
924 1667 1099 1743 confugiant.
1144 1668 1190 1728 hd
1212 1683 1282 1726 vera
1305 1673 1335 1726 et
1354 1666 1431 1725 falsa

212 1773 268 1832 rite
298 1773 491 1832 discernenda
519 1774 653 1832 altiorem
684 1772 844 1831 desiderari
874 1773 1086 1832 anctoritatem.
1132 1772 1227 1844 Quare
1250 1771 1429 1831 necessitate

212 1877 336 1952 quadam
357 1875 465 1936 iactum
485 1893 563 1951 esse,
587 1877 699 1950 etjam
721 1876 877 1949 pleraeque
897 1876 1012 1935 scholae
1035 1893 1091 1935 nec
1113 1875 1241 1934 Thomas
1260 1891 1325 1936 sese
1345 1873 1430 1934 addi-

213 1987 281 2040 cant
310 1997 365 2041 nec
394 1980 492 2055 Scato,
523 1979 575 2039 sed
604 1979 642 2038 ad
671 1981 763 2052 magis
789 1979 914 2038 sobriam
941 1980 1147 2052 scripturarum
1169 1981 1372 2039 tractationem
1395 1994 1430 2038 se

214 2083 374 2144 conferant.
420 2084 558 2155 Queritnr
578 2083 655 2158 qnod
677 2085 735 2143 siut
759 2083 899 2157 theologi,
928 2084 976 2156 qni
999 2084 1152 2142 canonicas
1175 2083 1333 2156 scripturas
1355 2099 1431 2142 nnn·

213 2205 300 2262 qnam
326 2193 403 2248 totas
427 2189 595 2248 evolverint.
640 2185 687 2246 Ad
709 2187 885 2246 audiendum
908 2187 1027 2246 Petrum
1050 2193 1080 2246 et
1102 2187 1225 2246 Paulum
1247 2187 1312 2244 illos
1333 2189 1431 2260 vocat,

214 2291 251 2350 ad
277 2293 435 2368 loannem,
464 2293 528 2366 qui,
555 2292 647 2366 ,qnod
677 2307 713 2350 ex
743 2297 843 2350 sancto
872 2291 999 2365 pectoris
1029 2290 1109 2350 fonto
1137 2291 1287 2365 hauserat,
1316 2290 1346 2348 id
1369 2289 1431 2348 suis

215 2398 358 2470 expressit
380 2396 505 2456 litteris‘
550 2395 639 2471 ,Quid
657 2411 765 2469 quaeso
786 2394 906 2468 simile‘‚
928 2396 1036 2469 inquit,
1060 2396 1104 2470 ,in
1124 2395 1222 2470 scoto,
1244 2395 1313 2468 qnid
1334 2376 1431 2454 simile

215 2500 248 2559 in
271 2499 403 2558 Thema?
447 2499 626 2572 Quamquam
649 2499 728 2558 illius
750 2499 899 2572 ingenium
921 2499 1061 2572 admiror,
1093 2499 1178 2574 hujus
1198 2499 1286 2558 etiam
1307 2514 1433 2557 senemr

216 2603 444 2662 sanctimoniam.
489 2601 547 2661 Gur
576 2619 635 2662 non
663 2603 694 2661 in
720 2604 809 2661 tanus
836 2603 1003 2662 auctoribus
1031 2603 1266 2676 philosophamur
1287 2597 1433 2662 omnesi²

216 2706 278 2782 ,Sic
304 2711 413 2764 tantum
441 2705 591 2766 doctrinae
614 2707 791 2766 christianae
814 2707 937 2780 pristina
962 2723 1016 2766 sua
1037 2706 1121 2766 reddi
1145 2713 1241 2780 potest
1263 2707 1433 2779 simplicitas

216 2827 251 2869 ac
274 2810 430 2884 majestas}

303 2915 361 2974 Sed
381 2915 411 2974 id
433 2916 584 2989 quominus
605 2914 672 2990 fiat,
701 2915 849 2989 prohiberi
871 2915 950 2975 ridet
974 2916 1036 2989 ipso
1057 2914 1201 2974 «Iudaismi
1231 2917 1309 2974 illius
1332 2915 1434 2974 morbo

216 3036 269 3094 per
297 3020 450 3079 ecclesiam
477 3020 563 3094 longe
592 2999 710 3094 lateque
741 3026 887 3094 serpente.
932 3020 993 3094 ,Sic
1014 3019 1111 3094 olim‘,
1142 3020 1243 3078 scribit
1265 3019 1435 3094 Campeqio,

217 3123 418 3200 ,evangelicae
447 3123 597 3183 doctrinae
624 3131 749 3184 mustum
775 3123 987 3182 aversabantur
1007 3123 1127 3199 ludaei,
1156 3125 1250 3183 veteri
1276 3125 1345 3184 rino
1368 3123 1437 3182 blo·

216 3229 313 3287 saicae
333 3229 408 3302 legis
429 3229 539 3287 maneti
561 3233 592 3288 et
616 3229 819 3288 contumeliam
842 3228 873 3287 id
895 3229 1181 3303 interpretabantur,
1203 3245 1258 3301 qno
1277 3229 1357 3302 prior
1381 3224 1436 3285 illa

217 3333 264 3392 lex
284 3337 314 3390 et
331 3329 537 3404 perficiebatur
557 3339 587 3392 et
606 3334 776 3408 ornabatur,
798 3349 834 3391 ac
852 3333 1009 3392 novitatem
1027 3331 1175 3390 habebant
1193 3332 1329 3406 invisam,
1347 3347 1437 3404 quum

218 3435 313 3507 potius
334 3435 371 3492 ad
390 3437 514 3508 priscam
537 3441 710 3496 vetustatem
731 3435 959 3498 revocarentur.‘
997 3436 1077 3507 Quae
1099 3452 1158 3494 non
1176 3436 1219 3494 ita
1236 3453 1302 3496 enm
1317 3433 1437 3510 dixisse,

218 3537 302 3610 qnasi
328 3538 421 3610 ipsum
451 3540 633 3614 evangelium
660 3540 733 3599 nihil
756 3541 813 3600 nisi
835 3557 938 3600 novam
966 3546 996 3599 et
1022 3539 1227 3613 perfectiorem
1250 3541 1346 3612 legem
1368 3556 1437 3599 esse

219 3642 439 3714 existimaverit,
464 3645 525 3717 jam
555 3643 623 3702 inde
656 3648 792 3718 apparet,
824 3644 900 3718 qnod
923 3643 1062 3704 adversus
1085 3644 1215 3704 morbum
1244 3645 1325 3703 illum
1351 3643 1440 3702 Pauli

218 3746 341 3818 apostoli
368 3747 546 3820 potissimum
568 3746 699 3808 doctrina
722 3753 754 3807 nt
778 3748 909 3808 remedio
932 3747 1071 3808 utendum
1096 3765 1163 3808 ease
1186 3754 1254 3808 ante
1275 3748 1439 3808 Lntherum

219 3849 324 3910 docuit.
369 3852 417 3911 Sic
439 3851 517 3911 illins
538 3852 630 3911 saculi
653 3869 729 3912 anno
751 3857 833 3912 sento
855 3858 886 3912 et
908 3853 1020 3913 decimo
1042 3852 1175 3927 Capitoni
1196 3853 1300 3912 Alsato
1319 3852 1439 3912 scribit:

221 3955 336 4030 ,Nuper
357 3956 491 4016 exierunt
512 3957 543 4014 in
565 3955 668 4031 vulgus
690 3958 800 4032 aliquot
822 3957 915 4018 libelli
935 3973 1046 4016 mamm
1059 3957 1239 4016 Judaismnm
1254 3957 1441 4030 resipientes.

219 4057 313 4118 Video
338 4065 475 4132 qnantum
504 4061 616 4120 sudarit
644 4061 751 4120 Paulus
780 4061 831 4122 ille
860 4067 971 4136 noster,
1002 4077 1058 4134 qno
1082 4059 1227 4120 Christum
1249 4077 1268 4119 a
1290 4060 1443 4121 ludaismo

220 4160 399 4222 vindicarat‘
444 4163 591 4224 Admonet
612 4163 797 4240 capitonem,
828 4171 861 4224 ut
890 4170 970 4225 tanto
997 4165 1073 4224 malo
1099 4164 1215 4224 fortiter
1243 4165 1360 4224 resistat
1385 4180 1442 4238 pro

219 4265 330 4339 pietate
354 4284 419 4343 sna,
451 4285 536 4342 quam
559 4270 633 4328 sciat
654 4269 726 4329 nihil
750 4269 830 4329 aliud
851 4273 1047 4343 spectatorem
1070 4285 1243 4343 essequam
1267 4265 1444 4329 Christum.⁸

219 4368 331 4430 Eodem
355 4371 452 4432 animo
474 4379 615 4448 sequente
641 4389 718 4434 anno
740 4373 853 4433 decimo
876 4377 998 4447 septimo
1019 4375 1213 4449 paraphrasin
1237 4374 1378 4448 epistolae
1401 4374 1445 4434 ad

311 4589 337 4658 1)
357 4591 427 4656 Epp.
448 4588 525 4656 XIX,
545 4596 586 4641 sl.
676 4589 1106 4658 a)0pp.1x‚rer.1v‚rsa.
1197 4591 1224 4659 8)
1242 4593 1313 4660 Epp.
1332 4591 1359 4656 1,
1377 4597 1404 4646 4.
