3202 5058
683 343 776 392 Carnu
795 345 830 396 ΙΙ.
1326 358 1360 410 53

975 439 1358 455 Ἣ

144 547 191 604 nn
225 564 257 607 se
291 549 436 622 subjicere
472 552 651 629 abnuebant,
688 557 802 629 privata
842 560 948 632 nnana
984 560 1060 620 aroer
1092 519 1147 622 enar
1185 568 1361 629 ιῑιιιιιιιιιιι.1

144 651 342 712 Nihilosecius
368 654 493 715 libenter
522 656 576 716 sibi
606 661 777 732 persuaderi
815 679 917 736 passus
946 671 1005 741 est,
1036 683 1068 724 se
1099 685 1156 727 non
1181 687 1279 746 suum,
1310 675 1361 734 sed

145 755 273 831 Christi,
296 759 378 832 cujus
398 760 477 819 uices
498 769 630 834 gereret,
654 763 791 824 honorem
807 783 958 840 quaerere.
1004 769 1051 829 Sic
1072 772 1237 833 adulatores
1252 776 1360 851 Papam

144 868 179 920 et
199 863 303 935 partim
326 879 357 922 se
380 865 457 938 ipsos
479 864 674 941 decipiebant.
719 869 800 929 Haec
825 872 921 931 omnia
936 876 1115 948 perspiciens
1133 875 1361 941 Montalember·

143 971 202 1039 tus,
224 968 273 1039 qui
295 983 349 1041 per
370 973 413 1028 tot
435 986 526 1029 annos
549 973 721 1032 catholicam
744 972 830 1034 tidem
853 983 953 1036 contm
976 979 1158 1040 Voltariauos
1181 980 1360 1062 defenderat,

141 1071 265 1130 horrore
298 1089 451 1146 percussus
485 1076 669 1136 exclamavit:
709 1078 820 1138 idolum
853 1081 975 1153 erigitur
1010 1084 1041 1140 in
1068 1083 1218 1145 Vaticano.
1276 1087 1359 1160 Quod

141 1182 252 1249 quanto
279 1179 347 1250 jure
375 1177 497 1254 dixerit,
528 1181 622 1240 allatis
649 1183 735 1255 paulo
759 1184 929 1259 largioribus
953 1191 983 1244 et
1004 1185 1190 1260 blasphemae
1213 1207 1358 1252 servorum

140 1279 317 1340 adulationis
347 1289 377 1341 et
405 1283 591 1357 blasphemae
629 1284 737 1345 domiui
772 1289 955 1362 arrogantiae
989 1291 1129 1365 exemplis
1158 1293 1358 1356 illustrandum

139 1387 258 1462 putaui,
278 1388 412 1460 quoniam
433 1390 569 1462 permulti
592 1393 773 1466 aequalium,
801 1393 869 1451 dum
891 1394 1006 1467 singula
1023 1396 1162 1468 eiusmodi
1185 1398 1232 1458 uel
1255 1401 1359 1462 leviter

140 1490 343 1566 considerant,
365 1493 410 1551 vel
433 1510 499 1552 mox
520 1495 627 1568 partim
650 1496 865 1572 obliviscuntur,
889 1498 1037 1570 ingenium
1061 1503 1225 1573 praesentis
1242 1504 1357 1578 imperii

140 1595 264 1654 Romani
287 1597 446 1656 teterrimis
474 1598 531 1657 illis
552 1600 692 1674 exemplis
713 1601 928 1660 manifestatum
951 1617 1052 1676 parum
1075 1603 1278 1678 cognoscunt.²

232 1699 290 1774 ,De
313 1701 465 1761 devotione
487 1701 525 1760 ad
543 1702 665 1777 Papam‘
689 1705 787 1764 Faber
809 1706 920 1779 Auglus
943 1707 1043 1779 paneis
1063 1709 1147 1766 annis
1170 1715 1238 1768 ante
1254 1709 1357 1772 Conci·

138 1805 214 1863 lium
233 1804 404 1865 Vaticanum
429 1807 557 1867 libellum
582 1809 800 1869 famosissimum
820 1812 948 1885 scripsit,
976 1811 1024 1884 qui
1047 1827 1065 1870 a
1085 1811 1258 1888 Reiohirrgio
1283 1817 1356 1877 Ger-

138 1909 256 1968 manice
278 1927 377 1969 uersus
399 1910 437 1970 ab
460 1913 602 1986 episcopis
628 1914 798 1987 quibusdam
826 1921 856 1974 et
886 1931 905 1973 a
929 1915 1025 1973 multis
1048 1916 1245 1976 sacerdotibus
1268 1923 1356 1980 etiam

139 2016 223 2074 inter
244 2021 388 2075 nostrates
410 2017 496 2090 longe
516 2019 633 2093 lateque
655 2035 771 2093 sparsus
790 2026 842 2077 est.
876 2017 1005 2077 Docetur
1026 2019 1205 2094 illicPapam
1226 2023 1355 2084 umbram

138 2137 218 2194 esse,
241 2137 325 2193 quam
347 2119 488 2180 visibilem
510 2123 655 2182 invisibile
670 2123 812 2182 ecclesiae
835 2129 934 2196 caput,
956 2123 986 2179 in
1003 2131 1185 2182 sacramento
1199 2128 1353 2202 occultum,

137 2223 289 2298 projiciat,
312 2225 398 2284 immo
419 2233 486 2301 post
508 2227 736 2286 incarnmionern
757 2225 846 2284 Verbi
873 2233 902 2284 et
925 2231 991 2299 post
1013 2226 1215 2286 eucharistiam
1237 2229 1301 2289 dari
1323 2233 1355 2290 in

137 2329 224 2402 Papa
243 2331 359 2389 tertiam
381 2331 451 2390 Jesu
476 2331 582 2391 Christi
605 2335 681 2390 iuter
703 2329 804 2389 fideles
830 2331 1035 2404 praesentiam.
1079 2331 1223 2391 Martinus
1244 2333 1354 2394 Peder-

136 2435 303 2509 bornensis,
322 2435 447 2496 libenter
468 2438 564 2496 alieno
587 2435 743 2509 arripiens,
766 2436 850 2494 sicuti
866 2435 1042 2495 eucharistia
1057 2437 1267 2496 sanctissimum
1281 2439 1352 2500 Josu

137 2555 193 2598 cor
218 2547 310 2616 esset,
339 2541 381 2599 ita
402 2540 512 2616 Papam
537 2535 720 2620 (incredibile
741 2534 834 2620 dictu)
863 2541 1073 2599 sanctissimum
1092 2541 1163 2601 deso
1182 2549 1270 2616 caput
1292 2551 1351 2602 ter-

136 2649 234 2704 restre
256 2659 321 2704 esso
344 2645 530 2719 praedicavit.
574 2645 726 2703 Ecclesiae
749 2651 837 2718 eaput
858 2651 997 2704 terrestre
1013 2645 1093 2719 Papa
1114 2661 1203 2721 saepe
1222 2649 1352 2708 nomina-

136 2757 187 2808 tus
213 2755 291 2824 erat,
319 2751 408 2824 ipsius
438 2749 556 2824 Christi,
586 2749 649 2809 veri
677 2749 819 2809 eeclesiae
848 2750 969 2824 capitis,
996 2755 1082 2823 caput
1113 2757 1253 2810 terrestre
1276 2769 1352 2811 nune

135 2853 253 2912 demum
284 2871 302 2913 a
329 2855 456 2914 Mortino
482 2855 628 2912 inventum
655 2859 708 2913 est.
759 2853 804 2912 De
832 2853 887 2912 hoc
922 2855 1019 2928 capite
1046 2855 1161 2927 scripsit
1189 2855 1353 2929 ephemeris

136 2957 293 3017 catholicas
322 2959 366 3034 ,Si
387 2958 467 3032 Papa
489 2958 613 3031 cogitat,
636 2957 718 3017 Deus
740 2959 770 3016 in
787 2975 823 3016 eo
838 2959 965 3032 cogitst‘
1011 2959 1151 3018 Similiter
1165 2959 1353 3034 Neo-Hege-

135 3062 224 3136 lieni,
246 3063 417 3136 pantheismi
440 3063 584 3136 asseclae,
607 3062 749 3136 quondam
773 3061 923 3137 dixerunt,
945 3063 969 3120 si
992 3063 1135 3134 cogimret
1156 3063 1352 3139 philosophus,

133 3167 235 3227 Deum
256 3165 382 3240 cogitare
413 3167 443 3224 in
467 3167 537 3240 ipso.
584 3165 655 3225 Cum
678 3166 736 3224 illis
759 3166 882 3224 certavit
903 3163 1026 3224 audacia
1047 3163 1208 3224 Ludovicus
1223 3165 1352 3225 Venillot

134 3267 297 3344 affirmans,
332 3270 432 3344 ,sicuti
459 3270 540 3330 Deus
561 3271 651 3330 Pater
682 3275 840 3344 generaret
861 3269 966 3327 Filium
1002 3275 1033 3327 et
1066 3285 1084 3327 a
1117 3267 1205 3327 Patre
1236 3266 1351 3343 filioque

133 3374 311 3450 procederet
330 3375 453 3448 Spiritus
473 3375 609 3450 Sanctus,
631 3377 674 3434 ita
695 3375 803 3448 Papam
831 3389 974 3448 generare
997 3375 1147 3447 episcopos
1171 3379 1202 3431 et
1230 3390 1248 3432 a
1268 3372 1351 3448 Papa

134 3478 336 3552 episcopisque
358 3477 519 3553 procedere
540 3481 675 3539 Sanctum
697 3480 850 3554 Spiritum,
872 3477 1087 3538 manifestatum
1106 3479 1172 3553 lege
1194 3477 1351 3554 infallibili,

132 3597 194 3658 qua
226 3599 296 3656 grex
330 3584 532 3644 institueretur
565 3590 596 3643 et
631 3583 863 3659 gubernaretur.‘
912 3583 993 3642 Idem
1019 3581 1146 3642 nefanda
1171 3581 1351 3655 blasphemia

131 3685 241 3760 verbs,
271 3703 345 3760 quae
378 3689 409 3746 in
431 3689 513 3748 Nouo
533 3688 721 3748 Testamento
747 3687 783 3746 de
814 3687 929 3746 Christo
956 3687 1035 3746 diota
1061 3691 1143 3760 sunt,
1176 3686 1214 3744 ad
1241 3686 1350 3760 Papam

132 3791 296 3852 uamtuht:
329 3791 421 3866 ‚Talis
444 3793 521 3852 enim
540 3792 665 3852 decebat
685 3799 718 3851 ot
739 3793 822 3852 nobis
846 3797 924 3851 esset
944 3789 1094 3862 Pontifex,
1124 3790 1275 3862 innocens,
1298 3789 1350 3846 im·

131 3895 272 3972 pollutus,
298 3903 469 3971 segregatus
497 3914 515 3956 a
537 3898 739 3971 peccatoribus
770 3902 801 3954 ot
827 3897 968 3956 exclesior
996 3895 1084 3954 coelis
1112 3892 1221 3951 factus‘
1269 3891 1352 3948 lutor

130 4001 228 4074 ipsum
252 3997 413 4059 Concilium
434 4001 507 4060 haec
530 4001 620 4061 verba
641 4001 791 4075 scripsisse
814 4001 869 4059 sihi
892 4000 1055 4074 qnempiam
1078 3994 1210 4055 tradidit:
1241 3993 1350 4058 ,liabe-

131 4117 199 4162 mus
220 4101 330 4164 Rornae
353 4105 497 4179 triplicem
520 4105 682 4165 deuotionis
704 4106 873 4176 materiam,
894 4102 1105 4162 sanctissimum
1129 4098 1231 4157 altaris
1254 4113 1350 4156 suora-

229 4376 255 4442 1)
274 4377 412 4441 Quirinus,
430 4379 568 4430 Rb'misohs
586 4377 673 4428 Brisio
690 4394 716 4442 p.
735 4383 794 4428 606.

224 4463 251 4530 2)
270 4463 309 4514 Oi.
327 4464 474 4527 Friedrich,
503 4465 590 4516 varii.
607 4463 702 4514 Kouni]
724 4481 749 4529 p.
769 4467 929 4513 493-506.
964 4459 988 4509 J.
1007 4457 1148 4519 Rsirrkous,
1176 4457 1224 4507 Die
1242 4453 1349 4504 Einhcit

132 4553 182 4602 der
199 4549 379 4602 katholisohsn
391 4551 490 4602 Kirche
507 4567 533 4616 p.
547 4555 674 4612 sa-ls;
693 4549 761 4614 apud
781 4565 845 4615 quos
866 4548 1003 4612 scriptores
1022 4545 1098 4610 plura
1115 4544 1230 4608 exempla
1248 4541 1352 4594 similia.

136 4638 229 4691 dhus
247 4637 377 4702 lontibus,
396 4639 578 4703 producuntur.
