3144 5092
636 286 724 340 Carus
741 286 788 340 IV.
1292 288 1327 342 63

72 489 284 563 videbantur,
312 493 380 566 post
406 488 548 548 iacobum
574 487 662 547 illum
688 488 822 548 nominet
849 505 941 565 seque
968 488 1069 564 ipsum
1096 488 1124 549 ei
1152 507 1253 566 parem
1276 507 1327 550 ex·

74 595 227 671 hibeat‚¹
251 595 435 656 Christianos
457 613 527 656 vem
549 613 609 656 non
632 613 723 672 super
744 595 877 670 Petrum,
901 595 954 655 sed
977 613 1081 673 ,super
1102 595 1328 656 fundamentum

77 703 294 780 apostolorum
322 708 353 764 et
381 703 603 780 prophetarum‘
636 702 678 762 ita
709 703 877 762 aedificatos
908 719 975 762 esse
1006 702 1098 777 dicat,
1129 707 1164 762 ιιι
1191 702 1328 764 Servator

79 829 244 884 ,summus
271 810 423 887 angularis
449 810 540 887 lapis‘
569 811 637 870 ait²
681 809 776 872 Immo
803 810 869 888 ipse
896 809 1035 870 Christus
1062 809 1169 870 melius
1196 810 1328 888 placeret

80 917 239 996 Papistis,
272 918 299 978 si
326 918 369 978 ita
395 918 506 978 diserte
532 917 673 992 dixisset,
704 923 740 977 ut
761 918 850 978 verba
877 917 943 994 ejus
970 917 1043 978 satis
1066 916 1210 978 violenter
1236 917 1327 978 iuter·

80 1029 262 1102 pretantur,
290 1025 420 1102 exempli
442 1025 549 1102 gratia:
577 1023 623 1085 Ite
646 1025 713 1105 (hoc
735 1030 781 1086 ιιι
803 1029 838 1084 tu
860 1024 948 1086 Petra
970 1024 1044 1084 vade
1067 1023 1159 1103 solus)
1186 1025 1219 1084 in
1241 1043 1327 1086 mnn-

81 1134 164 1192 dum
189 1133 363 1194 universum
385 1133 452 1212 (hoc
470 1137 516 1194 est
534 1129 669 1211 Romam)
692 1139 722 1192 et
744 1132 911 1210 praedicata
933 1131 1001 1212 (hoc
1023 1136 1069 1192 est
1091 1131 1194 1192 ordina
1215 1132 1327 1210 Papam

84 1241 143 1318 qui
169 1241 319 1300 Vicedeus
341 1245 372 1300 et
393 1239 539 1300 Dominus
562 1239 613 1320 sit)
642 1238 723 1298 omui
746 1243 896 1299 creaturae
919 1239 986 1318 (hoc
1008 1243 1054 1298 est
1076 1239 1129 1317 qui
1151 1243 1327 1316 potestatam

84 1349 201 1408 habeat
224 1366 315 1425 super
336 1347 504 1424 episcopos,
531 1347 736 1424 imperatores,
764 1364 862 1422 reges,
890 1346 1005 1406 coelum
1028 1351 1059 1406 et
1080 1344 1225 1426 terram).³
1269 1345 1327 1421 Qui

86 1455 252 1516 crediderit
279 1456 350 1534 (hoc
376 1427 496 1533 estqui
519 1455 616 1532 Papae
639 1473 672 1514 sc
695 1453 866 1532 subjecerit)
894 1458 925 1514 et
951 1453 1117 1531 baptizatus
1140 1453 1230 1515 fuerit
1256 1453 1328 1534 (hoc

87 1568 139 1623 est
163 1563 216 1640 qni
238 1563 337 1640 Papae
360 1563 450 1640 pedes
473 1562 624 1623 osculatus
647 1561 766 1641 luerit),
794 1561 895 1622 salvus
923 1562 980 1622 erit
1007 1560 1077 1640 (hoc
1103 1565 1150 1622 ast
1172 1561 1327 1622 haereseos

87 1689 155 1730 non
178 1669 388 1748 damnabitur);
416 1669 469 1748 qui
496 1687 556 1730 non
582 1669 739 1730 crediderit
766 1669 838 1749 (hoc
859 1669 981 1747 estqui
1009 1687 1042 1730 se
1063 1687 1124 1728 non
1147 1669 1327 1749 subjecerit),

90 1777 282 1838 damnabitur
305 1778 372 1856 (hoc
394 1783 440 1838 est
463 1777 629 1838 haereticus
651 1776 715 1856 est).

203 1885 307 1963 Itaque
329 1884 492 1960 Lutherus,
520 1885 590 1963 quia
612 1884 732 1962 penitus
760 1884 914 1962 perspexit
936 1889 1190 1961 argumentorum,
1219 1885 1327 1961 quibus

91 1993 252 2069 imperium
276 1991 383 2070 papale
405 1989 594 2068 sauciabatur,
625 1992 792 2052 vanitatem
814 1997 845 2051 et
871 1991 1055 2068 firmitatem,
1087 2009 1156 2052 cum
1179 1991 1328 2052 hilaritate

94 2100 223 2178 quadam
241 2099 378 2176 Papistas
396 2099 510 2160 deridet
528 2105 616 2176 atque
634 2099 775 2172 traducit,
798 2099 878 2176 quod
901 2100 934 2158 iu
951 2099 1085 2160 vexando
1105 2098 1216 2160 Christi
1239 2100 1328 2159 verbo

94 2207 148 2267 illo
170 2207 208 2266 ad
229 2207 351 2268 Petrum
373 2206 452 2266 dicto
470 2211 622 2284 tantopere
640 2205 785 2282 laborent,
808 2207 981 2284 praesertim
1000 2224 1093 2284 quum
1111 2205 1181 2266 inde
1197 2206 1229 2267 id
1248 2207 1327 2285 quod

94 2315 190 2375 velint
207 2315 322 2392 probari
337 2331 425 2392 posse
443 2314 532 2374 edam
545 2313 623 2374 inter
641 2331 773 2375 summos
792 2331 895 2374 eorum
906 2314 1095 2392 iurisperitoa
1113 2314 1181 2390 duo,
1198 2313 1326 2375 ioannes

96 2421 276 2484 Teutonicus
294 2427 324 2482 et
342 2421 580 2498 Panormitanus,
602 2421 775 2482 infitiantur.
813 2419 931 2500 Quippe
952 2421 1046 2482 multo
1068 2421 1186 2484 facilius
1209 2421 1326 2482 usitatis

97 2547 255 2606 exegeseos
274 2529 390 2608 papalis
408 2528 563 2606 praesidiis
581 2547 624 2606 ea,
643 2529 751 2607 quibus
768 2529 960 2605 delectentur,
979 2547 1018 2590 ex
1036 2529 1141 2608 quovis
1157 2529 1327 2607 Scripturas

98 2637 202 2698 Sacrae
227 2637 292 2698 loco
319 2637 445 2697 derivari
472 2655 568 2714 posse.
615 2611 710 2698 Affsrt
736 2635 893 2698 ridiculam
919 2635 1069 2698 notissimi
1092 2637 1241 2698 donasses
1268 2637 1327 2696 loci

99 2745 367 2822 interpretationem
389 2745 422 2804 iu
444 2745 552 2805 littoris
570 2745 699 2821 obviam,
723 2763 797 2824 quas
815 2744 954 2806 Pontifex
973 2744 1092 2824 quidam
1110 2745 1149 2804 ad
1166 2744 1326 2822 Imperato-

100 2869 160 2912 rem
173 2851 530 2930 Constantinopolitanum
548 2853 581 2912 iu
594 2853 798 2914 Demetalibus
816 2852 935 2914 dedisse
947 2851 1075 2912 fertur:4
1094 2851 1213 2928 ,Nonne
1226 2851 1326 2928 legisti

102 2959 193 3020 Deum
219 2960 328 3021 iecisse
354 2960 413 3020 duo
439 2978 547 3038 magna
574 2960 743 3035 luminaria,
771 2959 866 3021 solem
889 2960 930 3040 (id
953 2963 1000 3020 est
1021 2957 1143 3038 Papam)
1171 2963 1202 3018 ιι
1223 2958 1326 3018 lunam

101 3067 141 3144 (id
157 3073 202 3128 cst
218 3066 461 3148 Imperatoreml?
496 3067 562 3127 Jam
585 3072 695 3144 quanto
718 3067 764 3127 sol
786 3067 880 3142 maJ'or
902 3071 948 3126 est
965 3066 1050 3140 luna,
1073 3069 1155 3125 ιιιιιο
1173 3064 1327 3142 praecellit

101 3175 177 3252 Papa
197 3175 427 3253 Imperatorem.‘
472 3174 565 3234 Addit
590 3173 784 3251 glossatorem
810 3191 849 3232 ex
876 3190 911 3232 eo
938 3173 1003 3231 ioco
1025 3176 1111 3232 acuta
1138 3175 1325 3249 supputasse,

103 3283 207 3360 Papam
229 3282 406 3360 quadragies
429 3282 540 3360 septies
557 3281 738 3358 Imperatore
760 3280 901 3356 majorem
923 3297 997 3370 esse.
1035 3277 1155 3340 Scilicet
1177 3279 1209 3338 iu
1231 3277 1325 3338 omni-

102 3391 154 3450 bus
174 3390 330 3466 creaturis,
354 3390 510 3467 scriptum,
533 3389 699 3467 depictum,
722 3405 898 3466 expressum
920 3386 987 3446 istis
1010 3385 1103 3448 videri
1125 3385 1237 3464 Papam
1260 3403 1327 3446 esse

103 3502 198 3575 caput,
225 3498 391 3573 dominum,
418 3497 550 3574 judicem
576 3495 716 3558 omnium.
767 3493 864 3570 Quare
891 3511 1069 3573 magnopere
1096 3494 1220 3554 mirmur
1247 3493 1327 3572 quod

104 3605 179 3682 Papa
196 3605 368 3666 innumeros
386 3605 556 3682 Scripturas
573 3604 666 3680 locos,
684 3603 768 3664 velut
785 3602 970 3664 lucidissima
986 3601 1168 3678 testimonia,
1187 3601 1219 3661 in
1237 3618 1326 3662 suum

104 3731 185 3772 usum
211 3730 271 3772 non
298 3713 432 3788 verterit,
460 3711 542 3774 verbi
570 3730 659 3772 causa
685 3730 724 3771 ex
750 3711 846 3789 primo
873 3711 970 3788 capite
997 3709 1124 3772 Jesaiae:
1156 3708 1247 3770 Novit
1273 3709 1326 3768 bos

105 3820 248 3880 dominum
271 3837 359 3880 suum
386 3819 453 3900 (hoc
475 3825 522 3880 est
543 3819 625 3898 Papa
646 3819 797 3880 Romanus
820 3823 866 3878 est
887 3819 1025 3878 dominus
1049 3813 1268 3894 superomnia)
1296 3819 1327 3874 et

106 3928 199 3988 asinus
226 3945 368 4006 praesepe
394 3927 575 4005 possessoris
603 3927 650 3988 sui
678 3925 746 4006 (hoc
768 3931 814 3986 est
836 3926 915 3986 orbis
942 3925 1121 3986 christianus
1144 3923 1326 4000 mancipium

106 4041 147 4094 est
162 4035 275 4114 Papae).
312 4035 496 4110 Luminosis‚
519 4034 629 4112 iuquit,
653 4033 786 4110 ejusdem
809 4032 928 4108 generis
945 4030 1130 4092 documentis
1152 4029 1326 4108 plenissima

108 4123 170 4202 suni
190 4142 299 4220 sium
332 4143 392 4202 uuo
413 4141 491 4202 trahi
518 4145 644 4220 pauni
670 4141 758 4202 auam
786 4140 882 4216 logica
903 4145 934 4200 a
955 4157 1047 4216 parva
1068 4137 1215 4214 logicam,
1243 4136 1325 4196 veru

204 4335 231 4404 1)
250 4334 307 4390 Gal.
328 4335 358 4404 2,
377 4335 402 4390 9.
423 4335 464 4388 14.

205 4425 232 4495 2)
250 4423 317 4493 Eph.
338 4423 367 4492 2,
388 4423 429 4479 20.

204 4513 231 4582 3)
250 4513 338 4567 Aiiart
355 4511 490 4567 Lutherus
509 4529 543 4566 ex
558 4511 620 4581 jura
638 4512 763 4566 amonica
782 4529 805 4564 c.
824 4527 925 4564 omues.

204 4603 232 4672 4)
250 4601 356 4656 Laudat
373 4600 476 4670 locum,
496 4617 530 4656 ex
549 4601 635 4671 capite
654 4601 752 4656 Solitas
770 4601 795 4656 6.
815 4599 850 4654 Χ.
870 4601 904 4653 ds
922 4597 1070 4668 majoritate
1087 4597 1109 4652 1.
1130 4597 1172 4652 33.
1285 4674 1294 4683 ¹
