3188 5086
215 280 267 336 106
701 284 805 333 Pluris
824 283 937 333 Puerorum

215 511 305 555 unum
334 513 434 556 omnes
461 497 546 556 simul
566 496 690 557 Romani
714 497 843 571 episcopi
864 496 1025 557 sententias
1047 496 1200 571 quasdam,
1231 497 1268 556 de
1289 496 1431 558 cathedra

214 600 428 676 pronuntiatas,
458 605 595 675 tanquam
624 599 714 660 falsae
743 601 867 675 rejicere
891 606 922 660 et
942 601 1087 674 castigare
1109 617 1148 660 ue
1171 601 1290 662 minime
1312 601 1429 675 quidem

215 702 356 762 dubitant.
400 704 476 764 Dein
499 705 643 764 Zosimum
664 721 782 780 papam,
805 721 892 778 quum
914 720 933 763 a
954 705 1067 780 Pelagii
1088 711 1173 778 parte
1198 707 1342 780 stetisset,
1364 704 1429 764 diri

216 807 322 867 Sancto
336 808 496 881 Augustino
515 808 589 868 duce
609 809 753 884 conciliis,
776 809 907 884 scriptis,
930 810 1060 883 epistolis
1075 811 1247 885 co'e'gerunt,
1267 815 1301 868 ut
1315 825 1430 870 errasse

216 928 247 970 se
271 911 420 972 coufessus
441 913 617 971 sententiam
637 917 773 972 mutaret.
819 912 895 986 Quin
917 914 1006 972 etiam
1027 914 1151 988 septimo
1171 915 1269 974 seculo
1287 930 1322 974 eo
1341 913 1431 972 anda·

216 1017 293 1090 ciac,
324 1033 379 1090 qno
409 1017 492 1076 Pium
522 1017 586 1092 ix,
617 1015 768 1090 pontifices
799 1017 925 1102 nondum
953 1019 1133 1092 prorupisse,
1164 1035 1222 1077 nno
1252 1017 1360 1077 Leonis
1392 1019 1431 1076 Π.

217 1122 348 1194 exemplo
377 1123 448 1181 satis
479 1121 707 1197 demonstratur,
736 1122 786 1194 qni
816 1138 852 1180 ex
874 1121 1106 1181 antecessoribus
1133 1123 1192 1180 eois
1215 1123 1374 1182 Honorium
1397 1124 1431 1197 1,

217 1223 393 1284 aTrullano
419 1225 540 1284 concilio
569 1226 725 1284 haereseos
755 1225 992 1299 condemnatum,
1023 1230 1053 1284 et
1075 1227 1138 1300 ipse
1161 1225 1336 1286 confirmatis
1362 1243 1431 1286 con·

217 1329 276 1388 cilii
300 1329 426 1390 decretis
448 1330 655 1392 condemnavit.

217 1489 219 1492 .
305 1433 358 1491 His
376 1434 465 1507 igitur
485 1435 673 1508 praemonitis
692 1439 779 1508 atque
801 1435 837 1493 iis
859 1433 947 1493 rebus
969 1434 1095 1509 omissis,
1125 1435 1156 1492 in
1178 1433 1281 1507 quibus
1300 1439 1362 1494 tota
1381 1435 1433 1494 illa

217 1541 300 1596 aetas
315 1538 435 1613 erravit,
457 1544 644 1598 conservatae
659 1543 759 1598 rectae
774 1538 923 1598 doctrinae
936 1537 1067 1612 laudern,
1088 1539 1203 1611 qualem
1218 1555 1342 1598 summos
1356 1540 1433 1598 viros

218 1641 373 1713 antiquiori
402 1641 544 1704 ecclesiae
569 1642 716 1702 Romanae
745 1642 881 1702 tribuisse
903 1647 1029 1716 constat,
1057 1659 1237 1716 nequaquam
1259 1643 1433 1702 immeritam

219 1743 308 1804 fuisse
338 1742 515 1818 profitemur.
560 1747 641 1819 Quod
664 1748 741 1806 enim
759 1749 820 1821 jam
842 1747 873 1806 in
894 1745 1041 1806 veteribus
1062 1747 1199 1806 Romanis
1221 1746 1432 1820 reperiebatur,

218 1863 318 1908 sanum
348 1850 492 1923 quoddam
521 1851 684 1924 seriumque
717 1851 908 1910 humanarum
940 1867 1039 1910 rerum
1068 1851 1226 1926 iudicium,
1263 1851 1308 1925 id,
1345 1867 1431 1924 quum

219 1953 377 2013 christiana
414 1954 555 2029 religione
585 1955 708 2028 quodam
740 1955 826 2014 modo
860 1955 988 2014 sanctius
1024 1961 1112 2028 atque
1141 1955 1241 2028 purius
1271 1955 1433 2029 revixisset,

219 2057 257 2116 nd
277 2057 422 2119 doctrinas
450 2059 488 2118 de
517 2065 639 2119 naturae
670 2065 701 2118 et
729 2061 840 2134 gratiae
869 2059 1029 2118 rationibus
1057 2060 1114 2118 rite
1148 2059 1322 2118 excolendas
1356 2059 1434 2118 hand

219 2177 320 2234 parum
351 2163 450 2222 iacere
483 2165 586 2237 potuit.
643 2163 775 2223 Accessit
805 2163 912 2223 Graeci
945 2163 1054 2236 aliquid
1083 2163 1209 2238 ingenii,
1239 2163 1315 2236 quod
1348 2179 1434 2236 quam

219 2265 279 2325 late
306 2265 337 2323 in
364 2266 513 2327 Romanae
538 2267 682 2328 ecclesias
708 2267 799 2326 initiis
829 2265 915 2326 simul
944 2265 1145 2326 cumGraeca
1171 2267 1270 2341 lingue
1296 2267 1434 2342 patuerit

221 2385 257 2429 ex
292 2371 366 2429 varii
398 2372 514 2446 generis
546 2372 739 2430 monumentis
775 2372 832 2430 rite
866 2371 1020 2445 colligitur.
1087 2370 1150 2430 Hoc
1183 2371 1332 2444 ingenium
1365 2371 1436 2429 licet

220 2474 349 2548 saepius,
378 2475 422 2532 uti
447 2475 508 2547 jam
535 2475 742 2534 Melanchthon
771 2472 951 2550 adnotavit‚¹
984 2475 1016 2533 in
1046 2475 1133 2534 nimis
1164 2475 1278 2534 callidis
1307 2475 1435 2549 disputa·

221 2576 346 2636 tionibus
365 2577 420 2636 sibi
442 2579 585 2651 placuerit
607 2584 638 2638 et
657 2579 853 2653 evangelicam
872 2579 1032 2638 doctrinam
1054 2579 1084 2638 in
1106 2579 1319 2654 philosophiam
1340 2584 1436 2638 hens-

221 2679 401 2756 iormaverit,
431 2686 530 2742 tamen
560 2682 690 2742 Romana
719 2684 863 2758 gravitate
892 2688 1088 2758 temperatum
1117 2683 1156 2742 ed
1184 2688 1267 2744 recte
1298 2681 1437 2744 definien-

220 2783 289 2844 dam
324 2789 356 2844 et
390 2784 604 2847 defendendam
638 2787 823 2848 chnetianam
860 2787 1014 2847 verimtem
1053 2788 1142 2848 etiam
1178 2787 1256 2862 apud
1292 2787 1437 2847 Romanos

220 2889 396 2963 permultum
416 2891 546 2950 contulit.
583 2891 656 2950 lllne
679 2892 757 2951 enim
777 2907 813 2950 er
835 2895 897 2951 toto
919 2891 982 2950 fere
1005 2891 1075 2950 orbe
1098 2890 1311 2951 diversissimae
1337 2895 1436 2951 sectae

220 2992 443 3069 dogmatumque
466 3011 576 3070 genera
597 2993 779 3070 conduxere;
808 3012 882 3070 qnae
905 2995 1001 3055 omnia
1030 2995 1108 3055 inter
1129 3011 1161 3054 se
1184 2993 1332 3070 conferre,
1364 3011 1437 3054 sana

219 3097 349 3173 eligere,
381 3115 472 3173 presa
501 3105 532 3161 et
564 3105 701 3175 corrupta
730 3102 883 3176 sejungere
913 3097 1079 3174 oportebat,
1112 3115 1151 3158 ne
1182 3104 1235 3160 aut
1267 3099 1437 3173 simplicitas

223 3203 367 3279 evangelii
395 3203 522 3266 confusis
550 3205 734 3280 opinionibus
764 3205 950 3279 obrueretur,
980 3209 1032 3263 ant
1058 3203 1137 3264 acies
1167 3203 1275 3278 ingenii
1306 3203 1344 3263 ad
1367 3203 1436 3264 fidei

222 3307 365 3366 rationem
387 3310 477 3368 cnivis
498 3308 676 3368 reddendam
698 3314 803 3383 parata
825 3308 1022 3368 hebetaretur.
1066 3307 1252 3382 Quantopere
1274 3307 1330 3367 hoe
1350 3307 1437 3368 modo

220 3409 281 3482 jam
311 3411 390 3470 circs
418 3427 526 3471 annum
555 3413 672 3472 Domini
702 3413 932 3472 ducentesimum
953 3411 1085 3472 Romana
1115 3412 1241 3472 ecclesia
1266 3412 1379 3486 agitata
1405 3417 1438 3472 et

224 3513 385 3574 exercitata
411 3515 510 3588 itaque
533 3515 571 3576 ad
592 3516 771 3590 superandos
793 3517 984 3590 posteriorum
1007 3519 1169 3590 temporum
1192 3531 1320 3590 errores,
1345 3516 1438 3592 inpri-

223 3617 277 3676 mis
290 3616 493 3692 Arianismum,
508 3625 684 3693 praeparata
699 3619 797 3699 inerit,
816 3620 847 3679 id
861 3621 1127 3694 praestantissimus
1142 3621 1294 3694 theologus
1309 3620 1436 3694 mihique

224 3721 481 3798 conjunctissimus,
504 3723 604 3784 Justus
623 3723 740 3799 Jacobi,
764 3741 803 3783 ex
823 3725 898 3784 libro
920 3723 1258 3798 philosophumenorum,
1277 3723 1309 3782 in
1332 3721 1436 3783 Athois

221 3831 321 3886 monte
343 3842 436 3900 nuper
454 3831 586 3903 reperto,
610 3844 696 3902 quem
709 3827 859 3903 Hippolyti
878 3844 943 3888 esse
958 3828 1068 3902 primm
1082 3832 1163 3888 recto
1178 3827 1263 3902 vidit,
1285 3828 1435 3902 ingenioso

221 3926 402 3990 illustravit²

310 4034 441 4106 Quodsi
464 4037 589 4097 ecclesia
610 4037 662 4098 ills
685 4038 746 4112 jam
768 4037 891 4098 florente
914 4035 1007 4095 adhuc
1029 4041 1161 4096 veterum
1182 4033 1337 4096 (laesarum
1360 4035 1437 4095 occi-

224 4135 335 4196 dentali
356 4139 478 4212 imperio
501 4147 594 4201 mater
616 4145 647 4201 et
668 4142 807 4216 magistra
828 4142 959 4216 gentium
973 4139 1097 4214 quodam
1115 4142 1184 4214 jure
1199 4140 1296 4200 vocari
1310 4144 1436 4216 poterat,

221 4244 286 4313 post
317 4240 432 4300 illomm
463 4261 584 4319 regnum
612 4243 741 4306 funditus
779 4245 907 4306 deletum
942 4249 1056 4304 tantum
1084 4241 1190 4319 abfuit,
1222 4248 1256 4303 nt
1282 4244 1436 4319 praeclaro

312 4408 339 4477 1)
358 4409 396 4460 (li.
414 4410 518 4462 libellus
536 4427 606 4463 meus
623 4427 702 4477 snpra
718 4411 838 4464 laudatus
856 4428 882 4478 p.
894 4417 937 4466 ³6.

311 4495 338 4563 2)
358 4495 401 4548 ln:
425 4495 554 4548 &nuche
576 4498 725 4550 Zeitsohriit
747 4498 789 4549 fiir
813 4498 963 4551 christliche
986 4497 1176 4551 Wissemchsit
1198 4498 1250 4550 und
1274 4497 1437 4550 christlichos

222 4582 310 4635 stsn
331 4587 396 4635 1851
417 4601 441 4650 p.
457 4589 508 4636 234
522 4601 555 4638 ss.
