3134 5054
706 300 800 352 otrus
818 301 891 354 nur.
1352 287 1419 356 nee·

277 513 379 588 Neque
401 515 508 588 injuria
523 514 662 574 Erasmus
678 520 796 588 questus
811 521 870 590 est,
893 516 969 590 quod
984 515 1146 591 Lutherus,
1167 534 1255 590 quum
1270 517 1406 592 ,privatis

190 617 361 678 affectibus‘
383 635 441 678 non
469 620 540 679 satis
560 621 732 695 imperaret,
761 621 854 696 ipsam
883 621 1086 695 repurgandae
1104 622 1246 681 ecclesiae
1270 627 1300 682 et
1320 624 1407 681 resti·

189 723 292 782 tuendi
317 724 460 797 evangelii
483 739 613 798 causam,
635 729 680 784 tot
697 727 760 799 jam
782 725 939 784 obstaculis
962 726 1180 800 circumdatam,
1211 727 1292 785 novis
1315 727 1406 800 impo-

191 811 327 886 dimentis
348 829 516 889 involveret.
561 828 650 904 ,Quid
682 829 815 905 peccat‘,
844 830 953 906 inquit,
984 832 1055 905 ‚veri
1081 829 1280 906 praedicator,
1310 831 1335 889 si
1365 831 1408 889 sic

191 933 351 992 orationem
373 933 548 1008 moderetur,
573 939 606 992 ut
627 934 722 1008 quoad
744 932 808 993 fieri
830 940 929 1008 potest
957 951 1014 995 non
1035 941 1245 1009 exasperentur
1263 940 1408 1010 potentes,

191 1037 244 1098 sed
267 1037 433 1097 allicientur
452 1040 650 1112 potiusquam
672 1045 875 1114 provocentur,
907 1045 950 1114 et,
980 1041 1004 1099 ai
1028 1056 1095 1114 spes
1117 1040 1197 1098 nulla
1220 1045 1279 1114 eat,
1303 1041 1407 1100 saltem

192 1160 229 1202 ne
248 1143 311 1201 sinc
334 1141 429 1201 fructu
449 1143 634 1202 irritenturi‘
671 1144 738 1217 Ipse
760 1145 895 1203 nimirum
912 1143 1072 1218 Lutherus‚
1095 1143 1286 1218 cludimus,
1309 1159 1408 1220 quam·

191 1247 235 1306 vis
257 1248 289 1304 in
311 1248 372 1306 solo
395 1246 459 1306 Deo
480 1244 614 1306 fiduciam
637 1254 774 1322 poneret,
803 1255 902 1308 tamon
923 1249 961 1308 ad
984 1246 1168 1308 efficiendam
1190 1264 1292 1307 novam
1315 1249 1410 1308 eccle·

193 1353 255 1410 siae
279 1357 310 1410 ct
331 1351 493 1410 scholarum
518 1350 641 1410 formam
661 1353 823 1427 principum
846 1369 881 1412 ae
904 1353 1124 1429 magistratuum
1147 1369 1202 1427 ope
1225 1369 1327 1413 carere
1351 1369 1410 1412 non

191 1457 293 1530 potuit.
341 1457 450 1530 Quare,
473 1473 560 1530 qaum
580 1473 648 1532 spes
671 1463 750 1516 esset
770 1455 972 1517 reformandae
992 1458 1023 1517 in
1038 1457 1145 1531 Anglia
1167 1458 1325 1532 ecclesiae,
1345 1473 1410 1517 sua·

193 1560 329 1620 dentibus
358 1562 459 1620 amicis
487 1561 616 1620 Henrico
636 1561 712 1622 vin.
746 1563 863 1637 scripsit
893 1563 1046 1636 epistolam
1072 1563 1142 1622 satis
1172 1563 1323 1637 humilem,
1352 1579 1410 1635 qua

194 1666 401 1725 convenienter
434 1683 498 1724 cnm
528 1666 643 1725 Erasini
676 1667 831 1740 prudentia
863 1667 894 1725 id
928 1668 1001 1742 agit,
1037 1673 1070 1726 ut
1101 1668 1178 1726 inter
1208 1667 1411 1726 auctoritatem

193 1771 304 1844 regiam
328 1771 500 1830 stobaeum
523 1773 586 1844 ejus
608 1771 645 1830 ab
668 1770 862 1831 altiniactum
886 1772 1074 1832 discerneret.
1118 1773 1243 1831 Multum
1265 1773 1409 1830 interesse

194 1875 273 1934 inter
292 1873 453 1933 Romanam
482 1876 636 1935 ecclesiam
663 1881 693 1935 et
717 1876 876 1935 Romanam
899 1877 1022 1950 curiam,
1053 1878 1131 1934 inter
1155 1876 1314 1951 legitimam
1335 1875 1410 1934 Pon-

196 1976 282 2037 tificis
303 1979 507 2038 auctoritatem
529 1985 559 2039 et
582 1980 703 2039 abusum
726 1983 789 2055 ejus
803 1981 951 2039 Lutberus
972 1982 1035 2054 ipse
1058 1981 1142 2040 initio
1157 1979 1305 2042 docuerat.
1343 1979 1412 2038 Mox

195 2088 287 2142 totam
310 2083 366 2142 vim
389 2085 488 2144 curiae
511 2084 661 2144 Romanae
685 2085 935 2144 antichristiauam
951 2091 1103 2160 expertus,
1126 2085 1292 2147 certaminis
1307 2083 1412 2144 ardore

196 2187 348 2263 abreptus,
385 2189 552 2248 discrimina
589 2189 640 2248 illa
676 2205 795 2263 prorsus
831 2190 954 2248 sustulit.
1020 2187 1117 2263 Ipsum
1146 2194 1284 2264 papatum
1312 2205 1412 2248 verum

196 2292 500 2352 antichristianismum
528 2309 606 2368 esse,
638 2309 656 2352 a
686 2293 802 2354 diabolo
833 2295 1035 2368 constitutum,
1065 2294 1221 2354 contendit.
1274 2293 1413 2352 Erasms

196 2391 332 2476 (quocum
355 2396 563 2456 Melancbthon
585 2392 800 2480 consentiebat)
826 2399 932 2473 justins
963 2399 999 2457 de
1028 2415 1065 2458 ea
1086 2415 1119 2457 re
1146 2408 1233 2472 atque
1256 2399 1412 2457 historicae

195 2502 314 2562 veritati
344 2503 549 2575 congruentius
574 2501 724 2577 judicavit.
769 2503 912 2562 Nimirum
934 2519 992 2562 non
1016 2502 1240 2562 obliviscendum
1263 2519 1329 2562 esse
1349 2518 1413 2561 sae-

196 2607 262 2680 pius
283 2612 396 2681 monet,
418 2609 507 2666 etiam
529 2607 639 2667 Romae
662 2623 728 2667 esse
752 2609 880 2669 sinceros
904 2607 1097 2683 Christianos,
1121 2608 1210 2668 etiam
1232 2608 1262 2665 in
1284 2607 1416 2666 Domini·

197 2725 335 2770 canorum
357 2711 458 2770 ordino
481 2705 526 2792 (in
549 2729 604 2786 quo
628 2714 719 2772 multa
739 2714 803 2788 ipse
827 2713 931 2773 acerbe
951 2705 1184 2792 vituperaverat)
1204 2711 1343 2787 inveniri,
1366 2713 1415 2786 qui

198 2821 230 2875 et
252 2814 336 2874 bonis
357 2816 463 2875 litteris
487 2820 518 2876 et
540 2818 709 2892 evangelico
732 2819 850 2893 negotio
866 2813 1009 2877 faveant.1
1047 2817 1081 2876 In
1098 2815 1237 2891 ejusmodi
1252 2816 1414 2876 homiuibus

196 2919 374 2980 Judaisticas
400 2919 538 2994 quaedam
568 2922 719 2996 opiniones
748 2923 786 2981 ad
813 2922 897 2982 Pauli
925 2905 1089 2996 exemplum
1117 2937 1276 2996 provocans
1306 2921 1415 2995 aliqua-

196 3029 283 3084 tenus
313 3026 460 3099 patienter
489 3025 626 3085 ferendas
657 3043 721 3085 esse
750 3027 871 3086 cenauit
920 3027 1023 3100 Neque
1052 3033 1151 3086 tamen
1175 3029 1255 3100 iusto
1282 3031 1415 3099 tempore

197 3129 262 3187 istis
284 3130 429 3209 erroribus
452 3135 483 3189 et
504 3129 653 3190 Romanae
674 3129 781 3189 Curiae
803 3129 916 3190 damnis
938 3130 1051 3189 obviam
1069 3129 1193 3189 eundum
1209 3147 1275 3190 esse
1288 3130 1415 3204 negavit.

197 3233 294 3292 Multa
324 3239 355 3293 et
382 3234 507 3294 civiliter
538 3240 569 3293 et
596 3237 724 3308 ingenue
754 3235 926 3309 scripserat,
958 3233 1061 3307 quibus
1088 3251 1126 3294 ne
1154 3235 1271 3295 minime
1298 3233 1415 3309 quidem

200 3337 344 3397 ecclesiae
365 3344 528 3413 magnates,
551 3345 584 3397 ut
605 3338 727 3398 Lutberi
746 3339 843 3398 verbis
865 3343 944 3413 uter,
965 3337 1114 3398 blanditiis
1129 3339 1251 3398 mulceri
1266 3354 1298 3397 se
1313 3343 1416 3413 putare

199 3447 343 3517 poterant.
389 3443 479 3515 Quam
509 3441 633 3502 audacia
663 3443 767 3518 verba,
798 3443 869 3502 lieet
898 3459 963 3502 cnm
990 3441 1171 3515 praefatione
1200 3443 1309 3517 laudis,
1340 3441 1416 3516 apud

198 3548 277 3621 ipsos
311 3544 462 3620 pontifices
500 3564 656 3620 eorumque
687 3549 834 3608 ministros
863 3547 982 3622 lecerit,
1017 3549 1079 3621 jam
1108 3562 1196 3621 supra
1225 3545 1333 3606 dictum
1364 3552 1417 3607 est.

200 3652 345 3726 Albiciam
366 3653 414 3711 bic
437 3667 532 3727 pauca
554 3667 590 3710 ex
613 3654 735 3727 epistola
757 3654 795 3712 ad
818 3653 976 3712 Adrianum
998 3651 1047 3712 Vl.
1070 3669 1145 3712 anno
1168 3653 1258 3712 seculi
1281 3651 1417 3710 vicesimo

201 3757 330 3817 secundo
353 3757 478 3832 scripta:
508 3757 595 3832 ,Late
618 3762 701 3830 patet
723 3757 881 3816 Germania
904 3763 935 3816 et
958 3757 1086 3816 abundat
1108 3755 1314 3816 excellentibus
1337 3755 1418 3826 inge·

202 3862 267 3920 niis.
312 3861 376 3920 Nec
399 3862 475 3920 banc
497 3867 596 3922 tamen
618 3862 708 3920 solam
730 3861 777 3919 hio
798 3861 887 3918 habet
910 3860 1046 3919 allectus:
1077 3877 1135 3918 non
1162 3859 1255 3918 ausim
1281 3857 1419 3932 scribere,

200 3949 340 4039 inquam
363 3967 461 4024 multis
482 3965 663 4040 regionibus,
685 3980 770 4037 quam
791 3965 907 4037 penitus
929 3964 1113 4036 popularibus
1133 3963 1236 4022 animis
1256 3958 1359 4019 infixus
1381 3962 1420 4019 eit

201 4069 324 4129 Lutheri
355 4069 436 4130 lavor
467 4075 497 4130 et
526 4070 623 4130 odium
645 4067 785 4142 pontificii
805 4067 939 4126 nominis.
963 4099 1003 4107 -
1036 4065 1123 4125 Oerte
1146 4067 1170 4124 si
1194 4071 1252 4124 stat
1273 4065 1419 4124 sententia

204 4175 384 4248 carceribus,
404 4174 519 4250 flagris,
543 4171 809 4247 confiscationibus,
832 4171 941 4247 exiliis,
968 4172 1112 4245 censuris,
1133 4169 1273 4230 mortibus
1295 4169 1418 4229 obruere

202 4280 309 4338 malum
332 4279 403 4356 hoc,
426 4279 498 4339 nibil
522 4279 569 4337 hic
591 4295 664 4353 opus
686 4275 775 4337 luerit
796 4293 861 4336 meo
885 4274 1022 4336 consilio‘
1065 4274 1179 4334 Deinde
1201 4275 1264 4333 vult
1285 4279 1318 4333 nt
1336 4289 1419 4348 prae-

295 4517 320 4584 1)
343 4519 382 4572 cf.
406 4517 522 4586 Spongia
544 4515 664 4568 adversus
686 4515 836 4582 aspergines
853 4513 963 4565 Hutteul
985 4513 1013 4563 in
1032 4511 1141 4564 Huttoni
1164 4527 1224 4578 opp.
1243 4511 1282 4566 ed.
1306 4511 1423 4582 B'o'cking

205 4605 232 4656 11
252 4621 277 4670 p.
291 4611 351 4660 28³.
