3194 5042
659 321 746 376 Oanur
765 321 798 374 V.
1296 317 1349 374 139

979 415 1347 424 —--—-·--—

104 541 221 582 verum
244 542 313 584 eum
336 523 521 599 sollicitaret,
545 524 593 584 sin
616 529 789 601 agnosceret
812 524 991 602 sperandum
1014 524 1077 585 fore
1099 528 1134 583 ut
1155 523 1263 583 leniter
1280 541 1349 583 cum

108 647 153 690 co
185 635 328 707 ageretur.
378 631 415 692 Id
447 632 561 692 scilicet
592 631 658 710 ipse
689 636 761 693 tunc
792 632 890 692 adhuc
923 631 1149 692 Commissarius
1181 649 1250 691 oum
1282 630 1349 690 aliis

107 737 221 798 multis
258 739 395 816 speravit.
453 739 543 799 Hunc
578 739 671 816 igitur
703 745 823 800 secutus
857 739 1007 800 Galilaeae
1040 739 1211 800 sedentibus
1242 738 1349 798 iterum

105 842 266 919 judicibus
294 846 467 922 declaravit,
501 865 579 922 sese,
613 865 706 926 quum
733 847 843 907 librum
871 865 959 907 suum
987 851 1054 924 post
1081 853 1141 908 tres
1168 847 1230 907 fere
1256 865 1350 907 annos

108 971 221 1014 reeens
257 953 425 1032 relegisset,
462 954 706 1016 animadvertisse
741 974 818 1015 vana
849 973 882 1016 se
913 955 1072 1015 ambitione
1103 955 1225 1014 ductum
1258 953 1350 1014 falsae

110 1061 251 1140 opinioni
273 1062 455 1140 pertinacius
478 1081 567 1140 quam
590 1082 643 1140 par
666 1063 774 1124 luisset
796 1063 1010 1140 patrocinatum
1034 1079 1113 1138 esse,
1136 1061 1189 1122 sed
1211 1061 1299 1122 facile
1319 1061 1349 1120 id

113 1170 226 1246 corrigi
254 1187 343 1248 posse
370 1170 468 1230 addito
491 1188 567 1230 novo
590 1169 718 1248 dialogo,
747 1189 836 1248 quem
859 1171 924 1248 ipse
946 1171 1006 1248 jam
1029 1169 1214 1248 promisisset
1237 1169 1269 1229 in
1291 1170 1351 1230 fine

114 1276 218 1354 operis
240 1277 401 1356 quemque,
424 1277 583 1338 dummodo
606 1279 699 1338 otium
718 1277 775 1338 sibi
792 1279 924 1353 daretur,
948 1278 1114 1355 scripturus
1133 1282 1220 1338 esset.
1262 1276 1349 1337 Haud

118 1385 215 1444 nudto
237 1389 306 1462 post
329 1385 438 1463 scripta
462 1403 516 1446 sua
538 1385 711 1446 defensione
734 1385 843 1445 similia
866 1385 1001 1462 protulit;
1027 1385 1052 1444 si
1075 1384 1148 1462 quid
1166 1384 1349 1462 deliquisset,

119 1511 155 1552 se
177 1497 290 1570 petere,
313 1498 347 1552 ut
369 1493 569 1554 misemeordia
591 1498 745 1553 uterentur
766 1493 798 1552 in
822 1511 924 1552 senem
947 1492 1217 1570 septuagenarium,
1241 1491 1350 1552 morbis

119 1605 343 1678 consumptum,
367 1601 577 1661 molestissimo
599 1601 706 1660 itinere
728 1600 850 1662 hiberno
873 1599 1071 1675 debilitatum,
1094 1619 1149 1678 per
1171 1605 1215 1660 tot
1232 1617 1351 1660 menses

120 1709 262 1768 continua
288 1708 379 1768 animi
407 1709 528 1769 tristitia
555 1709 694 1784 fractum,
719 1713 872 1786 praeterea
899 1707 1081 1768 malevorum
1102 1707 1272 1783 ealmnniis,
1300 1707 1350 1766 ad-

121 1833 226 1876 versus
261 1834 335 1894 quas
364 1817 426 1894 jam
458 1835 476 1876 a
507 1816 687 1876 Bellarmino
721 1815 869 1877 cardinali
902 1816 1049 1894 quondam
1081 1820 1231 1894 protectus
1263 1819 1350 1890 esset,

120 1924 230 1984 iterum
253 1924 419 2002 iterumque
442 1924 641 1984 dilaceratum.

230 2031 289 2092 Sed
316 2032 404 2092 sicuti
427 2031 641 2109 Inquisitorum
664 2031 798 2108 plurimi,
827 2031 869 2090 iia
890 2031 1031 2090 Pontifex
1057 2029 1273 2090 misericordiae
1298 2047 1350 2089 ex·

122 2157 192 2217 pers
213 2143 283 2199 erat.
325 2138 360 2198 Id
378 2144 494 2199 tantum
512 2139 612 2216 Magni
631 2138 724 2199 Ducis
743 2138 936 2213 reverentiae,
959 2139 1083 2198 fortasse
1101 2137 1190 2197 etiam
1208 2137 1352 2214 pristinae
1375 2217 1377 2220 Ι

123 2245 249 2308 Galilaei
276 2246 422 2306 amicitiae
449 2247 542 2322 dedit,
575 2251 609 2306 ut
635 2246 706 2307 huic
737 2263 791 2324 per
817 2251 912 2306 totum
944 2263 1049 2306 causae
1076 2245 1206 2322 agendae
1233 2249 1351 2322 tempus
1405 2257 1408 2262 '

122 2354 257 2414 custodia
279 2355 486 2416 concederetur
509 2354 581 2414 satis
604 2354 727 2414 honesta
750 2357 780 2414 et
802 2353 964 2428 commoda,
991 2352 1085 2412 nullis
1108 2352 1176 2412 aliis
1199 2352 1258 2412 nisi
1281 2351 1351 2412 soli·

123 2462 249 2537 tudinis,
277 2462 408 2539 impositi
433 2461 624 2539 jurejurando
651 2461 776 2536 silentii,
804 2461 988 2520 imminentis
1016 2461 1141 2522 extremi
1170 2459 1351 2520 discriminis

122 2570 284 2630 terroribus
315 2569 466 2630 horrenda
519 2569 656 2630 Ceterum
683 2587 752 2629 vero
778 2568 918 2628 Pontifex
949 2568 987 2627 ad
1014 2567 1218 2628 crudelitatem
1248 2567 1352 2627 multis

123 2679 189 2754 ejus
211 2677 435 2738 admiratoribus
458 2677 690 2754 inexspectatum
714 2694 889 2754 progressus
912 2680 965 2736 est.
1007 2675 1146 2736 Decrevit
1168 2675 1249 2736 enim
1271 2675 1352 2736 Gali·

123 2786 222 2846 laeum
245 2785 434 2860 ,comminata
456 2790 568 2846 tortura
590 2785 830 2861 interrogandum
853 2803 919 2844 esse
941 2784 978 2844 de
1000 2783 1186 2858 intentione‘,
1214 2783 1232 2843 i.
1253 2801 1277 2842 e.
1301 2802 1353 2843 ex-

123 2893 327 2968 aminandum,
358 2911 444 2967 num,
476 2897 633 2970 postquam
660 2893 815 2952 confessus
847 2897 893 2952 est
920 2910 953 2951 sc
981 2891 1157 2952 haereticam
1185 2890 1353 2968 opinionem

124 3001 161 3060 de
184 3006 279 3061 terrae
301 3005 383 3061 motu
405 2999 587 3074 defendisse,
614 3017 695 3059 nunc
717 3000 807 3059 etiam
829 2999 1018 3059 confiteretur
1041 3016 1073 3058 se
1095 2997 1151 3057 hoo
1173 2997 1214 3057 ita
1237 2997 1352 3070 fecisse,

124 3113 158 3168 ut
180 3109 303 3168 eandem
326 3109 496 3186 opinionem
518 3107 615 3166 animo
638 3107 703 3184 ipse
725 3106 868 3183 probaret.
905 3105 940 3164 Id
960 3105 986 3164 si
1004 3104 1200 3165 concessisset
1218 3105 1352 3162 futurum

124 3221 199 3290 erat,
232 3221 265 3275 ut
292 3216 455 3276 haereticae
486 3214 641 3292 pravitatis
673 3213 826 3274 convictus
853 3213 1016 3272 haberetur.
1068 3211 1152 3271 Tunc
1179 3229 1260 3286 vero,
1292 3211 1352 3270 nisi

123 3323 287 3384 addidisset
314 3341 380 3382 sese
404 3323 466 3400 jam
488 3322 662 3399 resipiscere
689 3325 719 3380 et
741 3321 778 3379 ad
801 3319 991 3379 orthodoxam
1020 3318 1161 3380 ecclesiae
1183 3318 1352 3395 opinionem

124 3431 234 3506 redire,
257 3431 307 3506 ,de
329 3431 542 3490 consuetudine
564 3430 634 3506 igne
656 3428 872 3488 comburendus
893 3425 990 3487 erat‘1
1032 3426 1097 3486 Hoc
1114 3427 1175 3485 lato
1192 3425 1353 3486 Jordanum

124 3539 258 3597 Brunum
286 3543 316 3598 et
342 3537 532 3614 Fulgentium
559 3537 706 3596 Mauiredi
737 3536 855 3596 functos
887 3551 952 3594 esse
983 3534 1047 3611 ipse
1076 3534 1196 3610 juvenis
1224 3533 1309 3612 quasi
1336 3551 1353 3592 e

124 3645 287 3723 longinquo
319 3645 443 3716 viderat;
476 3649 618 3721 regnante
646 3643 762 3704 Urbano
789 3641 938 3702 Antonius
965 3642 1002 3702 de
1028 3639 1176 3716 Dominis,
1209 3639 1366 3717 archiopi·.

125 3770 234 3830 scopus
253 3752 460 3830 Spalatiensis,
484 3771 572 3830 quern
590 3751 738 3828 Keplerus
760 3751 861 3826 magni
883 3749 1026 3824 fecerat,²
1049 3754 1116 3826 post
1138 3731 1262 3808 mortem
1284 3765 1353 3806 oon-

73 3880 81 3892 ·
125 3861 281 3920 demnatus
308 3865 371 3920 emt
398 3860 522 3937 ejusque
548 3859 672 3918 cadaver
698 3858 808 3917 Romae
840 3876 877 3917 ex
905 3857 1041 3933 sepulcro
1072 3861 1236 3915 extractum
1264 3859 1295 3914 et
1321 3854 1352 3912 in

126 3969 188 4028 foro
215 3973 384 4027 crematum.
431 3967 543 4026 Harum
571 3985 669 4026 rerum
697 3965 775 4024 haud
802 3965 957 4024 immemor
979 3963 1130 4024 Galilaeus
1157 3980 1254 4022 coram
1274 3961 1353 4038 judi-

125 4075 210 4135 cibus
233 4075 295 4134 reri
318 4075 452 4134 osoribus
480 4085 511 4134 et
537 4073 596 4152 ipsi
623 4079 724 4134 contra
747 4073 898 4132 veritatem
927 4071 1108 4148 peccandum
1135 4087 1202 4129 esse
1230 4068 1352 4146 putavit

125 4183 230 4260 Itaque
257 4183 481 4242 condemnatam
509 4181 664 4258 Copemioi
697 4180 872 4240 sententiam
899 4196 932 4238 se
959 4195 1055 4256 neque
1086 4183 1154 4254 post
1181 4173 1353 4236 Bellarmini

125 4289 353 4350 admonitionem
376 4308 508 4368 unquam
531 4288 663 4350 tenuisse
685 4305 782 4365 neque
804 4305 884 4346 nunc
907 4291 1006 4345 tenere
1028 4285 1198 4358 affirmavit,
1221 4283 1253 4343 id
1276 4283 1354 4361 quod

234 4538 261 4605 1)
280 4536 319 4592 Ol.
339 4535 490 4591 testimonia
507 4535 578 4604 apud
596 4533 704 4588 Reusch
722 4533 739 4588 l.
755 4550 777 4587 o.
798 4549 823 4602 p.
838 4532 898 4588 305.

234 4625 261 4696 2)
281 4625 388 4696 Kepleri
407 4641 487 4695 opera
509 4625 523 4679 1
542 4625 608 4693 6593
632 4622 717 4678 ἯΠδ
734 4621 788 4678 855
803 4637 825 4676 s.
