3134 5054
618 247 711 298 (larun
728 247 800 298 XIV.
1117 267 1123 279 ·
1268 245 1320 298 315

209 459 279 518 ilaec
307 461 390 534 igitur
414 462 512 520 omnia
539 467 599 520 tam
627 461 788 535 prudenter
818 479 905 536 quam
934 467 1015 522 necte
1046 477 1081 520 ac
1103 459 1220 520 lortittr
1241 458 1320 520 dicta

143 571 200 621 sant
236 563 288 623 Sed
314 567 396 638 juxta
426 581 463 623 ea
491 567 677 624 inveniuntur
706 567 779 640 alm,
814 581 890 639 qnae
918 565 1041 626 eandem
1064 565 1180 624 laudem
1204 563 1321 624 minime

141 675 264 728 merentur.
306 668 485 744 compluries
515 671 593 730 enirn
619 670 781 744 Lethenna,
814 688 900 744 quum
930 669 1020 729 verba
1041 669 1183 742 quaedam
1206 669 1321 729 Erasm

139 772 254 830 incautius
274 779 303 832 ct
333 775 545 848 imprudentius
578 775 658 833 dicta
689 775 855 848 vituperare
883 777 949 848 jure
979 779 1092 848 posset,
1126 773 1232 834 nimiae
1259 774 1321 832 irae

138 876 261 950 indulgens
288 877 325 936 ad
353 879 510 951 pessimum
538 895 655 937 sensum
676 885 736 937 tam
759 878 905 938 hostiliter
924 878 975 937 illa
997 877 1121 938 detorsit
1141 883 1171 936 et
1194 879 1323 952 exagila-

136 980 176 1052 vit,
204 987 232 1039 ut
254 999 284 1040 sc
309 999 447 1056 peccasse
473 983 529 1057 ipsi
558 989 661 1056 postea
683 981 876 1043 confitendum
900 989 985 1042 esset.
1030 981 1236 1042 Gravissimum
1260 984 1323 1056 cJ‘us

134 1085 166 1142 nei
185 1087 333 1158 exemplum
355 1087 410 1145 hoc
433 1092 487 1147 ast.
532 1087 669 1146 mannus
691 1087 776 1145 initio
799 1087 889 1145 libelli
912 1087 958 1145 sui
980 1085 1065 1160 dicit,
1090 1101 1122 1144 se
1151 1103 1216 1144 cnm
1236 1087 1322 1144 unico

132 1187 231 1251 iuttcnn·
247 1189 395 1264 dogmate,
415 1207 451 1250 eo
473 1191 622 1265 nimirum,
642 1190 720 1264 quod
742 1189 780 1248 ad
802 1190 1100 1264 praedestinationem
1114 1190 1241 1250 divinam
1255 1207 1322 1265 per·

131 1293 201 1356 tinet.
228 1295 454 1354 conflictatm'um
476 1311 556 1368 ease,
583 1311 642 1352 non
664 1295 695 1352 in
718 1294 815 1368 alind,
846 1295 902 1353 nisi
926 1299 971 1368 ut,
998 1295 1022 1352 si
1046 1293 1109 1352 lieri
1131 1299 1239 1368 queat,
1268 1294 1323 1352 hac

130 1396 255 1456 officione
281 1401 491 1472 scripturarum
516 1405 546 1457 et
573 1405 808 1472 argumentorum
831 1395 882 1458 liat
901 1399 1064 1458 evidentior
1086 1400 1210 1470 veritas,
1241 1399 1322 1472 cuius

56 1537 57 1548 .
128 1501 254 1574 indagatio
281 1519 399 1577 sempor
425 1502 514 1562 fuerit
544 1503 746 1562 honestissima
768 1501 912 1562 studiosis.
957 1503 1039 1574 Quod
1062 1509 1094 1562 ut
1116 1505 1192 1562 serio
1214 1502 1322 1563 dictum

127 1612 266 1682 appareat,
289 1607 371 1666 addit
394 1623 440 1680 ‚se
462 1607 536 1666 adeo
559 1623 616 1665 non
639 1605 781 1666 delectari
804 1607 1025 1682 assertionibus,
1045 1613 1077 1666 ut
1099 1607 1185 1667 fache
1208 1607 1239 1666 in
1258 1623 1321 1668 sec·

125 1709 249 1780 pticornm
277 1711 452 1770 sententiam
475 1710 598 1784 pedibus
620 1711 798 1770 discessum
816 1712 868 1784 sit,
898 1711 1061 1785 ubicunqne
1083 1729 1137 1786 per
1158 1711 1320 1771 divinarum

124 1814 311 1887 scipturarum
334 1815 532 1874 inviolabilem
554 1817 758 1875 anctoritatem
776 1823 806 1874 et
830 1816 972 1874 ecclesiae
995 1815 1115 1874 decreta
1134 1817 1235 1890 liceat,
1255 1817 1317 1890 qni·

124 1915 167 1974 bns
197 1936 276 1978 snum
311 1935 427 1978 sensum
459 1919 564 1992 ubique
597 1919 692 1978 libens
722 1918 889 1978 submittat}
941 1919 1022 1991 Quae
1052 1919 1110 1978 illic
1140 1919 1177 1979 de
1207 1920 1322 1994 privata

122 2025 253 2082 scnwntia
289 2025 433 2084 ecclesiae
463 2023 644 2098 subjicienda
675 2039 747 2096 prae
780 2040 811 2082 se
845 2021 917 2096 lert,
952 2041 988 2083 ex
1023 2025 1114 2099 ipsius
1152 2031 1249 2085 mento
1287 2025 1324 2084 de

119 2126 229 2186 ecclesia
251 2129 359 2186 visibili
379 2133 418 2202 ‚et
439 2127 701 2202 repraesentativa,
730 2129 810 2200 caius
833 2126 953 2186 decreta
972 2129 1042 2188 satis
1064 2129 1156 2188 libere
1179 2127 1324 2188 interdum

120 2235 228 2304 hactat,
254 2233 349 2305 accipi
377 2247 435 2290 non
459 2237 578 2304 possunt
607 2231 706 2304 itaque
733 2231 930 2304 ambiguitatis
961 2233 1071 2291 crimen
1094 2249 1153 2292 non
1175 2231 1323 2306 effugiunt.

118 2331 326 2396 Dubitationem
354 2351 435 2394 snam
467 2336 622 2409 praeponit
645 2351 744 2394 eornm
763 2336 895 2409 ingenio,
925 2351 996 2408 quos
1018 2336 1209 2410 dogmatistas
1231 2339 1325 2408 vocat,

117 2439 159 2510 qui
196 2442 389 2516 ,impotenter
422 2439 530 2498 addicti
564 2440 727 2499 sententiae
764 2455 833 2498 suae
871 2440 943 2498 nihil
973 2439 1084 2514 lerant,
1117 2439 1192 2514 quod
1222 2437 1260 2498 ab
1289 2454 1326 2498 ea

115 2541 266 2618 discrepet,
296 2544 350 2603 sed
371 2543 510 2617 quidquid
533 2544 634 2618 legunt
655 2544 685 2600 in
706 2543 857 2617 scripturis
880 2543 1054 2618 detorquent
1076 2545 1114 2604 ad
1133 2543 1324 2604 assertionem

113 2648 264 2722 opinionis,
284 2649 331 2707 cni
349 2665 381 2707 se
402 2649 493 2707 semel
516 2649 731 2722 manciparunt,
754 2648 838 2707 sicuti
852 2649 990 2722 jnvenes,
1013 2649 1061 2722 qui
1083 2647 1210 2722 puellam
1228 2653 1326 2708 amant

112 2751 337 2826 inmoderatius,
360 2766 530 2826 quocunque
546 2767 578 2810 se
594 2756 725 2826 remant,
746 2751 941 2826 imaginantur
956 2768 988 2810 se
1002 2750 1102 2810 videre
1117 2751 1192 2826 quod
1208 2749 1326 2812 amant‘

112 2853 282 2916 Humaniter
312 2855 471 2915 monendus
501 2853 623 2915 fortasse
653 2861 733 2930 erat,
763 2872 801 2914 ne
825 2857 887 2929 ipse
908 2858 986 2930 Justo
1006 2857 1144 2916 libentius
1167 2857 1325 2932 sceptlcum

112 2967 224 3035 ageret,
256 2961 308 3020 sed
332 2960 363 3019 id
385 2961 451 3018 lnce
481 2961 588 3018 clarius
612 2965 669 3033 est,
704 2959 929 3034 dubitationem,
960 2975 1045 3033 quam
1068 2959 1254 3034 laudaverat,
1289 2960 1326 3020 ad

111 3065 301 3124 abstrusiores
324 3063 461 3138 quasdam
480 3065 664 3137 quaestiones
686 3064 865 3138 theologicas
888 3069 919 3123 et
938 3063 1150 3138 philosophicas
1165 3065 1324 3141 pertinere,

111 3171 208 3240 quales
233 3168 378 3227 Lutherus
400 3169 465 3242 plus
488 3169 558 3228 satis
581 3185 678 3226 coram
701 3169 785 3242 vulgo
807 3168 954 3228 inerudito
969 3168 1100 3240 tetigisse
1117 3170 1145 3229 ei
1161 3169 1327 3242 videbatur,

110 3289 164 3330 non
187 3271 227 3332 ad
252 3273 346 3346 ipsum
370 3272 552 3346 evangelium
576 3277 607 3329 et
628 3271 802 3332 christianae
825 3272 974 3346 religionis
995 3269 1199 3348 fundamenta,
1223 3273 1327 3348 qulbus

111 3383 211 3436 cenna
244 3377 289 3436 sni
323 3377 460 3448 temporis
492 3375 621 3434 ethnicum
649 3381 679 3434 et
703 3375 872 3449 pharisaeos
898 3375 1016 3436 fortiter
1044 3377 1226 3438 vindicandis
1249 3378 1326 3438 vires

110 3497 174 3538 snas
208 3497 263 3554 per
292 3479 408 3553 longam
441 3481 530 3538 vitam
557 3479 749 3553 impenderat.
795 3479 987 3538 Nihilominus
1010 3479 1173 3556 Lulherns,
1209 3487 1328 3558 propter

110 3585 228 3643 nimium
258 3587 338 3658 pacis
367 3599 493 3644 amorem
513 3584 644 3642 veritatis
666 3583 881 3658 neglegentiam
904 3585 935 3644 in
957 3585 1007 3643 illo
1030 3587 1206 3661 suspicatus,
1230 3586 1327 3646 erudl·

111 3693 169 3747 tam
196 3691 260 3764 ejus
283 3688 492 3747 dubitationem
521 3689 564 3746 ita
585 3688 811 3762 interpretatur,
841 3689 924 3760 quasi
944 3704 1058 3748 omnem
1080 3691 1252 3764 religionem
1276 3687 1327 3746 de·

111 3793 252 3866 spiceret,
290 3793 463 3866 ,Lucianmm
497 3792 635 3866 spiraret,
676 3791 796 3865 Epicuri
833 3793 980 3865 crapulam
1014 3790 1183 3851 exhalaret‘
1238 3786 1328 3848 ddunt

110 3895 226 3968 quidem
256 3911 313 3954 nno
336 3897 415 3968 loco,
445 3911 477 3953 ae
507 3912 565 3954 non
584 3895 620 3954 de
643 3895 739 3953 animo
762 3897 825 3968 ejus
848 3895 964 3968 dicero,
995 3893 1189 3968 nequeenim
1212 3909 1244 3952 se
1267 3897 1327 3952 tam

109 4000 256 4074 perditum
279 3999 359 4058 illum
380 3999 561 4072 existimare,
594 4005 626 4058 ut
653 3999 724 4058 talia
747 3999 852 4058 doceat
875 4015 910 4058 ex
932 3997 1041 4070 anim03
1071 3997 1120 4057 sed
1145 3995 1270 4056 voluisse
1293 4013 1326 4056 ae

110 4105 281 4178 ostendere,
309 4107 417 4177 quanta
443 4107 579 4176 portenta
610 4109 731 4178 cogatur
761 4101 960 4176 imprudenter
984 4101 1116 4176 effutire,
1150 4101 1199 4175 qui
1222 4099 1327 4160 malam

111 4225 228 4268 oausam
257 4209 418 4282 susceperit
444 4207 595 4281 agendam.
646 4207 767 4281 Saepius
797 4223 867 4266 vero
891 4213 949 4265 tam
972 4207 1068 4264 multia
1091 4204 1187 4264 verbis
1210 4211 1327 4277 mmque

111 4329 216 4386 aspero
239 4314 306 4372 stilo
327 4312 520 4386 Epicureismi
542 4311 759 4371 similitudinem
782 4312 860 4371 illam
879 4310 1025 4383 depingit,
1048 4315 1079 4368 nt
1094 4307 1254 4367 minandum
1270 4324 1328 4368 non

111 4417 159 4491 sit,
182 4417 257 4491 quod
272 4415 411 4492 ejusmodi
426 4417 559 4490 suspicio,
579 4417 639 4489 jam
653 4421 742 4474 antea
757 4431 775 4474 a
789 4413 935 4473 monachis
950 4411 1119 4486 quibusdam
1136 4413 1166 4471 in
1177 4411 1330 4472 Εηεωωιι

111 4522 273 4594 intentata,
288 4522 318 4579 in
333 4521 485 4580 multorum
501 4520 646 4580 mentibus
662 4525 693 4579 et
707 4524 776 4579 tune
791 4523 822 4576 et
836 4533 924 4592 nsque
940 4515 1104 4578 adnostros
1119 4517 1181 4578 dies
1193 4517 1332 4578 haeserit.
