<?xml version="1.0" encoding="UTF-8"?>
<!DOCTYPE html PUBLIC "-//W3C//DTD XHTML 1.0 Transitional//EN"
    "http://www.w3.org/TR/xhtml1/DTD/xhtml1-transitional.dtd">
<html xmlns="http://www.w3.org/1999/xhtml" xml:lang="en" lang="en">
 <head>
  <title>
</title>
<meta http-equiv="Content-Type" content="text/html;charset=utf-8" />
  <meta name='ocr-system' content='tesseract 3.04.00' />
  <meta name='ocr-capabilities' content='ocr_page ocr_carea ocr_par ocr_line ocrx_word'/>
</head>
<body>
  <div class='ocr_page' id='page_1' title='image "./erasmusredivivu00schlgoog_0230.png"; bbox 0 0 3156 5056; ppageno 0'>
   <div class='ocr_carea' id='block_1_1' title="bbox 638 327 1320 384">
    <p class='ocr_par' dir='ltr' id='par_1_1' title="bbox 638 327 1320 384">
     <span class='ocr_line' id='line_1_1' title="bbox 638 327 1320 384; baseline 0 -2"><span class='ocrx_word' id='word_1_1' title='bbox 638 331 731 384; x_wconf 79' lang='lat' dir='ltr'><strong>Garun</strong></span> <span class='ocrx_word' id='word_1_2' title='bbox 749 331 796 383; x_wconf 85' lang='lat' dir='ltr'><strong>lX.</strong></span> <span class='ocrx_word' id='word_1_3' title='bbox 1267 327 1320 382; x_wconf 82' lang='lat'><strong>213</strong></span> 
     </span>
    </p>
   </div>
   <div class='ocr_carea' id='block_1_2' title="bbox 92 542 1318 4084">
    <p class='ocr_par' dir='ltr' id='par_1_2' title="bbox 92 542 1318 4084">
     <span class='ocr_line' id='line_1_2' title="bbox 101 542 1317 620; baseline -0.007 -11"><span class='ocrx_word' id='word_1_4' title='bbox 101 550 164 609; x_wconf 91' lang='lat' dir='ltr'><strong>vita</strong></span> <span class='ocrx_word' id='word_1_5' title='bbox 193 566 213 608; x_wconf 91' lang='lat' dir='ltr'><strong>a</strong></span> <span class='ocrx_word' id='word_1_6' title='bbox 234 548 451 608; x_wconf 75' lang='lat' dir='ltr'><strong>chmrimamo</strong></span> <span class='ocrx_word' id='word_1_7' title='bbox 479 547 657 608; x_wconf 88' lang='lat' dir='ltr'><strong>alienissima</strong></span> <span class='ocrx_word' id='word_1_8' title='bbox 686 548 717 606; x_wconf 91' lang='lat' dir='ltr'><strong>in</strong></span> <span class='ocrx_word' id='word_1_9' title='bbox 748 547 816 605; x_wconf 87' lang='lat' dir='ltr'><strong>aula</strong></span> <span class='ocrx_word' id='word_1_10' title='bbox 837 542 985 620; x_wconf 90' lang='lat' dir='ltr'><strong>pontificia</strong></span> <span class='ocrx_word' id='word_1_11' title='bbox 1007 561 1077 618; x_wconf 85' lang='lat' dir='ltr'><strong>oper</strong></span> <span class='ocrx_word' id='word_1_12' title='bbox 1100 543 1226 618; x_wconf 89' lang='lat' dir='ltr'><strong>undique</strong></span> <span class='ocrx_word' id='word_1_13' title='bbox 1249 561 1317 604; x_wconf 89' lang='lat' dir='ltr'><strong>corr·</strong></span> 
     </span>
     <span class='ocr_line' id='line_1_3' title="bbox 102 650 1317 728; baseline -0.006 -14"><span class='ocrx_word' id='word_1_14' title='bbox 102 661 205 728; x_wconf 89' lang='lat' dir='ltr'><strong>gestae</strong></span> <span class='ocrx_word' id='word_1_15' title='bbox 225 658 478 728; x_wconf 74' lang='lat' dir='ltr'><strong>consumerentur,</strong></span> <span class='ocrx_word' id='word_1_16' title='bbox 501 653 645 712; x_wconf 90' lang='lat' dir='ltr'><strong>Lntherus</strong></span> <span class='ocrx_word' id='word_1_17' title='bbox 668 667 807 726; x_wconf 89' lang='lat' dir='ltr'><strong>praeseus</strong></span> <span class='ocrx_word' id='word_1_18' title='bbox 831 652 975 725; x_wconf 88' lang='lat' dir='ltr'><strong>quondam</strong></span> <span class='ocrx_word' id='word_1_19' title='bbox 997 650 1126 724; x_wconf 74' lang='lat' dir='ltr'><strong>viderat,</strong></span> <span class='ocrx_word' id='word_1_20' title='bbox 1149 666 1233 723; x_wconf 89' lang='lat' dir='ltr'><strong>quam</strong></span> <span class='ocrx_word' id='word_1_21' title='bbox 1257 665 1317 708; x_wconf 89' lang='lat' dir='ltr'><strong>sor-</strong></span> 
     </span>
     <span class='ocr_line' id='line_1_4' title="bbox 102 755 1318 833; baseline -0.005 -15"><span class='ocrx_word' id='word_1_22' title='bbox 102 759 179 819; x_wconf 90' lang='lat' dir='ltr'><strong>didis</strong></span> <span class='ocrx_word' id='word_1_23' title='bbox 201 759 329 819; x_wconf 87' lang='lat' dir='ltr'><strong>consiliis</strong></span> <span class='ocrx_word' id='word_1_24' title='bbox 347 765 434 833; x_wconf 82' lang='lat' dir='ltr'><strong>atque</strong></span> <span class='ocrx_word' id='word_1_25' title='bbox 456 759 597 818; x_wconf 89' lang='lat' dir='ltr'><strong>institutis</strong></span> <span class='ocrx_word' id='word_1_26' title='bbox 619 759 701 832; x_wconf 80' lang='lat' dir='ltr'><strong>ipsae</strong></span> <span class='ocrx_word' id='word_1_27' title='bbox 724 773 795 832; x_wconf 90' lang='lat' dir='ltr'><strong>opes</strong></span> <span class='ocrx_word' id='word_1_28' title='bbox 811 759 1054 832; x_wconf 90' lang='lat' dir='ltr'><strong>congererentur,</strong></span> <span class='ocrx_word' id='word_1_29' title='bbox 1076 771 1128 829; x_wconf 93' lang='lat' dir='ltr'><strong>pro</strong></span> <span class='ocrx_word' id='word_1_30' title='bbox 1151 755 1318 813; x_wconf 89' lang='lat' dir='ltr'><strong>innocentia</strong></span> 
     </span>
     <span class='ocr_line' id='line_1_5' title="bbox 102 840 1318 939; baseline -0.005 -17"><span class='ocrx_word' id='word_1_31' title='bbox 102 881 158 922; x_wconf 90' lang='lat' dir='ltr'><strong>sua</strong></span> <span class='ocrx_word' id='word_1_32' title='bbox 179 871 248 924; x_wconf 90' lang='lat' dir='ltr'><strong>tuuc</strong></span> <span class='ocrx_word' id='word_1_33' title='bbox 269 865 461 939; x_wconf 76' lang='lat' dir='ltr'><strong>ignoraverat.</strong></span> <span class='ocrx_word' id='word_1_34' title='bbox 507 863 663 938; x_wconf 85' lang='lat' dir='ltr'><strong>Postquam</strong></span> <span class='ocrx_word' id='word_1_35' title='bbox 685 879 761 922; x_wconf 91' lang='lat' dir='ltr'><strong>auno</strong></span> <span class='ocrx_word' id='word_1_36' title='bbox 784 840 875 920; x_wconf 85' lang='lat' dir='ltr'><strong>seculi</strong></span> <span class='ocrx_word' id='word_1_37' title='bbox 896 861 1127 921; x_wconf 87' lang='lat' dir='ltr'><strong>duodevicesimo</strong></span> <span class='ocrx_word' id='word_1_38' title='bbox 1144 859 1177 918; x_wconf 92' lang='lat' dir='ltr'><strong>in</strong></span> <span class='ocrx_word' id='word_1_39' title='bbox 1194 858 1318 917; x_wconf 89' lang='lat' dir='ltr'><strong>comitiis</strong></span> 
     </span>
     <span class='ocr_line' id='line_1_6' title="bbox 101 961 1317 1045; baseline -0.007 -17"><span class='ocrx_word' id='word_1_40' title='bbox 101 970 280 1045; x_wconf 86' lang='lat' dir='ltr'><strong>Augustanis</strong></span> <span class='ocrx_word' id='word_1_41' title='bbox 310 970 495 1030; x_wconf 79' lang='lat' dir='ltr'><strong>incredibiles</strong></span> <span class='ocrx_word' id='word_1_42' title='bbox 522 969 628 1029; x_wconf 80' lang='lat' dir='ltr'><strong>Curiae</strong></span> <span class='ocrx_word' id='word_1_43' title='bbox 653 969 802 1028; x_wconf 80' lang='lat' dir='ltr'><strong>Romanae</strong></span> <span class='ocrx_word' id='word_1_44' title='bbox 828 967 979 1026; x_wconf 82' lang='lat' dir='ltr'><strong>machinae</strong></span> <span class='ocrx_word' id='word_1_45' title='bbox 1003 971 1034 1023; x_wconf 90' lang='lat' dir='ltr'><strong>et</strong></span> <span class='ocrx_word' id='word_1_46' title='bbox 1054 963 1185 1038; x_wconf 84' lang='lat' dir='ltr'><strong>fraudes,</strong></span> <span class='ocrx_word' id='word_1_47' title='bbox 1214 961 1317 1036; x_wconf 87' lang='lat' dir='ltr'><strong>quibus</strong></span> 
     </span>
     <span class='ocr_line' id='line_1_7' title="bbox 101 1067 1317 1148; baseline -0.007 -15"><span class='ocrx_word' id='word_1_48' title='bbox 101 1090 159 1148; x_wconf 89' lang='lat' dir='ltr'><strong>per</strong></span> <span class='ocrx_word' id='word_1_49' title='bbox 179 1074 329 1148; x_wconf 88' lang='lat' dir='ltr'><strong>delegatos</strong></span> <span class='ocrx_word' id='word_1_50' title='bbox 351 1091 417 1134; x_wconf 89' lang='lat' dir='ltr'><strong>suos</strong></span> <span class='ocrx_word' id='word_1_51' title='bbox 433 1075 640 1136; x_wconf 86' lang='lat' dir='ltr'><strong>Germanorum</strong></span> <span class='ocrx_word' id='word_1_52' title='bbox 663 1073 803 1148; x_wconf 88' lang='lat' dir='ltr'><strong>pecunias</strong></span> <span class='ocrx_word' id='word_1_53' title='bbox 826 1071 1010 1144; x_wconf 89' lang='lat' dir='ltr'><strong>corradebat,</strong></span> <span class='ocrx_word' id='word_1_54' title='bbox 1033 1070 1138 1130; x_wconf 90' lang='lat' dir='ltr'><strong>iterum</strong></span> <span class='ocrx_word' id='word_1_55' title='bbox 1153 1067 1269 1127; x_wconf 87' lang='lat' dir='ltr'><strong>detecta</strong></span> <span class='ocrx_word' id='word_1_56' title='bbox 1287 1071 1317 1125; x_wconf 95' lang='lat' dir='ltr'><strong>et</strong></span> 
     </span>
     <span class='ocr_line' id='line_1_8' title="bbox 101 1173 1316 1253; baseline -0.006 -17"><span class='ocrx_word' id='word_1_57' title='bbox 101 1179 199 1252; x_wconf 92' lang='lat' dir='ltr'><strong>palam</strong></span> <span class='ocrx_word' id='word_1_58' title='bbox 214 1177 386 1253; x_wconf 76' lang='lat' dir='ltr'><strong>factasunt,</strong></span> <span class='ocrx_word' id='word_1_59' title='bbox 409 1179 554 1239; x_wconf 86' lang='lat' dir='ltr'><strong>Lutberus</strong></span> <span class='ocrx_word' id='word_1_60' title='bbox 576 1179 659 1238; x_wconf 89' lang='lat' dir='ltr'><strong>initio</strong></span> <span class='ocrx_word' id='word_1_61' title='bbox 679 1179 766 1238; x_wconf 90' lang='lat' dir='ltr'><strong>etiam</strong></span> <span class='ocrx_word' id='word_1_62' title='bbox 787 1183 847 1236; x_wconf 91' lang='lat' dir='ltr'><strong>tum</strong></span> <span class='ocrx_word' id='word_1_63' title='bbox 869 1177 965 1235; x_wconf 92' lang='lat' dir='ltr'><strong>animo</strong></span> <span class='ocrx_word' id='word_1_64' title='bbox 985 1173 1117 1248; x_wconf 88' lang='lat' dir='ltr'><strong>fluctuat,</strong></span> <span class='ocrx_word' id='word_1_65' title='bbox 1140 1189 1235 1232; x_wconf 91' lang='lat' dir='ltr'><strong>aunon</strong></span> <span class='ocrx_word' id='word_1_66' title='bbox 1251 1187 1316 1246; x_wconf 92' lang='lat' dir='ltr'><strong>gra-</strong></span> 
     </span>
     <span class='ocr_line' id='line_1_9' title="bbox 101 1277 1317 1358; baseline -0.005 -18"><span class='ocrx_word' id='word_1_67' title='bbox 101 1283 219 1342; x_wconf 86' lang='lat' dir='ltr'><strong>vissima</strong></span> <span class='ocrx_word' id='word_1_68' title='bbox 246 1284 389 1358; x_wconf 86' lang='lat' dir='ltr'><strong>quaedam</strong></span> <span class='ocrx_word' id='word_1_69' title='bbox 416 1283 565 1344; x_wconf 84' lang='lat' dir='ltr'><strong>foedarum</strong></span> <span class='ocrx_word' id='word_1_70' title='bbox 591 1285 706 1343; x_wconf 86' lang='lat' dir='ltr'><strong>illarum</strong></span> <span class='ocrx_word' id='word_1_71' title='bbox 735 1299 833 1341; x_wconf 91' lang='lat' dir='ltr'><strong>rernm</strong></span> <span class='ocrx_word' id='word_1_72' title='bbox 858 1281 1026 1340; x_wconf 90' lang='lat' dir='ltr'><strong>testimonia</strong></span> <span class='ocrx_word' id='word_1_73' title='bbox 1047 1278 1121 1338; x_wconf 84' lang='lat' dir='ltr'><strong>falsa</strong></span> <span class='ocrx_word' id='word_1_74' title='bbox 1143 1277 1192 1336; x_wconf 81' lang='lat' dir='ltr'><strong>rel</strong></span> <span class='ocrx_word' id='word_1_75' title='bbox 1214 1293 1317 1350; x_wconf 90' lang='lat' dir='ltr'><strong>suppo-</strong></span> 
     </span>
     <span class='ocr_line' id='line_1_10' title="bbox 101 1383 1316 1463; baseline -0.005 -16"><span class='ocrx_word' id='word_1_76' title='bbox 101 1389 199 1447; x_wconf 90' lang='lat' dir='ltr'><strong>siticia</strong></span> <span class='ocrx_word' id='word_1_77' title='bbox 214 1390 287 1462; x_wconf 85' lang='lat' dir='ltr'><strong>sint;</strong></span> <span class='ocrx_word' id='word_1_78' title='bbox 306 1390 390 1463; x_wconf 89' lang='lat' dir='ltr'><strong>quasi</strong></span> <span class='ocrx_word' id='word_1_79' title='bbox 405 1389 572 1459; x_wconf 71' lang='lat' dir='ltr'><strong>dubitanter</strong></span> <span class='ocrx_word' id='word_1_80' title='bbox 586 1388 756 1448; x_wconf 77' lang='lat' dir='ltr'><strong>cardinales</strong></span> <span class='ocrx_word' id='word_1_81' title='bbox 779 1387 933 1461; x_wconf 89' lang='lat' dir='ltr'><strong>,avaritiae</strong></span> <span class='ocrx_word' id='word_1_82' title='bbox 953 1383 1078 1460; x_wconf 87' lang='lat' dir='ltr'><strong>legatos‘</strong></span> <span class='ocrx_word' id='word_1_83' title='bbox 1098 1391 1199 1455; x_wconf 81' lang='lat' dir='ltr'><strong>vocat3</strong></span> <span class='ocrx_word' id='word_1_84' title='bbox 1222 1385 1316 1458; x_wconf 86' lang='lat' dir='ltr'><strong>ipsum</strong></span> 
     </span>
     <span class='ocr_line' id='line_1_11' title="bbox 100 1488 1316 1570; baseline -0.005 -18"><span class='ocrx_word' id='word_1_85' title='bbox 100 1493 285 1570; x_wconf 89' lang='lat' dir='ltr'><strong>Pontificem,</strong></span> <span class='ocrx_word' id='word_1_86' title='bbox 316 1497 410 1570; x_wconf 89' lang='lat' dir='ltr'><strong>,cujns</strong></span> <span class='ocrx_word' id='word_1_87' title='bbox 433 1495 575 1554; x_wconf 85' lang='lat' dir='ltr'><strong>facilitate</strong></span> <span class='ocrx_word' id='word_1_88' title='bbox 598 1494 758 1554; x_wconf 83' lang='lat' dir='ltr'><strong>avarissimi</strong></span> <span class='ocrx_word' id='word_1_89' title='bbox 785 1493 915 1552; x_wconf 89' lang='lat' dir='ltr'><strong>homines</strong></span> <span class='ocrx_word' id='word_1_90' title='bbox 936 1492 967 1549; x_wconf 90' lang='lat' dir='ltr'><strong>in</strong></span> <span class='ocrx_word' id='word_1_91' title='bbox 989 1507 1059 1550; x_wconf 88' lang='lat' dir='ltr'><strong>suae</strong></span> <span class='ocrx_word' id='word_1_92' title='bbox 1082 1489 1228 1564; x_wconf 84' lang='lat' dir='ltr'><strong>voraginis</strong></span> <span class='ocrx_word' id='word_1_93' title='bbox 1250 1488 1316 1546; x_wconf 90' lang='lat' dir='ltr'><strong>libi·</strong></span> 
     </span>
     <span class='ocr_line' id='line_1_12' title="bbox 100 1593 1316 1673; baseline -0.005 -17"><span class='ocrx_word' id='word_1_94' title='bbox 100 1597 201 1656; x_wconf 91' lang='lat' dir='ltr'><strong>dinem</strong></span> <span class='ocrx_word' id='word_1_95' title='bbox 220 1598 400 1673; x_wconf 89' lang='lat' dir='ltr'><strong>abutantur‘,</strong></span> <span class='ocrx_word' id='word_1_96' title='bbox 424 1615 563 1658; x_wconf 84' lang='lat' dir='ltr'><strong>excusare</strong></span> <span class='ocrx_word' id='word_1_97' title='bbox 584 1599 690 1659; x_wconf 85' lang='lat' dir='ltr'><strong>studet.</strong></span> <span class='ocrx_word' id='word_1_98' title='bbox 736 1597 794 1658; x_wconf 84' lang='lat' dir='ltr'><strong>Sed</strong></span> <span class='ocrx_word' id='word_1_99' title='bbox 813 1599 874 1671; x_wconf 90' lang='lat' dir='ltr'><strong>jam</strong></span> <span class='ocrx_word' id='word_1_100' title='bbox 896 1595 1076 1670; x_wconf 83' lang='lat' dir='ltr'><strong>pedetentim</strong></span> <span class='ocrx_word' id='word_1_101' title='bbox 1097 1595 1186 1653; x_wconf 90' lang='lat' dir='ltr'><strong>etiam</strong></span> <span class='ocrx_word' id='word_1_102' title='bbox 1208 1594 1263 1652; x_wconf 90' lang='lat' dir='ltr'><strong>hac</strong></span> <span class='ocrx_word' id='word_1_103' title='bbox 1285 1593 1316 1650; x_wconf 94' lang='lat' dir='ltr'><strong>in</strong></span> 
     </span>
     <span class='ocr_line' id='line_1_13' title="bbox 100 1697 1315 1774; baseline -0.003 -14"><span class='ocrx_word' id='word_1_104' title='bbox 100 1719 135 1762; x_wconf 91' lang='lat' dir='ltr'><strong>rc</strong></span> <span class='ocrx_word' id='word_1_105' title='bbox 165 1704 329 1763; x_wconf 88' lang='lat' dir='ltr'><strong>inveterata</strong></span> <span class='ocrx_word' id='word_1_106' title='bbox 354 1703 502 1763; x_wconf 84' lang='lat' dir='ltr'><strong>Romanae</strong></span> <span class='ocrx_word' id='word_1_107' title='bbox 531 1704 674 1763; x_wconf 88' lang='lat' dir='ltr'><strong>ecclesiae</strong></span> <span class='ocrx_word' id='word_1_108' title='bbox 699 1703 866 1762; x_wconf 90' lang='lat' dir='ltr'><strong>reverentia</strong></span> <span class='ocrx_word' id='word_1_109' title='bbox 891 1701 969 1760; x_wconf 90' lang='lat' dir='ltr'><strong>cedit</strong></span> <span class='ocrx_word' id='word_1_110' title='bbox 996 1699 1173 1774; x_wconf 73' lang='lat' dir='ltr'><strong>,audentiae</strong></span> <span class='ocrx_word' id='word_1_111' title='bbox 1196 1697 1315 1757; x_wconf 89' lang='lat' dir='ltr'><strong>rerum‘.</strong></span> 
     </span>
     <span class='ocr_line' id='line_1_14' title="bbox 99 1803 1316 1882; baseline -0.005 -16"><span class='ocrx_word' id='word_1_112' title='bbox 99 1807 167 1866; x_wconf 88' lang='lat' dir='ltr'><strong>Jarn</strong></span> <span class='ocrx_word' id='word_1_113' title='bbox 189 1808 297 1882; x_wconf 90' lang='lat' dir='ltr'><strong>passim</strong></span> <span class='ocrx_word' id='word_1_114' title='bbox 319 1809 351 1866; x_wconf 93' lang='lat' dir='ltr'><strong>in</strong></span> <span class='ocrx_word' id='word_1_115' title='bbox 372 1808 487 1867; x_wconf 91' lang='lat' dir='ltr'><strong>homine</strong></span> <span class='ocrx_word' id='word_1_116' title='bbox 509 1809 658 1868; x_wconf 87' lang='lat' dir='ltr'><strong>verissime</strong></span> <span class='ocrx_word' id='word_1_117' title='bbox 680 1807 825 1868; x_wconf 86' lang='lat' dir='ltr'><strong>Germano</strong></span> <span class='ocrx_word' id='word_1_118' title='bbox 847 1805 960 1864; x_wconf 85' lang='lat' dir='ltr'><strong>fervida</strong></span> <span class='ocrx_word' id='word_1_119' title='bbox 982 1806 1111 1864; x_wconf 90' lang='lat' dir='ltr'><strong>nascitur</strong></span> <span class='ocrx_word' id='word_1_120' title='bbox 1134 1803 1316 1878; x_wconf 89' lang='lat' dir='ltr'><strong>erumpitque</strong></span> 
     </span>
     <span class='ocr_line' id='line_1_15' title="bbox 100 1907 1317 1988; baseline -0.004 -17"><span class='ocrx_word' id='word_1_121' title='bbox 100 1913 264 1988; x_wconf 79' lang='lat' dir='ltr'><strong>indignatio</strong></span> <span class='ocrx_word' id='word_1_122' title='bbox 291 1914 322 1971; x_wconf 92' lang='lat' dir='ltr'><strong>in</strong></span> <span class='ocrx_word' id='word_1_123' title='bbox 348 1913 507 1988; x_wconf 87' lang='lat' dir='ltr'><strong>,Romanas</strong></span> <span class='ocrx_word' id='word_1_124' title='bbox 528 1915 600 1972; x_wconf 90' lang='lat' dir='ltr'><strong>istas</strong></span> <span class='ocrx_word' id='word_1_125' title='bbox 624 1915 744 1987; x_wconf 87' lang='lat' dir='ltr'><strong>lernas‘,</strong></span> <span class='ocrx_word' id='word_1_126' title='bbox 774 1929 848 1986; x_wconf 89' lang='lat' dir='ltr'><strong>qnae</strong></span> <span class='ocrx_word' id='word_1_127' title='bbox 870 1928 936 1970; x_wconf 90' lang='lat' dir='ltr'><strong>auos</strong></span> <span class='ocrx_word' id='word_1_128' title='bbox 958 1912 1114 1986; x_wconf 84' lang='lat' dir='ltr'><strong>populares</strong></span> <span class='ocrx_word' id='word_1_129' title='bbox 1136 1909 1215 1968; x_wconf 90' lang='lat' dir='ltr'><strong>velut</strong></span> <span class='ocrx_word' id='word_1_130' title='bbox 1237 1907 1317 1982; x_wconf 89' lang='lat' dir='ltr'><strong>,bar-</strong></span> 
     </span>
     <span class='ocr_line' id='line_1_16' title="bbox 99 2013 1317 2095; baseline -0.007 -17"><span class='ocrx_word' id='word_1_131' title='bbox 99 2019 202 2094; x_wconf 89' lang='lat' dir='ltr'><strong>baros,</strong></span> <span class='ocrx_word' id='word_1_132' title='bbox 224 2019 343 2095; x_wconf 89' lang='lat' dir='ltr'><strong>bardos,</strong></span> <span class='ocrx_word' id='word_1_133' title='bbox 363 2019 521 2080; x_wconf 89' lang='lat' dir='ltr'><strong>buccones‘</strong></span> <span class='ocrx_word' id='word_1_134' title='bbox 542 2018 644 2078; x_wconf 89' lang='lat' dir='ltr'><strong>ludant</strong></span> <span class='ocrx_word' id='word_1_135' title='bbox 667 2024 756 2092; x_wconf 90' lang='lat' dir='ltr'><strong>atque</strong></span> <span class='ocrx_word' id='word_1_136' title='bbox 771 2013 952 2077; x_wconf 87' lang='lat' dir='ltr'><strong>derideant¹</strong></span> <span class='ocrx_word' id='word_1_137' title='bbox 989 2016 1053 2075; x_wconf 82' lang='lat' dir='ltr'><strong>Tali</strong></span> <span class='ocrx_word' id='word_1_138' title='bbox 1069 2015 1175 2074; x_wconf 85' lang='lat' dir='ltr'><strong>affectu</strong></span> <span class='ocrx_word' id='word_1_139' title='bbox 1191 2014 1317 2088; x_wconf 87' lang='lat' dir='ltr'><strong>agitatus</strong></span> 
     </span>
     <span class='ocr_line' id='line_1_17' title="bbox 98 2120 1316 2198; baseline -0.006 -16"><span class='ocrx_word' id='word_1_140' title='bbox 98 2131 239 2198; x_wconf 91' lang='lat' dir='ltr'><strong>provocat</strong></span> <span class='ocrx_word' id='word_1_141' title='bbox 266 2123 303 2184; x_wconf 89' lang='lat' dir='ltr'><strong>ad</strong></span> <span class='ocrx_word' id='word_1_142' title='bbox 330 2121 457 2184; x_wconf 90' lang='lat' dir='ltr'><strong>futurum</strong></span> <span class='ocrx_word' id='word_1_143' title='bbox 479 2123 646 2198; x_wconf 88' lang='lat' dir='ltr'><strong>concilium,</strong></span> <span class='ocrx_word' id='word_1_144' title='bbox 675 2121 786 2182; x_wconf 87' lang='lat' dir='ltr'><strong>refutat</strong></span> <span class='ocrx_word' id='word_1_145' title='bbox 815 2139 880 2180; x_wconf 91' lang='lat' dir='ltr'><strong>cum</strong></span> <span class='ocrx_word' id='word_1_146' title='bbox 902 2122 975 2181; x_wconf 91' lang='lat' dir='ltr'><strong>alios</strong></span> <span class='ocrx_word' id='word_1_147' title='bbox 997 2120 1226 2191; x_wconf 85' lang='lat' dir='ltr'><strong>obtrectatores,</strong></span> <span class='ocrx_word' id='word_1_148' title='bbox 1256 2123 1316 2176; x_wconf 87' lang='lat' dir='ltr'><strong>tum</strong></span> 
     </span>
     <span class='ocr_line' id='line_1_18' title="bbox 98 2219 1317 2307; baseline -0.005 -19"><span class='ocrx_word' id='word_1_149' title='bbox 98 2229 274 2288; x_wconf 85' lang='lat' dir='ltr'><strong>Priariatem</strong></span> <span class='ocrx_word' id='word_1_150' title='bbox 298 2228 402 2304; x_wconf 85' lang='lat' dir='ltr'><strong>palatii</strong></span> <span class='ocrx_word' id='word_1_151' title='bbox 430 2229 543 2303; x_wconf 87' lang='lat' dir='ltr'><strong>papalis</strong></span> <span class='ocrx_word' id='word_1_152' title='bbox 571 2227 740 2303; x_wconf 90' lang='lat' dir='ltr'><strong>magistrum</strong></span> <span class='ocrx_word' id='word_1_153' title='bbox 766 2219 866 2307; x_wconf 91' lang='lat' dir='ltr'><strong>(quem</strong></span> <span class='ocrx_word' id='word_1_154' title='bbox 888 2233 920 2284; x_wconf 90' lang='lat' dir='ltr'><strong>ut</strong></span> <span class='ocrx_word' id='word_1_155' title='bbox 942 2227 1029 2300; x_wconf 89' lang='lat' dir='ltr'><strong>plane</strong></span> <span class='ocrx_word' id='word_1_156' title='bbox 1053 2224 1174 2284; x_wconf 90' lang='lat' dir='ltr'><strong>bardum</strong></span> <span class='ocrx_word' id='word_1_157' title='bbox 1196 2225 1317 2284; x_wconf 87' lang='lat' dir='ltr'><strong>homun-</strong></span> 
     </span>
     <span class='ocr_line' id='line_1_19' title="bbox 98 2327 1315 2414; baseline -0.005 -21"><span class='ocrx_word' id='word_1_158' title='bbox 98 2335 214 2394; x_wconf 90' lang='lat' dir='ltr'><strong>cionem</strong></span> <span class='ocrx_word' id='word_1_159' title='bbox 233 2333 365 2409; x_wconf 90' lang='lat' dir='ltr'><strong>depingit</strong></span> <span class='ocrx_word' id='word_1_160' title='bbox 386 2327 551 2414; x_wconf 86' lang='lat' dir='ltr'><strong>Erasmus),</strong></span> <span class='ocrx_word' id='word_1_161' title='bbox 575 2347 691 2392; x_wconf 90' lang='lat' dir='ltr'><strong>causam</strong></span> <span class='ocrx_word' id='word_1_162' title='bbox 714 2348 796 2391; x_wconf 91' lang='lat' dir='ltr'><strong>snam</strong></span> <span class='ocrx_word' id='word_1_163' title='bbox 818 2331 984 2405; x_wconf 83' lang='lat' dir='ltr'><strong>germanice</strong></span> <span class='ocrx_word' id='word_1_164' title='bbox 999 2330 1106 2404; x_wconf 90' lang='lat' dir='ltr'><strong>populo</strong></span> <span class='ocrx_word' id='word_1_165' title='bbox 1121 2347 1172 2388; x_wconf 91' lang='lat' dir='ltr'><strong>suo</strong></span> <span class='ocrx_word' id='word_1_166' title='bbox 1188 2330 1315 2404; x_wconf 83' lang='lat' dir='ltr'><strong>exponit,</strong></span> 
     </span>
     <span class='ocr_line' id='line_1_20' title="bbox 98 2434 1316 2513; baseline -0.005 -15"><span class='ocrx_word' id='word_1_167' title='bbox 98 2439 230 2513; x_wconf 89' lang='lat' dir='ltr'><strong>disputat</strong></span> <span class='ocrx_word' id='word_1_168' title='bbox 253 2455 318 2497; x_wconf 92' lang='lat' dir='ltr'><strong>cum</strong></span> <span class='ocrx_word' id='word_1_169' title='bbox 334 2437 433 2497; x_wconf 88' lang='lat' dir='ltr'><strong>Eccio.</strong></span> <span class='ocrx_word' id='word_1_170' title='bbox 471 2439 590 2498; x_wconf 88' lang='lat' dir='ltr'><strong>Interea</strong></span> <span class='ocrx_word' id='word_1_171' title='bbox 612 2438 719 2497; x_wconf 90' lang='lat' dir='ltr'><strong>clarius</strong></span> <span class='ocrx_word' id='word_1_172' title='bbox 741 2437 772 2495; x_wconf 91' lang='lat' dir='ltr'><strong>in</strong></span> <span class='ocrx_word' id='word_1_173' title='bbox 795 2437 857 2496; x_wconf 90' lang='lat' dir='ltr'><strong>dies</strong></span> <span class='ocrx_word' id='word_1_174' title='bbox 879 2436 972 2510; x_wconf 90' lang='lat' dir='ltr'><strong>videt,</strong></span> <span class='ocrx_word' id='word_1_175' title='bbox 996 2437 1085 2495; x_wconf 89' lang='lat' dir='ltr'><strong>etiam</strong></span> <span class='ocrx_word' id='word_1_176' title='bbox 1108 2435 1189 2493; x_wconf 90' lang='lat' dir='ltr'><strong>illam</strong></span> <span class='ocrx_word' id='word_1_177' title='bbox 1211 2435 1247 2494; x_wconf 93' lang='lat' dir='ltr'><strong>de</strong></span> <span class='ocrx_word' id='word_1_178' title='bbox 1271 2434 1316 2492; x_wconf 92' lang='lat' dir='ltr'><strong>in-</strong></span> 
     </span>
     <span class='ocr_line' id='line_1_21' title="bbox 98 2539 1315 2618; baseline -0.003 -16"><span class='ocrx_word' id='word_1_179' title='bbox 98 2544 258 2618; x_wconf 89' lang='lat' dir='ltr'><strong>dulgentiis</strong></span> <span class='ocrx_word' id='word_1_180' title='bbox 287 2543 462 2616; x_wconf 89' lang='lat' dir='ltr'><strong>doctrinam,</strong></span> <span class='ocrx_word' id='word_1_181' title='bbox 490 2557 574 2617; x_wconf 91' lang='lat' dir='ltr'><strong>quam</strong></span> <span class='ocrx_word' id='word_1_182' title='bbox 604 2559 661 2602; x_wconf 88' lang='lat' dir='ltr'><strong>non</strong></span> <span class='ocrx_word' id='word_1_183' title='bbox 688 2545 753 2618; x_wconf 89' lang='lat' dir='ltr'><strong>ipsa</strong></span> <span class='ocrx_word' id='word_1_184' title='bbox 777 2543 902 2601; x_wconf 90' lang='lat' dir='ltr'><strong>ecclesia</strong></span> <span class='ocrx_word' id='word_1_185' title='bbox 924 2541 977 2600; x_wconf 90' lang='lat' dir='ltr'><strong>sed</strong></span> <span class='ocrx_word' id='word_1_186' title='bbox 999 2547 1111 2600; x_wconf 91' lang='lat' dir='ltr'><strong>tautum</strong></span> <span class='ocrx_word' id='word_1_187' title='bbox 1132 2539 1315 2599; x_wconf 90' lang='lat' dir='ltr'><strong>Dominicani</strong></span> 
     </span>
     <span class='ocr_line' id='line_1_22' title="bbox 98 2646 1316 2724; baseline -0.004 -16"><span class='ocrx_word' id='word_1_188' title='bbox 98 2653 276 2724; x_wconf 86' lang='lat' dir='ltr'><strong>statuerant,</strong></span> <span class='ocrx_word' id='word_1_189' title='bbox 309 2649 441 2723; x_wconf 87' lang='lat' dir='ltr'><strong>inprimis</strong></span> <span class='ocrx_word' id='word_1_190' title='bbox 473 2648 614 2723; x_wconf 90' lang='lat' dir='ltr'><strong>pecuniae</strong></span> <span class='ocrx_word' id='word_1_191' title='bbox 650 2665 666 2706; x_wconf 93' lang='lat' dir='ltr'><strong>e</strong></span> <span class='ocrx_word' id='word_1_192' title='bbox 700 2646 857 2707; x_wconf 86' lang='lat' dir='ltr'><strong>Germania</strong></span> <span class='ocrx_word' id='word_1_193' title='bbox 893 2646 1108 2706; x_wconf 90' lang='lat' dir='ltr'><strong>converrendae</strong></span> <span class='ocrx_word' id='word_1_194' title='bbox 1147 2661 1235 2705; x_wconf 88' lang='lat' dir='ltr'><strong>causa</strong></span> <span class='ocrx_word' id='word_1_195' title='bbox 1271 2651 1316 2704; x_wconf 92' lang='lat' dir='ltr'><strong>tot</strong></span> 
     </span>
     <span class='ocr_line' id='line_1_23' title="bbox 100 2751 1315 2827; baseline -0.002 -14"><span class='ocrx_word' id='word_1_196' title='bbox 100 2755 223 2827; x_wconf 84' lang='lat' dir='ltr'><strong>argutiis</strong></span> <span class='ocrx_word' id='word_1_197' title='bbox 254 2761 285 2814; x_wconf 90' lang='lat' dir='ltr'><strong>et</strong></span> <span class='ocrx_word' id='word_1_198' title='bbox 312 2753 476 2813; x_wconf 90' lang='lat' dir='ltr'><strong>fictionibus</strong></span> <span class='ocrx_word' id='word_1_199' title='bbox 507 2753 696 2827; x_wconf 82' lang='lat' dir='ltr'><strong>pertinaciter</strong></span> <span class='ocrx_word' id='word_1_200' title='bbox 727 2769 745 2812; x_wconf 92' lang='lat' dir='ltr'><strong>a</strong></span> <span class='ocrx_word' id='word_1_201' title='bbox 771 2752 1002 2813; x_wconf 87' lang='lat' dir='ltr'><strong>Romanensibus</strong></span> <span class='ocrx_word' id='word_1_202' title='bbox 1031 2751 1158 2811; x_wconf 87' lang='lat' dir='ltr'><strong>defendi.</strong></span> <span class='ocrx_word' id='word_1_203' title='bbox 1206 2751 1315 2810; x_wconf 89' lang='lat' dir='ltr'><strong>Latere</strong></span> 
     </span>
     <span class='ocr_line' id='line_1_24' title="bbox 97 2845 1314 2932; baseline -0.002 -15"><span class='ocrx_word' id='word_1_204' title='bbox 97 2857 222 2932; x_wconf 85' lang='lat' dir='ltr'><strong>amphus</strong></span> <span class='ocrx_word' id='word_1_205' title='bbox 250 2874 308 2916; x_wconf 94' lang='lat' dir='ltr'><strong>non</strong></span> <span class='ocrx_word' id='word_1_206' title='bbox 331 2858 439 2932; x_wconf 88' lang='lat' dir='ltr'><strong>potnit,</strong></span> <span class='ocrx_word' id='word_1_207' title='bbox 471 2857 581 2931; x_wconf 88' lang='lat' dir='ltr'><strong>Papam</strong></span> <span class='ocrx_word' id='word_1_208' title='bbox 609 2859 786 2931; x_wconf 91' lang='lat' dir='ltr'><strong>aliquantum</strong></span> <span class='ocrx_word' id='word_1_209' title='bbox 808 2845 923 2930; x_wconf 83' lang='lat' dir='ltr'><strong>argenti</strong></span> <span class='ocrx_word' id='word_1_210' title='bbox 945 2856 1133 2930; x_wconf 87' lang='lat' dir='ltr'><strong>indulgentiis</strong></span> <span class='ocrx_word' id='word_1_211' title='bbox 1156 2856 1314 2930; x_wconf 89' lang='lat' dir='ltr'><strong>comparati</strong></span> 
     </span>
     <span class='ocr_line' id='line_1_25' title="bbox 95 2961 1315 3039; baseline -0.002 -17"><span class='ocrx_word' id='word_1_212' title='bbox 95 2965 211 3039; x_wconf 88' lang='lat' dir='ltr'><strong>privato</strong></span> <span class='ocrx_word' id='word_1_213' title='bbox 234 2963 298 3022; x_wconf 90' lang='lat' dir='ltr'><strong>usui</strong></span> <span class='ocrx_word' id='word_1_214' title='bbox 318 2961 494 3036; x_wconf 84' lang='lat' dir='ltr'><strong>destinasse,</strong></span> <span class='ocrx_word' id='word_1_215' title='bbox 517 2967 672 3036; x_wconf 90' lang='lat' dir='ltr'><strong>praeterea</strong></span> <span class='ocrx_word' id='word_1_216' title='bbox 687 2961 811 3020; x_wconf 90' lang='lat' dir='ltr'><strong>eundem</strong></span> <span class='ocrx_word' id='word_1_217' title='bbox 825 2961 946 3032; x_wconf 77' lang='lat' dir='ltr'><strong>alberto</strong></span> <span class='ocrx_word' id='word_1_218' title='bbox 962 2962 1178 3035; x_wconf 87' lang='lat' dir='ltr'><strong>archiepiscopo</strong></span> <span class='ocrx_word' id='word_1_219' title='bbox 1192 2961 1315 3034; x_wconf 85' lang='lat' dir='ltr'><strong>Mogon-</strong></span> 
     </span>
     <span class='ocr_line' id='line_1_26' title="bbox 95 3063 1314 3143; baseline -0.003 -17"><span class='ocrx_word' id='word_1_220' title='bbox 95 3069 160 3127; x_wconf 90' lang='lat' dir='ltr'><strong>tino</strong></span> <span class='ocrx_word' id='word_1_221' title='bbox 182 3075 296 3143; x_wconf 89' lang='lat' dir='ltr'><strong>partem</strong></span> <span class='ocrx_word' id='word_1_222' title='bbox 318 3067 446 3142; x_wconf 89' lang='lat' dir='ltr'><strong>praedae</strong></span> <span class='ocrx_word' id='word_1_223' title='bbox 470 3083 505 3126; x_wconf 90' lang='lat' dir='ltr'><strong>eo</strong></span> <span class='ocrx_word' id='word_1_224' title='bbox 524 3067 619 3126; x_wconf 81' lang='lat' dir='ltr'><strong>aerim</strong></span> <span class='ocrx_word' id='word_1_225' title='bbox 641 3065 793 3126; x_wconf 84' lang='lat' dir='ltr'><strong>faciendae</strong></span> <span class='ocrx_word' id='word_1_226' title='bbox 809 3067 1001 3138; x_wconf 88' lang='lat' dir='ltr'><strong>concessisse,</strong></span> <span class='ocrx_word' id='word_1_227' title='bbox 1024 3071 1057 3124; x_wconf 87' lang='lat' dir='ltr'><strong>ut</strong></span> <span class='ocrx_word' id='word_1_228' title='bbox 1079 3066 1214 3138; x_wconf 88' lang='lat' dir='ltr'><strong>haberet,</strong></span> <span class='ocrx_word' id='word_1_229' title='bbox 1237 3063 1314 3123; x_wconf 91' lang='lat' dir='ltr'><strong>unde</strong></span> 
     </span>
     <span class='ocr_line' id='line_1_27' title="bbox 92 3147 1314 3247; baseline -0.006 -14"><span class='ocrx_word' id='word_1_230' title='bbox 92 3174 226 3233; x_wconf 91' lang='lat' dir='ltr'><strong>debitum</strong></span> <span class='ocrx_word' id='word_1_231' title='bbox 255 3174 311 3234; x_wconf 89' lang='lat' dir='ltr'><strong>sibi</strong></span> <span class='ocrx_word' id='word_1_232' title='bbox 341 3173 453 3247; x_wconf 89' lang='lat' dir='ltr'><strong>accepti</strong></span> <span class='ocrx_word' id='word_1_233' title='bbox 481 3173 562 3246; x_wconf 86' lang='lat' dir='ltr'><strong>pallii</strong></span> <span class='ocrx_word' id='word_1_234' title='bbox 588 3172 716 3247; x_wconf 91' lang='lat' dir='ltr'><strong>pretium</strong></span> <span class='ocrx_word' id='word_1_235' title='bbox 742 3170 893 3246; x_wconf 89' lang='lat' dir='ltr'><strong>penderet.</strong></span> <span class='ocrx_word' id='word_1_236' title='bbox 938 3170 1015 3228; x_wconf 88' lang='lat' dir='ltr'><strong>Huic</strong></span> <span class='ocrx_word' id='word_1_237' title='bbox 1037 3171 1126 3244; x_wconf 90' lang='lat' dir='ltr'><strong>igitur</strong></span> <span class='ocrx_word' id='word_1_238' title='bbox 1148 3147 1314 3244; x_wconf 85' lang='lat' dir='ltr'><strong>turpissimo</strong></span> 
     </span>
     <span class='ocr_line' id='line_1_28' title="bbox 96 3273 1313 3356; baseline -0.005 -19"><span class='ocrx_word' id='word_1_239' title='bbox 96 3279 231 3352; x_wconf 87' lang='lat' dir='ltr'><strong>quaestui</strong></span> <span class='ocrx_word' id='word_1_240' title='bbox 261 3295 319 3338; x_wconf 92' lang='lat' dir='ltr'><strong>non</strong></span> <span class='ocrx_word' id='word_1_241' title='bbox 348 3283 460 3336; x_wconf 90' lang='lat' dir='ltr'><strong>tantum</strong></span> <span class='ocrx_word' id='word_1_242' title='bbox 483 3277 695 3356; x_wconf 86' lang='lat' dir='ltr'><strong>stupidissimus</strong></span> <span class='ocrx_word' id='word_1_243' title='bbox 717 3275 767 3334; x_wconf 92' lang='lat' dir='ltr'><strong>ille</strong></span> <span class='ocrx_word' id='word_1_244' title='bbox 790 3273 920 3334; x_wconf 90' lang='lat' dir='ltr'><strong>Prierias</strong></span> <span class='ocrx_word' id='word_1_245' title='bbox 942 3276 1060 3347; x_wconf 90' lang='lat' dir='ltr'><strong>ejusque</strong></span> <span class='ocrx_word' id='word_1_246' title='bbox 1084 3273 1193 3332; x_wconf 89' lang='lat' dir='ltr'><strong>similes</strong></span> <span class='ocrx_word' id='word_1_247' title='bbox 1216 3273 1313 3348; x_wconf 93' lang='lat' dir='ltr'><strong>dispu-</strong></span> 
     </span>
     <span class='ocr_line' id='line_1_29' title="bbox 94 3376 1315 3456; baseline -0.003 -14"><span class='ocrx_word' id='word_1_248' title='bbox 94 3383 256 3443; x_wconf 90' lang='lat' dir='ltr'><strong>tationibus</strong></span> <span class='ocrx_word' id='word_1_249' title='bbox 274 3383 332 3442; x_wconf 91' lang='lat' dir='ltr'><strong>suia</strong></span> <span class='ocrx_word' id='word_1_250' title='bbox 348 3382 620 3456; x_wconf 88' lang='lat' dir='ltr'><strong>patrocinabantur,</strong></span> <span class='ocrx_word' id='word_1_251' title='bbox 641 3380 846 3440; x_wconf 87' lang='lat' dir='ltr'><strong>verumetiam</strong></span> <span class='ocrx_word' id='word_1_252' title='bbox 863 3377 1019 3454; x_wconf 87' lang='lat' dir='ltr'><strong>Gajetauns</strong></span> <span class='ocrx_word' id='word_1_253' title='bbox 1036 3376 1213 3453; x_wconf 79' lang='lat' dir='ltr'><strong>Cardinalis,</strong></span> <span class='ocrx_word' id='word_1_254' title='bbox 1236 3379 1315 3438; x_wconf 89' lang='lat' dir='ltr'><strong>inter</strong></span> 
     </span>
     <span class='ocr_line' id='line_1_30' title="bbox 93 3483 1314 3560; baseline -0.004 -14"><span class='ocrx_word' id='word_1_255' title='bbox 93 3503 166 3546; x_wconf 88' lang='lat' dir='ltr'><strong>suae</strong></span> <span class='ocrx_word' id='word_1_256' title='bbox 193 3488 299 3547; x_wconf 89' lang='lat' dir='ltr'><strong>aetatis</strong></span> <span class='ocrx_word' id='word_1_257' title='bbox 322 3487 472 3560; x_wconf 90' lang='lat' dir='ltr'><strong>theologos</strong></span> <span class='ocrx_word' id='word_1_258' title='bbox 493 3485 658 3546; x_wconf 86' lang='lat' dir='ltr'><strong>eruditione</strong></span> <span class='ocrx_word' id='word_1_259' title='bbox 681 3491 711 3545; x_wconf 92' lang='lat' dir='ltr'><strong>et</strong></span> <span class='ocrx_word' id='word_1_260' title='bbox 734 3483 894 3560; x_wconf 87' lang='lat' dir='ltr'><strong>sagacitate</strong></span> <span class='ocrx_word' id='word_1_261' title='bbox 918 3483 1052 3558; x_wconf 90' lang='lat' dir='ltr'><strong>insignis,</strong></span> <span class='ocrx_word' id='word_1_262' title='bbox 1075 3483 1177 3542; x_wconf 88' lang='lat' dir='ltr'><strong>studiis</strong></span> <span class='ocrx_word' id='word_1_263' title='bbox 1200 3483 1314 3542; x_wconf 87' lang='lat' dir='ltr'><strong>bibheia</strong></span> 
     </span>
     <span class='ocr_line' id='line_1_31' title="bbox 93 3587 1314 3664; baseline 0 -14"><span class='ocrx_word' id='word_1_264' title='bbox 93 3591 214 3652; x_wconf 84' lang='lat' dir='ltr'><strong>Veteris</strong></span> <span class='ocrx_word' id='word_1_265' title='bbox 236 3599 268 3650; x_wconf 93' lang='lat' dir='ltr'><strong>et</strong></span> <span class='ocrx_word' id='word_1_266' title='bbox 289 3591 363 3652; x_wconf 85' lang='lat' dir='ltr'><strong>Novi</strong></span> <span class='ocrx_word' id='word_1_267' title='bbox 385 3591 566 3651; x_wconf 86' lang='lat' dir='ltr'><strong>Testamenti</strong></span> <span class='ocrx_word' id='word_1_268' title='bbox 588 3589 703 3651; x_wconf 91' lang='lat' dir='ltr'><strong>deditus</strong></span> <span class='ocrx_word' id='word_1_269' title='bbox 725 3591 756 3649; x_wconf 91' lang='lat' dir='ltr'><strong>in</strong></span> <span class='ocrx_word' id='word_1_270' title='bbox 777 3591 870 3664; x_wconf 90' lang='lat' dir='ltr'><strong>iisque</strong></span> <span class='ocrx_word' id='word_1_271' title='bbox 890 3589 927 3649; x_wconf 93' lang='lat' dir='ltr'><strong>ab</strong></span> <span class='ocrx_word' id='word_1_272' title='bbox 951 3593 1073 3664; x_wconf 89' lang='lat' dir='ltr'><strong>angusto</strong></span> <span class='ocrx_word' id='word_1_273' title='bbox 1091 3587 1173 3647; x_wconf 81' lang='lat' dir='ltr'><strong>Eccii</strong></span> <span class='ocrx_word' id='word_1_274' title='bbox 1196 3589 1314 3663; x_wconf 89' lang='lat' dir='ltr'><strong>ingenio</strong></span> 
     </span>
     <span class='ocr_line' id='line_1_32' title="bbox 94 3691 1315 3756; baseline -0.004 -1"><span class='ocrx_word' id='word_1_275' title='bbox 94 3696 228 3756; x_wconf 88' lang='lat' dir='ltr'><strong>diversus</strong></span> <span class='ocrx_word' id='word_1_276' title='bbox 258 3703 288 3756; x_wconf 90' lang='lat' dir='ltr'><strong>et</strong></span> <span class='ocrx_word' id='word_1_277' title='bbox 313 3696 350 3756; x_wconf 89' lang='lat' dir='ltr'><strong>ad</strong></span> <span class='ocrx_word' id='word_1_278' title='bbox 372 3695 537 3755; x_wconf 90' lang='lat' dir='ltr'><strong>liberiorem</strong></span> <span class='ocrx_word' id='word_1_279' title='bbox 559 3695 674 3756; x_wconf 85' lang='lat' dir='ltr'><strong>Erasmi</strong></span> <span class='ocrx_word' id='word_1_280' title='bbox 696 3695 864 3755; x_wconf 90' lang='lat' dir='ltr'><strong>methodum</strong></span> <span class='ocrx_word' id='word_1_281' title='bbox 886 3691 1057 3754; x_wconf 64' lang='lat' dir='ltr'><strong>accedens.⁹</strong></span> <span class='ocrx_word' id='word_1_282' title='bbox 1101 3693 1159 3754; x_wconf 87' lang='lat' dir='ltr'><strong>Sed</strong></span> <span class='ocrx_word' id='word_1_283' title='bbox 1181 3694 1315 3752; x_wconf 87' lang='lat' dir='ltr'><strong>miseram</strong></span> 
     </span>
     <span class='ocr_line' id='line_1_33' title="bbox 95 3797 1316 3876; baseline -0.008 -13"><span class='ocrx_word' id='word_1_284' title='bbox 95 3818 160 3862; x_wconf 91' lang='lat' dir='ltr'><strong>rem</strong></span> <span class='ocrx_word' id='word_1_285' title='bbox 184 3801 240 3860; x_wconf 84' lang='lat' dir='ltr'><strong>nisi</strong></span> <span class='ocrx_word' id='word_1_286' title='bbox 254 3801 369 3874; x_wconf 88' lang='lat' dir='ltr'><strong>misere</strong></span> <span class='ocrx_word' id='word_1_287' title='bbox 393 3817 498 3876; x_wconf 90' lang='lat' dir='ltr'><strong>gerere</strong></span> <span class='ocrx_word' id='word_1_288' title='bbox 521 3817 578 3859; x_wconf 92' lang='lat' dir='ltr'><strong>nen</strong></span> <span class='ocrx_word' id='word_1_289' title='bbox 600 3801 703 3875; x_wconf 89' lang='lat' dir='ltr'><strong>potuit.</strong></span> <span class='ocrx_word' id='word_1_290' title='bbox 746 3800 932 3874; x_wconf 84' lang='lat' dir='ltr'><strong>Argumentis</strong></span> <span class='ocrx_word' id='word_1_291' title='bbox 957 3815 974 3857; x_wconf 92' lang='lat' dir='ltr'><strong>e</strong></span> <span class='ocrx_word' id='word_1_292' title='bbox 997 3815 1080 3858; x_wconf 88' lang='lat' dir='ltr'><strong>sacra</strong></span> <span class='ocrx_word' id='word_1_293' title='bbox 1103 3798 1247 3870; x_wconf 86' lang='lat' dir='ltr'><strong>scriptura</strong></span> <span class='ocrx_word' id='word_1_294' title='bbox 1270 3797 1316 3854; x_wconf 92' lang='lat' dir='ltr'><strong>vel</strong></span> 
     </span>
     <span class='ocr_line' id='line_1_34' title="bbox 93 3899 1315 3978; baseline -0.007 -14"><span class='ocrx_word' id='word_1_295' title='bbox 93 3923 133 3964; x_wconf 84' lang='lat' dir='ltr'><strong>ex</strong></span> <span class='ocrx_word' id='word_1_296' title='bbox 168 3905 232 3978; x_wconf 89' lang='lat' dir='ltr'><strong>ipsa</strong></span> <span class='ocrx_word' id='word_1_297' title='bbox 266 3923 300 3966; x_wconf 91' lang='lat' dir='ltr'><strong>re</strong></span> <span class='ocrx_word' id='word_1_298' title='bbox 334 3905 480 3965; x_wconf 90' lang='lat' dir='ltr'><strong>sumendis</strong></span> <span class='ocrx_word' id='word_1_299' title='bbox 513 3904 682 3978; x_wconf 87' lang='lat' dir='ltr'><strong>destitutus,</strong></span> <span class='ocrx_word' id='word_1_300' title='bbox 721 3905 784 3963; x_wconf 93' lang='lat' dir='ltr'><strong>sola</strong></span> <span class='ocrx_word' id='word_1_301' title='bbox 820 3903 1024 3962; x_wconf 89' lang='lat' dir='ltr'><strong>constitutione</strong></span> <span class='ocrx_word' id='word_1_302' title='bbox 1058 3901 1182 3974; x_wconf 87' lang='lat' dir='ltr'><strong>quadam</strong></span> <span class='ocrx_word' id='word_1_303' title='bbox 1216 3899 1315 3974; x_wconf 92' lang='lat' dir='ltr'><strong>papali</strong></span> 
     </span>
     <span class='ocr_line' id='line_1_35' title="bbox 94 4003 1314 4084; baseline -0.007 -15"><span class='ocrx_word' id='word_1_304' title='bbox 94 4015 319 4084; x_wconf 85' lang='lat' dir='ltr'><strong>extravagante,</strong></span> <span class='ocrx_word' id='word_1_305' title='bbox 342 4026 418 4082; x_wconf 90' lang='lat' dir='ltr'><strong>qnae</strong></span> <span class='ocrx_word' id='word_1_306' title='bbox 441 4009 561 4084; x_wconf 91' lang='lat' dir='ltr'><strong>dicitur,</strong></span> <span class='ocrx_word' id='word_1_307' title='bbox 583 4009 744 4082; x_wconf 88' lang='lat' dir='ltr'><strong>nitebatur,</strong></span> <span class='ocrx_word' id='word_1_308' title='bbox 768 4013 800 4065; x_wconf 91' lang='lat' dir='ltr'><strong>ut</strong></span> <span class='ocrx_word' id='word_1_309' title='bbox 822 4005 999 4066; x_wconf 89' lang='lat' dir='ltr'><strong>credendum</strong></span> <span class='ocrx_word' id='word_1_310' title='bbox 1022 4003 1203 4075; x_wconf 86' lang='lat' dir='ltr'><strong>ostenderet,</strong></span> <span class='ocrx_word' id='word_1_311' title='bbox 1227 4003 1314 4062; x_wconf 89' lang='lat' dir='ltr'><strong>meri-</strong></span> 
     </span>
    </p>
   </div>
   <div class='ocr_carea' id='block_1_3' title="bbox 91 4291 1317 4711">
    <p class='ocr_par' dir='ltr' id='par_1_3' title="bbox 184 4291 1314 4363">
     <span class='ocr_line' id='line_1_36' title="bbox 184 4291 1314 4363; baseline -0.005 -17"><span class='ocrx_word' id='word_1_312' title='bbox 184 4298 210 4363; x_wconf 90' lang='lat'><strong>1)</strong></span> <span class='ocrx_word' id='word_1_313' title='bbox 228 4297 272 4349; x_wconf 86' lang='lat' dir='ltr'><strong>Br.</strong></span> <span class='ocrx_word' id='word_1_314' title='bbox 290 4295 606 4358; x_wconf 77' lang='lat' dir='ltr'><strong>1,1l⁰.188.187.191&#39;.</strong></span> <span class='ocrx_word' id='word_1_315' title='bbox 638 4296 676 4350; x_wconf 82' lang='lat' dir='ltr'><strong>Oi.</strong></span> <span class='ocrx_word' id='word_1_316' title='bbox 695 4295 782 4347; x_wconf 78' lang='lat' dir='ltr'><strong>Waltz</strong></span> <span class='ocrx_word' id='word_1_317' title='bbox 800 4295 842 4346; x_wconf 86' lang='lat' dir='ltr'><strong>in:</strong></span> <span class='ocrx_word' id='word_1_318' title='bbox 862 4295 951 4362; x_wconf 79' lang='lat' dir='ltr'><strong>Spbel,</strong></span> <span class='ocrx_word' id='word_1_319' title='bbox 970 4295 1029 4344; x_wconf 83' lang='lat' dir='ltr'><strong>hist</strong></span> <span class='ocrx_word' id='word_1_320' title='bbox 1049 4291 1149 4342; x_wconf 84' lang='lat' dir='ltr'><strong>Ztscbr.</strong></span> <span class='ocrx_word' id='word_1_321' title='bbox 1163 4295 1207 4354; x_wconf 72' lang='lat'><strong>41,</strong></span> <span class='ocrx_word' id='word_1_322' title='bbox 1221 4297 1314 4342; x_wconf 68' lang='lat' dir='ltr'><strong>thoas.</strong></span> 
     </span>
    </p>

    <p class='ocr_par' dir='ltr' id='par_1_4' title="bbox 91 4377 1317 4711">
     <span class='ocr_line' id='line_1_37' title="bbox 185 4377 1314 4450; baseline -0.004 -17"><span class='ocrx_word' id='word_1_323' title='bbox 185 4384 210 4450; x_wconf 82' lang='lat'><strong>2)</strong></span> <span class='ocrx_word' id='word_1_324' title='bbox 229 4384 341 4446; x_wconf 85' lang='lat' dir='ltr'><strong>Diestel,</strong></span> <span class='ocrx_word' id='word_1_325' title='bbox 361 4377 514 4434; x_wconf 83' lang='lat' dir='ltr'><strong>Geschichte</strong></span> <span class='ocrx_word' id='word_1_326' title='bbox 533 4383 577 4434; x_wconf 88' lang='lat' dir='ltr'><strong>des</strong></span> <span class='ocrx_word' id='word_1_327' title='bbox 597 4386 627 4436; x_wconf 66' lang='lat' dir='ltr'><strong>A„</strong></span> <span class='ocrx_word' id='word_1_328' title='bbox 640 4383 670 4434; x_wconf 82' lang='grc' dir='ltr'><strong>Τ.</strong></span> <span class='ocrx_word' id='word_1_329' title='bbox 690 4400 714 4447; x_wconf 92' lang='lat' dir='ltr'><strong>p.</strong></span> <span class='ocrx_word' id='word_1_330' title='bbox 732 4387 781 4434; x_wconf 75' lang='grc'><strong>277</strong></span> <span class='ocrx_word' id='word_1_331' title='bbox 800 4381 844 4447; x_wconf 84' lang='lat' dir='ltr'><strong>(ci.</strong></span> <span class='ocrx_word' id='word_1_332' title='bbox 862 4381 982 4432; x_wconf 85' lang='lat' dir='ltr'><strong>Koestlin</strong></span> <span class='ocrx_word' id='word_1_333' title='bbox 999 4381 1027 4444; x_wconf 91' lang='lat' dir='ltr'><strong>l,</strong></span> <span class='ocrx_word' id='word_1_334' title='bbox 1047 4380 1117 4445; x_wconf 80' lang='lat'><strong>224).</strong></span> <span class='ocrx_word' id='word_1_335' title='bbox 1155 4378 1229 4428; x_wconf 81' lang='lat' dir='ltr'><strong>addo</strong></span> <span class='ocrx_word' id='word_1_336' title='bbox 1248 4378 1314 4443; x_wconf 90' lang='lat' dir='ltr'><strong>quod</strong></span> 
     </span>
     <span class='ocr_line' id='line_1_38' title="bbox 93 4465 1315 4539; baseline -0.005 -16"><span class='ocrx_word' id='word_1_337' title='bbox 93 4470 231 4538; x_wconf 81' lang='lat' dir='ltr'><strong>Gajetanus</strong></span> <span class='ocrx_word' id='word_1_338' title='bbox 249 4488 308 4522; x_wconf 91' lang='lat' dir='ltr'><strong>cum</strong></span> <span class='ocrx_word' id='word_1_339' title='bbox 324 4471 484 4539; x_wconf 78' lang='lat' dir='ltr'><strong>Hieronymo</strong></span> <span class='ocrx_word' id='word_1_340' title='bbox 502 4471 583 4522; x_wconf 87' lang='lat' dir='ltr'><strong>libros</strong></span> <span class='ocrx_word' id='word_1_341' title='bbox 603 4471 634 4522; x_wconf 85' lang='lat' dir='ltr'><strong>V.</strong></span> <span class='ocrx_word' id='word_1_342' title='bbox 648 4471 675 4522; x_wconf 85' lang='lat' dir='ltr'><strong>T.</strong></span> <span class='ocrx_word' id='word_1_343' title='bbox 696 4471 857 4537; x_wconf 85' lang='lat' dir='ltr'><strong>apocryphos</strong></span> <span class='ocrx_word' id='word_1_344' title='bbox 876 4487 891 4519; x_wconf 88' lang='lat' dir='ltr'><strong>a</strong></span> <span class='ocrx_word' id='word_1_345' title='bbox 910 4468 1041 4520; x_wconf 87' lang='lat' dir='ltr'><strong>canonicis</strong></span> <span class='ocrx_word' id='word_1_346' title='bbox 1060 4465 1179 4531; x_wconf 86' lang='lat' dir='ltr'><strong>sejunxit.</strong></span> <span class='ocrx_word' id='word_1_347' title='bbox 1210 4465 1315 4517; x_wconf 86' lang='lat' dir='ltr'><strong>Gabriel</strong></span> 
     </span>
     <span class='ocr_line' id='line_1_39' title="bbox 91 4552 1317 4622; baseline -0.006 -12"><span class='ocrx_word' id='word_1_348' title='bbox 91 4557 230 4610; x_wconf 82' lang='lat' dir='ltr'><strong>Prateolue</strong></span> <span class='ocrx_word' id='word_1_349' title='bbox 247 4558 385 4608; x_wconf 80' lang='lat' dir='ltr'><strong>haereticis</strong></span> <span class='ocrx_word' id='word_1_350' title='bbox 403 4573 461 4608; x_wconf 86' lang='lat' dir='ltr'><strong>eum</strong></span> <span class='ocrx_word' id='word_1_351' title='bbox 479 4557 663 4609; x_wconf 83' lang='lat' dir='ltr'><strong>adnumeravit.</strong></span> <span class='ocrx_word' id='word_1_352' title='bbox 699 4557 877 4609; x_wconf 85' lang='lat' dir='ltr'><strong>Pallavicinna</strong></span> <span class='ocrx_word' id='word_1_353' title='bbox 897 4555 953 4622; x_wconf 81' lang='lat' dir='ltr'><strong>(VI,</strong></span> <span class='ocrx_word' id='word_1_354' title='bbox 969 4561 1010 4618; x_wconf 76' lang='lat'><strong>17,</strong></span> <span class='ocrx_word' id='word_1_355' title='bbox 1024 4553 1051 4619; x_wconf 77' lang='lat'><strong>2)</strong></span> <span class='ocrx_word' id='word_1_356' title='bbox 1071 4553 1098 4604; x_wconf 91' lang='lat' dir='ltr'><strong>id</strong></span> <span class='ocrx_word' id='word_1_357' title='bbox 1113 4552 1184 4616; x_wconf 84' lang='lat' dir='ltr'><strong>justo</strong></span> <span class='ocrx_word' id='word_1_358' title='bbox 1207 4553 1317 4605; x_wconf 84' lang='lat' dir='ltr'><strong>severius</strong></span> 
     </span>
     <span class='ocr_line' id='line_1_40' title="bbox 91 4641 1119 4711; baseline -0.005 -14"><span class='ocrx_word' id='word_1_359' title='bbox 91 4661 149 4697; x_wconf 85' lang='lat' dir='ltr'><strong>csse</strong></span> <span class='ocrx_word' id='word_1_360' title='bbox 170 4645 244 4696; x_wconf 85' lang='lat' dir='ltr'><strong>dicit:</strong></span> <span class='ocrx_word' id='word_1_361' title='bbox 263 4661 390 4711; x_wconf 79' lang='lat' dir='ltr'><strong>pavonum</strong></span> <span class='ocrx_word' id='word_1_362' title='bbox 406 4661 458 4696; x_wconf 90' lang='lat' dir='ltr'><strong>non</strong></span> <span class='ocrx_word' id='word_1_363' title='bbox 475 4661 530 4696; x_wconf 87' lang='lat' dir='ltr'><strong>ease</strong></span> <span class='ocrx_word' id='word_1_364' title='bbox 546 4644 713 4710; x_wconf 84' lang='lat' dir='ltr'><strong>judicandum</strong></span> <span class='ocrx_word' id='word_1_365' title='bbox 735 4661 765 4696; x_wconf 87' lang='lat' dir='ltr'><strong>ex</strong></span> <span class='ocrx_word' id='word_1_366' title='bbox 783 4644 891 4711; x_wconf 80' lang='lat' dir='ltr'><strong>pedibus</strong></span> <span class='ocrx_word' id='word_1_367' title='bbox 909 4643 954 4694; x_wconf 84' lang='lat' dir='ltr'><strong>aad</strong></span> <span class='ocrx_word' id='word_1_368' title='bbox 973 4659 1003 4695; x_wconf 82' lang='lat' dir='ltr'><strong>ex</strong></span> <span class='ocrx_word' id='word_1_369' title='bbox 1022 4641 1119 4709; x_wconf 75' lang='lat' dir='ltr'><strong>penaria.</strong></span> 
     </span>
    </p>
   </div>
   <div class='ocr_carea' id='block_1_4' title="bbox 0 0 1582 5056">
    <p class='ocr_par' dir='ltr' id='par_1_5' title="bbox 0 0 1582 5056">
     <span class='ocr_line' id='line_1_41' title="bbox 0 0 1582 5056; baseline 0 2"><span class='ocrx_word' id='word_1_370' title='bbox 0 0 1582 5056; x_wconf 95' lang='lat' dir='ltr'><strong> </strong></span> 
     </span>
    </p>
   </div>
  </div>
 </body>
</html>
