3134 5054
631 319 723 368 Cursu
740 317 816 369 xm.
1281 317 1329 370 ant

117 544 202 599 genua
231 531 356 606 mundo,
386 549 464 591 nuuc
490 533 590 605 quales
617 533 720 606 gignat
745 532 799 591 boc
821 531 1033 608 ‚comgellum‘
1055 532 1133 591 uolle
1156 547 1188 590 se
1210 529 1332 594 reisue.

116 631 184 690 lllurl
206 634 291 693 unice
315 651 350 692 se
375 652 484 709 cupere
506 637 562 710 ait,
592 643 625 694 ut
651 635 729 710 apud
752 637 882 696 Saxones
910 639 1014 712 religio
1037 638 1148 696 colatur
1170 643 1334 696 clametur

116 739 309 813 evangelium
340 739 408 799 fieri
435 757 519 814 posse
551 747 583 798 ut
613 741 680 798 istie
711 741 770 799 sint
799 743 964 816 aliusmodi,
996 749 1076 801 certe
1105 757 1175 814 quos
1197 739 1332 802 Basilina

115 843 233 916 noverit,
263 845 345 904 tales
376 843 440 903 iere
472 861 551 918 esse,
580 851 612 904 ut
640 842 722 904 malit
752 863 817 904 cum
846 848 967 921 papistia
996 846 1104 906 babere
1130 847 1332 906 commercium

115 962 192 1017 quam
214 963 282 1006 cum
306 950 379 1008 illis.
424 950 458 1008 ld
480 966 532 1008 suo
555 965 588 1008 se
608 951 685 1008 malo
703 957 879 1024 compertum
896 968 975 1026 esse,
996 967 1052 1010 uec
1067 953 1096 1010 iu
1112 951 1197 1024 vulgo
1212 957 1333 1018 tantun.

114 1047 160 1109 sed
190 1053 281 1112 etiam
319 1055 352 1112 in
387 1054 431 1112 bis
466 1056 516 1127 qni
550 1054 702 1113 videantur
733 1071 798 1115 esse
820 1055 943 1129 abque,
977 1073 1015 1115 ne
1038 1056 1116 1115 dicat
1137 1055 1331 1129 perunum·

113 1152 234 1216 Deuotat
265 1159 335 1217 aine
365 1156 452 1217 dubio
473 1165 503 1218 et
525 1159 687 1228 Farellum‚
717 1161 810 1218 virum
833 1161 983 1232 eximium,
1006 1160 1058 1220 sed
1079 1159 1198 1220 malici
1220 1161 1333 1220 aruum

111 1259 156 1317 sslo
177 1267 314 1336 tempore
339 1280 398 1321 uon
421 1269 584 1338 expertem,
608 1271 638 1323 et
658 1265 832 1338 limenun,
854 1283 940 1339 quem
960 1282 1024 1324 oum
1040 1263 1247 1340 Eppondortio.
1270 1281 1331 1326 mr·

111 1361 253 1425 uidissime
284 1369 437 1428 nebulone
467 1368 744 1443 pseuderangelico,
772 1373 972 1444 conjunctum,
1003 1370 1116 1444 ‚laesae
1138 1369 1331 1430 Germanicae

111 1465 186 1528 fidei‘
207 1471 289 1530 baud
313 1479 429 1533 temere
452 1479 648 1532 accusaverat
686 1474 720 1532 ln
741 1475 804 1547 ipso
819 1475 949 1534 Hutteno
969 1477 1051 1548 Juxta
1068 1473 1330 1550 splendidissimum

110 1573 255 1647 ingenium
294 1579 446 1652 animique
483 1583 576 1636 motus
607 1596 675 1638 vere
707 1580 838 1638 excelsos
864 1585 953 1652 atque
982 1579 1096 1638 nobiles
1123 1577 1330 1654 subrepentem

82 1685 89 1698 ·
110 1677 201 1749 iguem
224 1683 378 1754 quendam
400 1700 518 1743 merum
538 1691 568 1742 et
590 1685 733 1758 impurum
755 1699 840 1742 nemo
861 1684 1063 1758 conridebit,
1086 1685 1135 1758 qui
1150 1683 1227 1744 illius
1242 1685 1330 1746 utin

111 1795 143 1837 ac
168 1785 280 1859 scripta
309 1793 448 1848 accurate
478 1783 713 1848 exttminaverit.²
771 1789 980 1863 Iguoaeemlum
1010 1795 1055 1848 est
1086 1787 1221 1857 nmmo,
1253 1787 1329 1864 onon

111 1888 195 1946 tantis
225 1891 324 1952 turbis
354 1893 457 1952 meinis
485 1893 566 1966 quasi
594 1893 715 1952 obrutus
737 1899 768 1950 et
792 1893 828 1952 ab
852 1893 1041 1966 evangelicis,
1072 1893 1121 1966 qui
1150 1891 1330 1960 dicebantur.

112 1993 152 2048 tot
179 1995 258 2054 mala
280 2013 351 2056 rnox
373 2014 528 2071 perpessus
550 1999 686 2056 meliores
709 1997 839 2071 ejusdem
863 1997 1000 2070 nominis,
1030 1999 1078 2070 qui
1107 2003 1137 2057 et
1164 1997 1223 2056 illic
1251 1995 1330 2058 bauti

112 2097 191 2165 pauci
215 2107 320 2176 erant,
349 2103 396 2161 vel
419 2103 597 2175 ignoraverit
619 2101 666 2160 vel
690 2117 747 2159 non
772 2103 829 2159 rite
852 2101 1059 2160 aestimaverit
1104 2101 1206 2176 Neque
1229 2101 1328 2160 intute-

113 2197 165 2256 rito
189 2203 253 2274 jam
284 2205 425 2279 eundem,
456 2223 542 2279 quem
571 2211 674 2279 postea
704 2205 865 2279 Speuerus,
896 2205 1169 2278 perniciosissimum
1202 2221 1329 2266 crumino

112 2307 306 2382 oppugnabat,
325 2311 407 2382 quasi
423 2310 550 2383 litigiosa
564 2310 706 2383 quaedam
723 2310 849 2383 purioris
864 2309 1013 2368 doctrinae
1029 2309 1162 2384 jactatio.
1185 2309 1330 2370 interioris

115 2406 186 2466 litae
223 2409 368 2473 incubus
403 2414 557 2489 destituta,
590 2431 643 2487 pro
676 2414 890 2473 christianismo
925 2429 992 2472 vere
1025 2415 1193 2488 evangelico
1226 2411 1327 2474 bibon

113 2520 213 2580 lmen

194 2619 395 2682 Assenserunt
426 2638 502 2695 qnae
534 2623 613 2681 haud
645 2639 745 2696 parum
779 2622 894 2682 Erasmi
926 2623 1052 2682 animum
1086 2623 1124 2682 ab
1158 2623 1328 2696 evangelieo

114 2724 227 2792 negotio
251 2727 506 2801 abalienaverunt,
537 2727 659 2786 dboiffia
681 2727 787 2800 purtim
810 2729 886 2786 iuter
907 2733 1135 2802 propugnatores
1157 2729 1233 2802 ojus,
1263 2745 1329 2802 pan

115 2824 164 2916 tin
188 2828 269 2890 iuter
296 2830 510 2890 multitudinem
539 2837 716 2890 sectatorum
744 2831 791 2890 vel
818 2831 964 2890 homiuum
992 2832 1121 2904 singulas
1142 2849 1240 2892 eorum
1263 2847 1329 2892 sen·

113 2931 216 2991 tenuas
238 2937 442 3009 arripientium
474 2935 611 2995 celeriter
634 2941 747 3011 exorta,
776 2951 851 3009 quae
874 2953 958 3010 quam
978 2935 1081 2996 fatalis
1103 2935 1199 2996 lutura
1222 2941 1328 3004 essunt,

114 3030 172 3103 111811
202 3039 233 3097 in
258 3041 437 3100 Germaniae
460 3045 547 3114 alque
571 3041 724 3100 Helvetiae
743 3037 849 3099 linibus
871 3041 953 3114 quasi
977 3045 1124 3116 spectator
1146 3039 1327 3107 constitutus,

115 3138 218 3206 primm
237 3145 304 3203 fere
326 3145 484 3219 perspexit.
529 3145 625 3216 Quare
648 3147 818 3219 saepissime
843 3163 907 3206 eam
927 3163 990 3206 rem
1005 3143 1243 3218 praeclarissimis
1257 3142 1327 3200 uiris

115 3239 220 3315 objicit.
268 3249 316 3308 Sic
345 3250 580 3324 Melanchtboni‚
613 3251 660 3309 eui
693 3251 729 3310 de
764 3251 907 3310 enarratis
930 3250 1051 3310 diversis
1074 3247 1218 3322 partibus,
1250 3245 1328 3306 inter

116 3359 145 3403 se
159 3353 367 3428 pugnantibus,
389 3355 463 3413 haee
485 3354 573 3413 dicit:
596 3355 705 3428 ‚Unum
728 3355 909 3428 evangelium
933 3355 1081 3424 occinunt,
1104 3351 1155 3412 sed
1177 3351 1258 3426 enjus
1272 3349 1327 3426 ipsi

116 3451 212 3515 volunt
243 3474 307 3517 esse
337 3459 531 3532 interpretes‘.
582 3459 630 3518 Sic
651 3459 814 3518 Pellicauo:
844 3459 916 3534 ‚Vos
947 3459 1025 3518 inter
1051 3473 1101 3516 sos
1119 3455 1327 3532 digladiaruiui‚

117 3549 259 3634 Zviuglius
281 3568 312 3620 et
332 3561 573 3636 Oecolampadius
604 3563 743 3622 advorsus
765 3563 926 3622 Lutherum
946 3567 976 3622 et
994 3561 1186 3622 Pomeranuru
1209 3567 1239 3622 et
1261 3579 1327 3622 rur·

116 3672 160 3718 sus
181 3663 368 3726 Balthasarce
396 3667 532 3727 adversus
561 3667 640 3742 illos,
667 3667 806 3726 adversus
833 3673 863 3727 te
893 3667 1042 3740 Farellnsg
1073 3671 1103 3724 et
1125 3671 1184 3726 tarn
1203 3665 1327 3724 discerui

119 3759 234 3829 iuononi
257 3788 303 3830 me
327 3772 482 3846 adjungam
502 3773 631 3846 periculo
653 3774 758 3848 capitis
778 3775 850 3846 mei,
871 3773 958 3830 immo
981 3771 1077 3844 potius
1092 3769 1239 3828 auimaei‘
1279 3767 1326 3828 Sic

118 3875 215 3936 lostea
236 3875 362 3935 Bueero:
396 3877 510 3952 ,Alina
540 3876 616 3950 quod
645 3877 771 3937 animum
793 3893 889 3936 meum
912 3874 1068 3948 detorruit,
1099 3877 1143 3932 est
1165 3873 1222 3930 ista
1243 3877 1326 3930 tauta

119 3969 191 4036 inter
211 3981 351 4054 primores
377 3982 492 4055 negocii
519 3981 677 4056 dissensio;
711 3987 744 4040 ut
771 3981 847 4040 euim
876 3979 1005 4038 eminam
1028 3976 1184 4052 prophetas
1205 3981 1235 4033 ot
1257 3989 1327 4034 sua·

118 4071 267 4160 baptistas,
298 4102 382 4158 quam
415 4087 603 4145 amarulentis
633 4085 740 4145 libellis
775 4087 853 4144 inter
878 4099 910 4142 se
942 4079 1142 4140 conflictantur
1169 4079 1326 4152 Zvinglius,

120 4177 256 4248 Lutherne
278 4195 310 4248 et
326 4189 496 4250 Omauderl‘
541 4189 695 4249 consensit
717 4189 833 4263 quidem
848 4189 986 4248 Erasmus
1010 4186 1041 4244 iu
1055 4184 1219 4243 universum
1235 4185 1326 4257 magis

202 4441 227 4506 1)
236 4441 408 4509 apparas
421 4443 452 4494 ad
462 4444 684 4495 Melancbtbonom
698 4441 828 4508 (11111111).
848 4437 1006 4501 camna
1019 4437 1051 4488 ad
1060 4435 1186 4487 Bucemru
1197 4437 1327 4506 (albii).

201 4529 227 4596 1)
245 4529 283 4580 Gi.
303 4531 417 4582 suanus:
444 4531 535 4584 Ulriob
554 4547 604 4580 von
622 4531 718 4580 Hutton
742 4530 768 4592 1,
787 4533 880 4581 113711.
917 4527 1253 4592 intumescamus.
1289 4525 1328 4577 De

121 4606 285 4678 Eppenlorno
303 4635 329 4683 p.
344 4625 394 4670 272
404 4635 437 4668 ss.
