3188 5086
234 329 286 384 160
626 399 628 405 ,
721 328 826 381 Paarrs
843 326 957 380 Paroars

233 545 368 604 amicitiis
394 531 641 603 constantissimus
671 549 702 604 et
723 544 971 616 pertinacissimus
995 548 1054 617 est3
1085 541 1175 600 habet
1196 557 1287 614 usqne
1310 540 1347 599 ad
1368 542 1448 599 ritae

233 648 321 707 finem
343 645 472 721 singulos
495 664 566 721 prae
589 649 696 706 ceteris
718 645 890 721 familiares,
914 647 1015 720 quibus
1037 648 1140 705 intima
1161 645 1332 720 praecordia
1355 646 1450 704 reclu-

232 753 304 811 dere
338 769 483 824 nunquam
519 751 640 810 dubitat.
695 751 754 810 Sed
786 751 926 824 ejusmodi
958 751 1221 811 necessitudinibus
1254 765 1313 808 non
1345 749 1449 807 obesse

210 853 317 930 'putat
345 871 448 915 recens
474 855 581 914 iterum
604 859 691 927 atque
720 855 836 927 saepius
853 857 970 929 junctas
998 855 1140 914 amicitias
1164 860 1195 914 et
1217 852 1450 926 consuetudines,

234 961 322 1019 variis
352 961 436 1032 quasi
469 957 604 1034 gradibus
638 958 803 1034 distinctas,
837 975 955 1018 numero
978 965 1037 1018 tam
1057 957 1200 1032 infinitas,
1234 963 1266 1016 ut
1288 958 1448 1016 memoriae

234 1065 291 1122 vim
314 1063 479 1138 admireris,
503 1079 560 1136 qua
582 1068 642 1121 tam
666 1063 794 1122 diversas
816 1068 861 1121 tot
883 1063 1063 1122 diversorum
1077 1063 1222 1121 hominum
1243 1079 1291 1120 ros
1306 1063 1450 1138 rationes-

233 1185 289 1242 que
325 1167 519 1241 amplectitur.
568 1166 650 1237 Quod
688 1168 716 1226 ei
747 1168 871 1226 maxime
902 1165 1095 1239 profitendum
1132 1171 1224 1240 esset,
1257 1167 1306 1240 qni
1332 1167 1449 1224 Erasmi

233 1274 320 1332 vitam
350 1270 510 1346 perfectius
535 1287 621 1344 quam
653 1272 802 1344 hucusque
827 1271 946 1348 ,factum
976 1277 1034 1346 est,
1065 1272 1247 1330 scribendam
1276 1272 1448 1347 susciperet,

233 1377 367 1450 quoniam
389 1376 465 1435 illius
488 1375 596 1434 amicos
619 1392 711 1449 aeque
735 1381 820 1448 atque
844 1376 1025 1435 adversarios
1049 1375 1187 1449 religiosa
1209 1375 1362 1450 diligentia
1380 1393 1448 1448 per·

156 1535 158 1542 .
233 1481 316 1553 sequi
339 1485 369 1539 et
391 1479 549 1554 depingere
572 1496 693 1540 neeesse
717 1485 803 1540 esset.
848 1480 1027 1553 Quamquam
1050 1480 1126 1538 enim
1149 1485 1218 1538 tunc
1241 1484 1357 1538 mutuae
1381 1496 1447 1538 eru·

232 1584 359 1643 ditonum
381 1585 506 1643 umorum
535 1585 653 1644 litterae
676 1583 774 1656 aliquo
797 1583 879 1642 modo
902 1589 1067 1643 nostrarum
1090 1583 1307 1658 ephemeridem
1333 1584 1447 1642 littera-

231 1689 341 1747 riarom
373 1689 436 1748 loco
468 1689 504 1746 iis
538 1694 638 1762 erant,
672 1693 770 1747 tamen
794 1688 931 1747 Erasmus
964 1705 1021 1746 non
1055 1690 1148 1746 minus
1182 1687 1322 1746 laudabili
1351 1687 1446 1746 studio

170 1857 179 1873 .
232 1793 379 1867 homines,
406 1809 490 1865 quam
520 1809 586 1866 res,
612 1791 649 1850 de
681 1791 783 1865 quibus
813 1807 878 1850 aum
906 1793 942 1851 iis
968 1791 1089 1866 agebat,
1121 1790 1360 1866 amplectebatur.
1411 1792 1447 1850 In

232 1897 371 1974 ejusmodi
398 1897 566 1955 curiositate
597 1895 706 1969 aliquid
729 1896 852 1968 periculi
881 1897 1005 1970 positum
1032 1895 1122 1956 fnisse
1143 1901 1233 1970 patet.
1278 1895 1336 1956 Sed
1357 1897 1445 1954 raris·

232 2003 321 2076 sime,
351 2001 488 2074 quantum
512 1999 647 2074 equidem
677 2000 908 2059 animadvertere
935 2001 1029 2076 potui,
1059 2003 1090 2060 in
1120 2001 1260 2060 immensa
1284 1999 1444 2074 diffusaque

233 2107 421 2181 epistolarum
451 2107 513 2178 ejus
543 2103 692 2179 farragine
721 2103 787 2163 falsi
810 2109 840 2164 et
867 2105 959 2163 aniles
992 2105 1036 2163 illi
1061 2121 1204 2180 rumores,
1230 2106 1310 2178 justo
1330 2103 1444 2163 facilius

232 2211 336 2270 crediti
369 2216 401 2270 et
433 2211 542 2286 sparsi,
569 2209 763 2283 inveniuntur,
797 2209 899 2282 quibus
932 2209 1132 2282 ephemerides
1159 2215 1274 2268 nostrae
1301 2210 1442 2282 plurimae

156 2327 157 2330 ’
231 2316 355 2388 turpiter
385 2313 542 2373 abundant.
587 2313 685 2372 Etiam
713 2313 749 2372 de
769 2313 885 2372 Erasmi
911 2315 1103 2389 loquacitate,
1137 2331 1222 2388 quam
1252 2319 1382 2372 ceterum
1412 2315 1443 2372 in

232 2419 360 2492 epistolis
393 2417 583 2476 familiaribus
617 2433 702 2476 nemo
734 2418 863 2476 severius
893 2416 1048 2492 judicabit,
1081 2433 1196 2492 semper
1228 2417 1291 2477 fere
1323 2419 1442 2478 meliore

232 2540 319 2582 sensu
341 2521 513 2594 praedicare
536 2522 619 2596 licet,
642 2521 714 2578 nibil
736 2521 852 2580 humani
876 2537 940 2580 eum
963 2538 981 2580 a
1004 2539 1035 2581 se
1058 2523 1185 2581 alienum
1199 2529 1327 2597 putasse.
1372 2522 1443 2581 Tam

231 2625 341 2685 variam
371 2641 435 2684 esse
460 2625 623 2683 mortalium
650 2625 825 2684 sententiam
852 2626 923 2684 dicit
950 2631 979 2684 et
1008 2643 1088 2684 sunm
1118 2627 1221 2700 cuique
1252 2643 1316 2686 esse
1348 2628 1443 2685 avium

232 2735 363 2803 cantum,
398 2733 431 2786 ut
457 2729 587 2787 omnibus
616 2726 750 2787 satisfieri
779 2747 837 2788 non
866 2731 970 2804 possit,
1004 2731 1066 2804 ipse
1096 2731 1279 2791 nihilominus
1312 2730 1443 2790 omnibus

232 2834 300 2892 viris
326 2833 409 2892 bonis
438 2849 491 2906 pro
521 2833 630 2891 viribus
661 2831 830 2892 satisfacere
860 2833 1019 2894 identidem
1042 2835 1146 2896 studet.
1192 2835 1289 2894 Tanta
1308 2835 1442 2893 nimirum

230 2939 261 2996 in
290 2954 324 2996 eo
345 2938 441 2996 inerat
464 2953 527 2997 sese
551 2937 714 3010 applicandi
741 2937 1030 3012 accommodandiquo
1061 2941 1098 2998 ad
1119 2940 1192 2998 alios
1215 2947 1245 2998 et
1267 2939 1442 2998 desiderium

231 3049 261 3104 et
289 3042 418 3103 facultas.
470 3043 497 3100 A
527 3043 624 3101 multis
651 3043 735 3101 initio
765 3044 952 3115 epistolarum
985 3046 1187 3103 commercium
1212 3046 1332 3119 petivit,
1356 3045 1441 3118 longe

227 3148 357 3222 pluribus
384 3147 446 3220 ipse
477 3153 580 3222 postea
607 3149 729 3221 petitum
756 3148 877 3222 largiter
899 3149 1048 3223 praebuit,
1077 3139 1156 3208 baud
1176 3151 1275 3221 paucis
1299 3165 1443 3207 commen·

229 3252 308 3311 datio
342 3253 404 3326 ejns
427 3257 554 3324 optatam
577 3253 653 3310 uiam
675 3252 751 3324 apud
774 3257 887 3311 exteros
911 3248 1039 3327 aperuit,
1071 3253 1121 3311 alii
1143 3253 1206 3328 ipso
1228 3253 1442 3312 interveniente

229 3355 465 3414 consuetudinem
499 3357 577 3415 inter
610 3373 641 3414 se
680 3357 846 3427 junxerunt.
903 3357 1034 3430 Namque
1068 3355 1260 3416 fraternitatis
1294 3357 1443 3432 cujusdam

230 3459 405 3517 christianae
436 3461 512 3517 inter
542 3460 617 3518 viros
640 3461 768 3519 eruditos
790 3478 876 3533 quam
899 3461 1039 3521 latissime
1059 3463 1264 3536 propagandae
1288 3463 1360 3521 mire
1384 3467 1443 3520 stu·

229 3561 326 3621 diosus
347 3567 418 3620 erat.
462 3563 539 3622 Satis
559 3579 615 3621 non
636 3565 738 3622 habuit
759 3564 1007 3624 familiares·suos
1025 3565 1164 3640 diligere,
1186 3568 1333 3640 exoptavit
1356 3572 1388 3624 nt
1409 3583 1441 3626 se

229 3668 352 3726 invicem
385 3667 473 3726 etiam
500 3667 665 3740 diligerent.
711 3669 759 3729 Sic
788 3669 825 3728 ad
848 3670 1018 3730 Goclenium
1039 3672 1136 3747 illum,
1165 3673 1286 3745 probum
1310 3678 1340 3730 et
1361 3673 1440 3746 pium

228 3771 305 3847 apud
328 3771 525 3831 Lovanienses
550 3771 682 3832 Graecae
701 3773 818 3846 linguae
840 3781 1077 3850 praeceptorem,
1108 3778 1185 3836 laeto
1208 3779 1302 3836 animo
1325 3777 1450 3836 scribit:.

227 3875 324 3952 ,Maro
358 3877 545 3951 depinxeram
578 3878 621 3936 toi
650 3879 822 3954 imaginem,
855 3879 930 3939 adeo
957 3881 1030 3939 nihil
1058 3880 1198 3957 affingens
1227 3882 1264 3940 de
1292 3899 1375 3954 meo,
1410 3887 1440 3940 ut

226 3982 367 4055 quaedam
406 3983 494 4042 etiam
533 3985 788 4055 praetermiserim.
847 3985 924 4044 Miro
966 3985 1089 4059 quodam
1136 3986 1281 4046 desiderio
1324 3993 1441 4045 tenetur

227 4085 342 4145 videndi
373 4086 433 4145 tui‘
481 4083 531 4145 Ad
558 4089 773 4147 inserviendum
804 4090 961 4148 amicorum
994 4091 1113 4149 utilitati
1135 4097 1284 4165 promptus
1307 4097 1338 4150 et
1358 4091 1441 4149 indu·

225 4189 314 4248 sirius
336 4195 412 4264 erat,
436 4191 524 4264 idque
553 4194 721 4265 saepissime
746 4211 798 4252 sna
820 4201 923 4268 sponte
947 4199 1034 4268 atque
1058 4197 1128 4268 ipsis
1155 4197 1267 4272 insciis,
1303 4197 1438 4270 quemad·

226 4293 341 4354 modurn
364 4311 417 4368 pro
439 4296 599 4356 Reuchlino
622 4295 846 4370 flagrantissima
869 4301 959 4359 verba
977 4299 1015 4358 ad
1037 4299 1166 4360 Leonem
1188 4301 1238 4377 X,
1260 4301 1439 4376 Raphaelem

226 4396 424 4472 Gardinalcm,
453 4401 526 4460 alios
556 4402 686 4476 scripsit;
718 4403 767 4460 ubi
797 4403 937 4477 ejusmodi
964 4401 1059 4463 officio
1085 4399 1132 4486 (ut
1163 4423 1234 4480 erga
1266 4401 1440 4486 lluttennm)

224 4501 327 4561 deesse
350 4502 473 4578 ridetur,
496 4504 526 4562 id
549 4505 626 4578 quod
648 4507 796 4566 rarissimo
820 4504 868 4581 fit,
895 4508 985 4566 habet
1007 4526 1064 4592 quo
1082 4511 1162 4584 juste
1187 4513 1318 4571 excusari
1338 4514 1437 4586 possit.

225 4605 318 4664 Ouum
344 4608 375 4664 in
402 4623 510 4680 egenos
532 4609 661 4668 liberalis
684 4627 800 4683 semper
822 4618 915 4688 esset,
944 4613 1068 4672 maxime
1089 4615 1121 4673 in
1143 4616 1237 4675 bonae
1257 4618 1319 4691 spei
1343 4624 1375 4677 et
1396 4619 1438 4678 in·
