3202 5058
221 289 256 344 36
395 343 398 348 ,
711 293 809 342 Pnnrrs
829 290 945 342 Parente

221 382 774 392 —..-..-.-———--—-————-
917 383 1135 392 —n-——u—-——

219 510 376 583 desperare
390 507 427 564 de
441 505 540 564 sutura
553 505 746 564 Romanarum
759 523 855 565 rerum
872 507 1023 570 sanatione
1037 507 1200 566 noluerant.
1237 506 1434 571 Conturbatoc

219 622 287 676 sunt
308 611 542 687 probissimorum
564 612 690 670 virorum
713 611 922 685 conscientiae,
952 613 1019 686 qui,
1043 629 1128 684 quum
1147 628 1205 670 non
1227 613 1340 687 omnia,
1360 627 1434 685 quae

220 738 236 780 e
265 717 405 779 cathedra
436 716 515 774 Petri
542 715 726 788 prodierunt,
754 732 806 788 pro
833 715 938 775 divinis
969 717 1104 789 accipere
1134 717 1281 790 hucusque
1308 717 1434 788 licuerit,

215 827 276 899 jam
306 838 356 882 eos
376 836 489 894 qnoque
512 818 574 878 falli
597 820 710 878 nescios
733 817 893 879 credendos
916 837 980 880 esse
1002 819 1115 910 vident,
1146 822 1196 894 qui
1218 821 1434 880 Bartholomaei

218 929 310 988 noctis
343 926 457 984 scelera
477 929 519 1010 'et
555 923 614 982 alia
642 922 781 995 ejusmodi
812 925 877 984 urbi
903 924 1047 997 quondam
1077 931 1108 984 et
1128 925 1191 984 orbi
1219 931 1356 999 unquam
1385 941 1433 985 res

216 1033 368 1108 praeclare
389 1034 488 1102 gestas
510 1025 769 1102 praedicaverunt‘

303 1136 386 1194 Haec
413 1133 512 1192 omnia
537 1132 614 1206 typis
637 1134 781 1207 exscripta
810 1140 879 1193 sunt
900 1150 999 1192 mense
1022 1133 1179 1192 Novembri
1197 1135 1266 1194 anni
1288 1136 1432 1195 millesimi

215 1239 449 1314 octingentesimi
479 1238 694 1311 septuagesimi.
744 1237 826 1309 Quod
855 1255 971 1312 moneo,
1003 1243 1036 1297 ut
1063 1245 1218 1313 appareat,
1245 1254 1330 1312 quam
1358 1241 1431 1298 mire
1545 1309 1548 1314 ¹

214 1348 237 1406 ii
263 1344 412 1416 fallantur,
438 1342 487 1414 qui
513 1342 623 1402 dnobus
650 1344 696 1401 vel
725 1343 817 1402 tribus
843 1342 959 1402 demum
986 1344 1069 1402 aunis
1097 1349 1176 1419 post,
1206 1345 1294 1403 certis
1316 1343 1431 1416 quibus-

215 1451 283 1510 dam
319 1447 433 1520 legibus
474 1448 505 1504 in
548 1447 706 1506 Germania
744 1447 835 1522 datis,
872 1448 980 1507 bellum
1023 1448 1251 1506 ecclesiasticum
1287 1449 1430 1522 incepisse

214 1552 342 1628 putant²
387 1553 449 1610 lam
472 1552 550 1609 enim
572 1551 783 1626 Franoogallioi
806 1552 877 1612 belli
893 1553 986 1611 initiis
1013 1550 1099 1612 facile
1122 1552 1160 1611 ad
1181 1552 1337 1612 videndum
1357 1560 1431 1628 erat,

215 1660 375 1718 animorum
398 1661 519 1728 motum,
542 1671 628 1728 quem
647 1655 865 1730 descripsimus,
887 1672 1068 1729 nequaquam
1091 1673 1171 1716 mere
1187 1658 1332 1716 internam
1355 1658 1431 1716 chri-

214 1764 374 1822 stianorum
396 1759 735 1820 Romanocatholicorum
758 1779 820 1821 rem
843 1777 921 1835 esse,
951 1762 1003 1820 sed
1026 1768 1181 1821 exurente
1204 1761 1308 1836 syllabi
1330 1779 1430 1822 omnes

215 1885 316 1928 eorum
347 1867 424 1925 vires
456 1865 577 1924 excitari
604 1871 664 1924 tum
693 1871 793 1924 contra
828 1865 981 1924 ecclesiam
1014 1865 1212 1940 evangelicam
1242 1871 1303 1924 tum
1329 1874 1430 1926 contra

214 1974 361 2032 civitatum
397 1971 529 2030 instituta
561 1986 626 2028 curn
658 1971 853 2029 recentiorum
886 1977 1047 2044 temporum
1083 1971 1200 2044 ingenio
1225 1977 1428 2030 consentanea

214 2078 310 2151 Quare
345 2076 431 2136 etiam
459 2092 513 2148 ego
542 2080 611 2133 tunc
636 2074 668 2131 in
697 2076 938 2134 commentatione
961 2092 1026 2134 mea
1052 2075 1164 2134 locutus
1183 2093 1246 2134 sum
1268 2075 1304 2136 de
1329 2083 1429 2136 exorto

213 2198 286 2242 novo
326 2182 415 2256 ,bello
452 2180 664 2254 ecclesiastico,
702 2179 778 2252 qnod
813 2186 911 2240 nostro
947 2182 1120 2254 praesertim
1157 2180 1263 2254 populo
1293 2183 1429 2255 spiritua·

211 2288 288 2347 libus
317 2287 404 2346 armis
432 2285 591 2358 gerandum
621 2283 717 2344 essetf
762 2284 864 2359 Neque
888 2286 1011 2343 innuere
1038 2285 1135 2359 omisi,
1166 2286 1214 2359 agi
1235 2286 1267 2343 in
1289 2301 1325 2344 eo
1352 2286 1427 2344 bello

212 2391 249 2452 de
271 2392 389 2450 summis
409 2391 492 2448 bonis
515 2388 715 2462 spiritualibus
739 2395 770 2447 et
792 2389 829 2447 de
850 2405 921 2448 vera
936 2389 1023 2446 animi
1038 2390 1168 2462 cultura,
1191 2405 1265 2462 quae
1280 2395 1312 2448 ut
1327 2395 1427 2448 contra

211 2497 355 2554 inscitiam
377 2501 408 2551 et
431 2493 597 2552 barbariam
619 2498 700 2550 recto
723 2493 806 2551 modo
828 2487 1034 2566 vindicaretur,
1057 2493 1088 2552 id
1111 2493 1232 2568 requiri,
1255 2493 1330 2568 quod
1350 2495 1428 2552 inter

211 2601 331 2673 populos
352 2597 451 2670 Papae
470 2597 617 2670 subjectos
631 2597 809 2654 rarissimum
825 2604 916 2670 esset,
938 2597 1084 2656 sentiendi
1103 2599 1237 2657 rrimirnm
1261 2598 1426 2658 libertatem

211 2721 277 2763 cunr
306 2704 422 2762 sincera
448 2702 559 2775 pietate
587 2688 768 2774 conjunctam
792 2707 822 2762 et
848 2703 1083 2776 superstitionum
1111 2703 1307 2776 abusuumque
1330 2703 1427 2763 odium

211 2825 268 2868 non
300 2823 336 2866 ex
370 2807 473 2864 frivola
503 2811 590 2879 atque
623 2805 774 2864 incredula
800 2812 913 2881 mente,
948 2807 1000 2867 sed
1030 2824 1067 2866 err
1094 2808 1272 2866 conscientia
1305 2825 1339 2866 ac
1369 2805 1426 2866 lide

211 2909 335 2971 natum.i
385 2911 440 2982 Qui
476 2926 544 2969 vcro
574 2910 662 2967 animi
691 2910 831 2969 culturam
863 2911 962 2970 hostili
986 2912 1017 2970 in
1044 2911 1231 2970 christianam
1257 2913 1425 2986 religionem

210 3023 308 3077 mente
331 3012 449 3074 efficere
472 3013 605 3088 student,
629 3029 679 3072 eos
698 3014 759 3086 jnm
782 3020 850 3073 tunc
871 3031 937 3073 cum
959 3015 1106 3075 Leibnitio
1130 3016 1230 3074 censui
1244 3017 1319 3075 alius
1332 3019 1425 3090 cojus-

209 3121 276 3181 dam
300 3119 453 3180 barbariae
477 3119 608 3179 eruditae
631 3125 764 3178 auctores
787 3135 851 3178 esse
875 3125 905 3178 et
925 3120 1031 3178 inscios
1052 3121 1141 3194 ipsius
1160 3120 1319 3194 tyrannidis
1332 3121 1426 3194 Papa·
1515 3128 1517 3138 ·

209 3227 246 3285 lis
269 3226 423 3300 adjutores.
467 3225 601 3296 Denique
623 3223 654 3282 id
676 3223 859 3298 praedicavi,
889 3224 1031 3298 episcopis
1057 3224 1088 3283 in
1110 3224 1186 3284 bello
1205 3225 1255 3283 illc
1277 3225 1314 3283 ab
1337 3225 1373 3284 iis
1394 3226 1425 3283 in

210 3331 369 3390 Germania
390 3333 531 3388 commoto
550 3329 693 3387 sociorum
717 3329 808 3402 copiis
827 3328 966 3387 utendum
989 3344 1053 3388 esse
1075 3328 1153 3388 haud
1175 3329 1286 3403 exiguis
1308 3327 1425 3401 quidem

209 3433 261 3493 sed
291 3449 394 3507 parum
427 3432 570 3504 honestis,
605 3431 716 3489 scincet
748 3436 809 3489 tum
838 3431 1000 3491 hominibus
1036 3433 1215 3506 ignorantia,
1245 3432 1424 3506 stupiditate,

209 3537 409 3611 superstitioso
441 3533 539 3593 furore
567 3535 744 3608 conspicuis,
781 3541 841 3592 tam
870 3534 1039 3596 Gueliorum
1068 3537 1213 3611 reliquiis,
1244 3537 1294 3610 qui
1323 3542 1425 3595 contra

208 3640 412 3702 stabiliendam
440 3639 642 3698 Germanicam
673 3638 815 3697 unitatem
844 3655 960 3714 semper
986 3647 1164 3715 pugnassent
1192 3647 1224 3700 et
1253 3657 1347 3714 nuper
1370 3657 1423 3712 pro

208 3763 261 3808 sua
292 3746 367 3804 virili
393 3749 492 3819 parte,
529 3741 662 3815 praebita
697 3740 772 3802 ialsa
801 3745 913 3804 numeri
941 3749 973 3802 et
1005 3747 1152 3819 potentiae
1181 3761 1251 3805 suae
1279 3745 1422 3818 opinione,

208 3850 414 3924 Franoogallos
437 3847 475 3906 ad
502 3863 641 3920 praesens
665 3863 810 3906 armorum
838 3855 986 3908 aeramen
1013 3850 1209 3923 instigassent.
1259 3848 1357 3908 Etiam
1387 3865 1422 3906 ex

206 3956 252 4014 his
283 3971 352 4016 vero
389 3953 466 4012 haud
503 3968 624 4026 paucos,
661 3969 746 4025 quum
787 3954 1009 4027 generosissimo
1043 3955 1181 4014 instinctu
1213 3955 1292 4012 inter
1326 3952 1423 4011 subita

207 4060 321 4134 patriae
344 4059 476 4132 pericula
496 4056 632 4130 populum
652 4063 782 4116 nostrum
804 4058 947 4132 agitantia
971 4063 1001 4116 et
1015 4059 1070 4131 ipsi
1081 4039 1186 4132 perciti
1202 4063 1288 4130 atque
1306 4057 1421 4116 accensi

208 4169 321 4236 essent,
351 4163 507 4237 resipuisse
535 4177 631 4234 neque
655 4161 748 4220 minus
779 4162 836 4221 cito
862 4179 947 4235 quam
976 4163 1125 4236 episcopos
1147 4162 1213 4221 illos
1235 4161 1288 4221 sed
1310 4159 1422 4220 felicius

206 4267 380 4326 sententiam
412 4275 548 4326 mutasse.
600 4264 704 4339 Adjeci
737 4267 810 4326 haec
843 4267 933 4325 verba
961 4267 1039 4339 ipsos
1074 4267 1223 4340 episcopos
1256 4266 1420 4336 alloquens:

298 4525 322 4586 l)
341 4521 416 4572 Ferd.
438 4520 573 4585 Schrader,
592 4521 653 4572 Vier
670 4521 748 4570 Jahre
766 4521 967 4586 Knltnrkampi,
987 4527 1011 4577 a.
1030 4521 1096 4572 nun.
1122 4539 1147 4587 p.
1168 4525 1207 4570 18.

293 4609 320 4680 2)
343 4607 380 4657 Cf.
400 4607 583 4658 commentatio
602 4609 753 4670 mea'suprn
773 4607 842 4657 dictu
859 4625 883 4672 p.
903 4615 944 4658 21.
963 4613 1005 4661 23.
