3188 5086
234 301 287 357 140
724 303 830 353 Pnnnrs
850 302 964 354 Paronns

233 518 389 594 diligenter
419 519 579 593 adhibitus,
604 521 651 578 rel
676 518 812 578 similium
840 519 1043 593 opusculorum
1069 519 1231 593 exemplum
1256 517 1350 578 factus
1378 517 1450 579 ιιει.ι

233 621 370 681 Erasmus
393 623 468 698 vult,
490 627 539 697 ,ut
560 620 647 682 bonno
667 629 742 682 totus
764 624 802 681 sit
823 625 997 696 compositus
1017 625 1130 699 animo,
1152 639 1289 698 corpore,
1311 623 1449 697 gestibus,

232 728 362 802 vestitu,‘
384 729 515 802 inprimis
532 745 605 802 puer
624 728 744 801 nobilis,
766 745 819 802 pro
842 728 986 788 nobilibus
1003 745 1073 788 uero
1093 745 1191 788 omnes
1213 728 1361 788 habendos
1385 743 1449 788 esse

233 833 288 907 ait,
321 833 370 906 qui
404 831 506 891 studiis
535 832 705 892 liberalibus
735 834 868 892 excolant
906 833 1040 892 animum.
1092 832 1180 892 Vetat
1209 833 1337 892 nativam
1366 833 1449 905 pueri

232 936 410 996 hilaritatem
440 937 563 1010 opprimi
590 937 739 996 inutilibus
766 938 942 1011 morosisque
972 938 1152 1013 praeceptis,
1182 937 1235 996 sed
1265 936 1403 1011 quidquid
1419 937 1450 996 in

233 1040 283 1099 illo
311 1042 406 1100 malae
436 1040 650 1100 consuetudinis
678 1047 740 1117 est,
772 1041 834 1100 odit
863 1047 894 1100 et
924 1042 1063 1116 castigat,
1087 1041 1143 1100 hac
1173 1058 1286 1115 quoque
1308 1058 1344 1100 eu
1366 1045 1450 1115 parte

234 1161 300 1204 eum
329 1161 360 1204 se
386 1145 545 1220 praebens,
575 1161 659 1218 quern
683 1145 784 1204 laudat
810 1143 928 1205 Grotius
954 1145 998 1204 bis
1027 1147 1137 1205 verbis:
1172 1145 1266 1221 ,Nihil
1295 1162 1353 1205 non
1379 1145 1452 1204 vidit

235 1248 392 1308 Erasmus}
436 1249 539 1309 Omnia
560 1255 657 1310 autem
679 1251 837 1309 tenerrima
859 1251 981 1309 caritate
1001 1251 1053 1309 illa
1076 1251 1151 1326 egit,
1173 1267 1231 1324 qua
1244 1249 1384 1324 infantes,
1407 1251 1452 1308 in-

234 1354 334 1426 primis
359 1354 515 1413 amicorum
538 1355 661 1429 liberos,
691 1360 724 1414 ut
745 1355 886 1414 Frobenii
908 1371 1034 1414 summae
1057 1357 1119 1430 spei
1139 1356 1307 1430 puerulum,
1337 1370 1452 1430 semper

236 1457 488 1531 complectebatur.
539 1459 652 1519 Eodem
678 1459 774 1518 animo
805 1461 895 1518 etiam
924 1458 1056 1518 libellum
1083 1461 1165 1518 illum
1187 1459 1335 1518 fortissimi
1358 1461 1453 1534 cujus-

235 1560 302 1621 dam
319 1561 464 1637 Principis
486 1561 574 1622 filiolo
604 1563 766 1638 dedicavit,
796 1563 954 1623 admonens
980 1580 1046 1622 eum
1070 1571 1102 1624 ut
1130 1565 1205 1624 bcnc
1235 1565 1300 1622 aliis
1320 1564 1452 1636 exemplo

237 1670 323 1726 esset.
376 1666 457 1744 ,Neo
483 1666 574 1726 enim‘
605 1668 730 1742 ,inquit,
760 1668 922 1742 ,mediocre
952 1669 1049 1727 calcar
1078 1669 1167 1728 addet
1187 1669 1341 1728 universae
1363 1667 1453 1742 plebi,

234 1771 259 1828 si
282 1771 486 1844 conspexerint
508 1771 629 1830 heroum
654 1769 763 1831 liberos
791 1789 809 1830 a
830 1773 930 1846 primis
960 1774 1058 1832 statim
1080 1774 1162 1832 annis
1185 1773 1277 1832 dicari
1300 1765 1402 1831 st'udiis
1423 1776 1456 1829 et

234 1874 266 1932 iu
294 1873 395 1934 eodem
424 1892 488 1934 oum
509 1876 579 1949 ipsis
602 1876 695 1936 stadio
719 1876 854 1937 currere‘
899 1875 989 1936 Addit
1010 1877 1098 1936 haec:
1128 1877 1250 1953 ,liunus
1272 1881 1371 1935 sutem
1392 1876 1452 1934 ior·

236 1979 334 2038 mandi
351 1981 506 2053 pueritiam
528 1981 624 2040 multis
646 1985 759 2040 constat
779 1981 921 2057 partibus,
945 1997 1064 2055 quarum
1086 1983 1170 2042 sicuti
1189 1984 1282 2056 prima
1302 1983 1345 2040 ita
1365 1996 1453 2055 prae-

235 2084 321 2157 cipua
347 2091 408 2159 est,
439 2089 472 2144 ut
500 2087 625 2146 tenellus
655 2087 768 2145 animus
794 2086 915 2146 imbibat
935 2087 1051 2160 pietatis
1072 2087 1240 2146 seminaria:
1269 2087 1453 2161 proximant

235 2187 372 2248 liberales
393 2188 560 2263 disciplinas
583 2195 614 2249 et
636 2195 714 2250 amet
736 2195 767 2248 et
782 2189 945 2264 perdiscat:
968 2192 1057 2250 tertia
1077 2197 1122 2250 est
1141 2197 1173 2250 ut
1196 2191 1232 2249 ad
1254 2191 1332 2250 vitae
1355 2188 1454 2248 officia

235 2293 409 2352 instruatur:
444 2298 548 2367 quarta
574 2299 632 2368 est,
657 2299 690 2353 ut
719 2311 737 2353 a
762 2295 863 2367 primis
892 2295 990 2354 statim
1020 2296 1085 2355 aevi
1112 2295 1284 2354 rudimentis
1317 2294 1452 2353 civilitati

235 2413 347 2456 morum
370 2403 525 2456 assuescet.
569 2397 653 2456 Hauc
671 2403 863 2471 prostremam
889 2416 966 2458 nuno
988 2400 1058 2458 mihi
1077 2400 1193 2474 proprie
1216 2399 1331 2472 sumpsi.
1374 2397 1451 2456 Nam

236 2499 273 2560 de
296 2500 492 2573 superioribus
520 2518 585 2559 cum
607 2502 657 2560 alii
679 2503 793 2577 plures,
818 2508 877 2562 turn
901 2519 954 2562 uos
978 2520 1090 2578 quoque
1112 2505 1256 2578 permulta
1278 2504 1451 2577 scripsimus.

236 2603 413 2676 Quamquam
444 2609 542 2663 eutem
575 2610 726 2664 externum
756 2607 828 2665 illud
861 2608 987 2682 corporis
1020 2609 1155 2668 decorum
1184 2609 1221 2668 ab
1245 2609 1341 2667 auimo
1374 2607 1453 2666 bene

236 2707 394 2780 composito
423 2707 623 2785 proficiscitur,
652 2715 749 2770 tamen
773 2711 886 2771 incuria
919 2719 1139 2787 praeceptorum
1161 2728 1364 2786 nonuunquam
1385 2711 1455 2770 fieri

236 2811 378 2887 videmus,
399 2817 432 2872 ut
453 2815 529 2872 hano
549 2814 667 2874 interim
684 2815 809 2888 gratiam
830 2817 979 2891 inprobis
1004 2823 1034 2877 et
1056 2818 1177 2877 eruditis
1192 2816 1353 2876 bominibus
1374 2816 1455 2875 desi-

236 2914 389 2976 deremus‘
813 2979 817 2986 ,

321 3021 356 3079 In
389 3022 439 3096 iis,
472 3038 548 3096 quae
581 3023 706 3097 plurima
743 3026 780 3084 de
809 3027 916 3086 ceteris
946 3027 1040 3100 iisque
1071 3027 1251 3100 gravioribus
1282 3023 1455 3085 formandae

234 3125 380 3198 pueritiae
410 3128 541 3200 partibus
567 3145 599 3187 se
630 3145 694 3187 oum
717 3131 782 3188 aliis
809 3132 958 3205 scripsisse
988 3137 1141 3206 memoret,
1170 3130 1334 3206 gratissimo
1356 3130 1457 3188 auimo

235 3229 460 3305 felicissimeque
491 3248 625 3292 successu
647 3233 800 3309 Philippus
819 3235 1028 3296 Melanobthon
1056 3253 1122 3294 eum
1144 3240 1260 3294 secutus
1281 3239 1339 3308 est,
1366 3250 1458 3307 prae—

235 3340 365 3392 cesserat
385 3337 516 3408 inprimis
536 3337 701 3410 Rodolphus
716 3339 853 3413 Agricola
871 3340 997 3413 Frisius,
1020 3357 1106 3413 quern
1128 3345 1251 3412 uterque
1272 3340 1316 3396 vir
1334 3339 1457 3396 summis

236 3436 369 3496 laudibus
391 3440 455 3510 plus
477 3442 566 3498 semel
591 3439 682 3500 effert.
726 3442 819 3514 Ipsius
842 3441 957 3501 Erasmi
979 3445 1087 3518 scripta
1109 3443 1161 3502 illa
1181 3460 1315 3516 magnam
1337 3447 1457 3515 partem

235 3538 274 3597 sd
301 3541 453 3598 materiam
479 3560 584 3614 pueros
614 3543 772 3603 docendam
807 3545 962 3617 pertinent.
1008 3547 1043 3605 In
1075 3549 1130 3606 hac
1158 3565 1270 3622 quoque
1299 3545 1459 3605 mactanda

234 3644 367 3703 utilitatis
404 3659 492 3703 causa
518 3647 555 3704 ad
581 3647 717 3706 minutiae
750 3653 780 3706 et
813 3649 851 3708 ad
882 3651 1039 3726 elementa,
1072 3653 1242 3726 praesertim
1279 3652 1458 3726 linguarum,

235 3763 324 3822 saepe
359 3767 426 3808 enm
455 3748 633 3809 descendere
660 3752 797 3812 videmus.
842 3753 900 3813 Sed
923 3755 1055 3814 ascendit
1082 3756 1230 3815 etiamad
1260 3755 1393 3815 sublimia
1419 3761 1460 3815 et

234 3855 349 3912 excelsa
382 3853 419 3913 sd
453 3871 545 3928 eaque
582 3854 687 3914 ducere
720 3857 817 3916 studet
851 3875 965 3932 pueros.
1018 3861 1081 3931 Qua
1106 3861 1137 3919 in
1160 3877 1193 3920 re
1223 3861 1367 3919 interdum
1392 3875 1458 3918 non

234 3958 402 4034 distinguit,
423 3976 497 4034 quae
517 3962 701 4034 praeceptori
723 3979 855 4036 quaeque
879 3963 1018 4038 discipulo
1041 3965 1183 4024 inservire
1206 3965 1291 4038 velit,
1313 3965 1398 4022 immo
1421 3964 1461 4023 in

235 4062 337 4122 eodem
360 4065 434 4122 libro
459 4071 582 4140 utraque
607 4067 721 4140 miscet,
739 4068 819 4141 justo
839 4069 932 4142 magis
953 4069 1093 4128 lectorum
1113 4069 1222 4143 judicio
1237 4067 1366 4128 confisus.
1383 4069 1460 4148 ,Sic

234 4165 350 4225 libellus
378 4171 576 4230 catecbeticus
598 4171 688 4230 multa
711 4172 832 4246 egregia
855 4173 1018 4248 continens,
1043 4191 1127 4246 quern
1151 4175 1251 4232 ultimo
1277 4173 1356 4232 ritae
1379 4177 1460 4230 tem-

322 4422 347 4486 l)
365 4420 537 4472 Praecedsnts
560 4423 647 4472 seculo
670 4423 697 4472 iu
723 4425 949 4490 orphanotrophos
968 4425 1091 4500 Halcnsi,
1115 4429 1176 4474 tuno
1194 4413 1369 4489 paedagogice
1389 4423 1460 4474 Ger-

187 4557 190 4564 ,
231 4507 344 4557 manicae
367 4509 439 4572 qussi
466 4509 616 4568 seminario,
642 4509 739 4573 prodiit
761 4509 855 4560 similis
878 4511 983 4562 libellus
1007 4510 1191 4578 francogallice
1212 4509 1386 4576 compositus,
1413 4511 1462 4561 cui

232 4593 323 4646 titulus
341 4599 391 4644 est:
411 4581 517 4646 Erasmo
534 4595 660 4648 moderna.
