3134 5054
270 259 323 314 306
757 260 859 311 Panna
877 259 993 311 Panoms

270 473 405 548 Emsero,
427 475 575 534 notissimo
595 474 717 534 Lutheri
739 473 918 549 advemario,
941 472 1057 533 scribit:
1081 474 1193 548 ,Monoi
1214 489 1268 548 per
1290 472 1398 532 litteras
1417 489 1464 530 non

269 579 359 638 semel
382 584 442 636 turn
463 577 630 652 Caesarem,
652 577 867 636 Fordinandum
890 577 1018 650 aliosque
1041 579 1202 652 principes,
1231 583 1294 636 tum
1316 573 1463 650 pontificem

270 688 300 742 et
322 684 449 756 legatum
472 680 673 757 Campeginm,
696 698 758 740 rem
781 680 894 740 felicius
917 697 1078 755 eessnmam,
1101 683 1125 742 si
1142 681 1381 742 subtraherentur
1393 680 1465 753 hujus

268 788 337 846 mali
365 787 536 861 seminaria,
560 803 659 844 verum
682 785 775 844 adhuc
797 785 897 845 videor
918 787 988 844 mihi
1011 785 1104 846 sordis
1128 785 1254 845 canere‘
1299 784 1387 843 Immo
1407 799 1464 856 pro·

268 890 421 966 pemodnm
456 896 488 948 ut
519 890 702 949 Lutheranos
728 889 904 964 traducitur,
938 891 986 964 qui
1008 891 1080 951 velit
1101 888 1284 964 ,pontifices,
1319 891 1463 963 episcopos,

268 995 434 1056 sacerdotes
461 1011 496 1053 ac
522 995 676 1054 monachos
698 995 833 1054 meliores
856 1011 920 1054 esse
944 1011 1029 1068 quam
1051 995 1137 1054 sunt‘
1182 995 1266 1052 Illam
1289 994 1464 1068 suspicionem
1535 1017 1536 1044 t

268 1107 301 1160 nt
329 1097 536 1174 subterfugiat,
563 1099 647 1158 modo
678 1099 715 1158 ad
746 1103 913 1173 magnatum
943 1100 1058 1158 illorum
1088 1099 1261 1172 amicitiam,
1291 1098 1328 1156 ad
1355 1098 1465 1156 bonores

268 1205 323 1264 sibi
353 1204 390 1264 ab
417 1204 454 1262 iis
482 1204 602 1263 collatos
631 1209 784 1278 provocat,
811 1202 896 1263 modo
918 1203 1053 1277 ambigue
1076 1203 1161 1262 dictis
1184 1202 1283 1260 utitur.
1328 1201 1389 1260 Huc
1409 1217 1465 1274 per·

267 1311 342 1369 timet
364 1308 440 1382 qnod
462 1323 561 1367 omnes
584 1308 744 1366 sententias
766 1324 832 1366 snas
855 1307 997 1367 ecclesiae
1023 1307 1131 1381 judicio
1154 1306 1325 1366 submittere
1346 1309 1464 1380 paratum

267 1431 300 1474 se
325 1414 463 1473 declarat.
509 1412 604 1486 Quod,
626 1413 762 1486 quoniam
785 1412 927 1472 ecclesiae
953 1427 1089 1486 proceres
1111 1417 1181 1470 tuuc
1202 1411 1299 1484 palam
1324 1425 1387 1467 eum
1408 1425 1465 1466 eon·

268 1518 405 1576 damnare
428 1533 486 1576 non
509 1517 669 1590 audebant,
693 1522 755 1575 tute
770 1517 869 1576 dicere
887 1517 996 1590 potnit,
1018 1517 1102 1574 simul
1124 1531 1209 1590 vero,
1232 1531 1320 1588 quum
1334 1513 1370 1572 de
1388 1511 1465 1572 ideali

267 1638 320 1680 sua
342 1614 388 1701 (ot
409 1622 495 1680 venia
509 1622 548 1679 sit
563 1613 665 1698 verba)
688 1621 813 1679 ecclesia
836 1620 978 1679 catholica
997 1621 1153 1694 cogitaret,
1175 1635 1294 1694 prorsus
1314 1619 1371 1676 alio
1392 1631 1465 1676 sensu

267 1725 338 1782 talia
366 1723 571 1798 intellegebat,
603 1731 689 1797 atone
712 1725 870 1784 clamantes
899 1725 948 1782 isti
978 1724 1109 1783 monaehi
1140 1740 1177 1782 ea
1206 1724 1353 1796 accepturi
1384 1727 1464 1780 erant.
1537 1781 1538 1806 ,

266 1827 414 1901 Ejusmodi
437 1828 612 1905 ambiguitas
634 1827 710 1902 apud
732 1827 960 1902 Vitebergenses
983 1844 1139 1902 eorumque
1161 1827 1254 1886 socios
1276 1825 1410 1886 dedecori
1429 1824 1464 1882 illi

267 1939 343 2007 erat,
373 1930 530 1994 Pontificiis
553 1947 610 1990 nou
633 1930 785 1992 satisfecit
830 1932 905 2004 Quin
928 1933 1014 1992 immo
1036 1933 1067 1990 hi
1090 1934 1135 1992 vel
1158 1931 1319 1990 minacibus
1342 1932 1387 1989 vel
1407 1929 1467 1986 adu-

264 2038 376 2098 latoriis
397 2038 492 2097 verbis
515 2037 744 2112 postulaverunt,
767 2041 800 2095 ut
822 2041 923 2095 contra
938 2036 1099 2096 Lutherum
1122 2038 1277 2112 ,calamum
1294 2036 1442 2110 stringeret
1450 2033 1464 2090 ⁴.

266 2141 361 2215 Quod,
396 2143 501 2217 partim
531 2142 643 2216 pusillis
683 2141 788 2216 partim
822 2141 1011 2200 nobilioribus
1043 2141 1137 2200 cauma
1166 2147 1274 2214 motus,
1312 2156 1395 2213 qnam
1424 2137 1465 2195 dio

264 2251 380 2320 poterat
400 2247 592 2306 detrectabat.

352 2351 507 2410 Deonisset
533 2365 604 2409 sane
630 2351 722 2408 virum
751 2349 826 2407 tanti
849 2349 958 2423 ingenii
981 2353 1139 2422 tantaeque
1162 2349 1344 2408 auctoritatis
1365 2349 1394 2406 in
1414 2353 1466 2405 tam

265 2454 375 2528 ingenti
398 2452 532 2526 discidio,
564 2469 620 2526 quo
651 2453 786 2510 universa
817 2452 942 2512 ecclesia
970 2451 1204 2526 periclitabatur,
1235 2469 1322 2526 quum
1346 2452 1465 2512 nennius

265 2558 355 2629 partis
377 2573 440 2616 esse
463 2557 565 2630 vellet,
588 2556 624 2614 de
640 2556 781 2614 alterutra
795 2555 911 2630 plenam
927 2557 1100 2616 sententiam
1115 2556 1212 2630 palam
1228 2556 1353 2616 edicere.
1394 2556 1466 2614 lnlcr

265 2664 417 2733 utramque
440 2660 595 2731 ancipitem
618 2659 775 2718 subsistere
795 2676 891 2718 rerum
912 2660 1091 2734 publicarum
1105 2661 1235 2720 condicio
1250 2667 1319 2720 tnnc
1334 2661 1466 2732 similiter,

265 2769 352 2838 atque
383 2764 459 2838 apud
487 2762 599 2822 Atticos
629 2764 772 2838 quondam
803 2765 952 2824 decretum
982 2765 1109 2840 Solonis,
1138 2767 1237 2825 vetuit.
1288 2765 1384 2837 Quare
1412 2767 1465 2838 ipse

265 2867 403 2927 Erasmus
435 2868 631 2942 conqueritur,
666 2867 740 2942 quod
775 2869 854 2928 salva
886 2870 1044 2928 christiana
1076 2869 1219 2944 dignitate
1250 2886 1346 2944 neque
1377 2876 1465 2928 tacere

261 2988 355 3046 neque
384 2972 462 3046 loqui
494 2973 594 3046 possit.
651 2971 800 3058 Tuebatur
829 2973 963 3031 nimbum
993 2989 1080 3032 unam
1110 2974 1264 3033 ecclesiam
1294 2975 1466 3044 catholicam

261 3076 312 3136 sed
345 3077 448 3151 talem,
480 3077 596 3150 qualem
629 3075 784 3150 adjuvante
820 3074 909 3134 Gnria
937 3075 1068 3136 Romana
1100 3077 1137 3136 ad
1168 3078 1313 3152 evangelii
1347 3077 1466 3152 regulam

260 3179 474 3240 reformandam
497 3181 551 3240 sibi
574 3178 710 3256 fingebat.
755 3181 795 3239 At
818 3179 959 3252 ejusmodi
981 3179 1216 3240 reformationem
1243 3184 1357 3256 respuit
1378 3181 1465 3241 Curia.

260 3284 362 3357 Itaque
385 3288 484 3358 spreta
505 3283 594 3344 Curia
619 3285 856 3344 reformationem
879 3284 1024 3343 Lntherus
1055 3285 1160 3352 effecit.
1206 3287 1290 3345 Hanc
1313 3287 1394 3360 sequi
1415 3302 1465 3344 non

260 3392 373 3459 poterat
394 3387 544 3463 Erasmus,
568 3389 703 3463 qnoniam
722 3391 801 3462 justo
823 3390 887 3464 plns
907 3389 968 3448 illie
983 3390 1103 3464 singulis
1118 3391 1188 3450 viris
1205 3396 1234 3450 et
1249 3390 1466 3465 magistratibus,

257 3493 337 3565 justo
359 3491 453 3549 minus
476 3491 617 3551 ecclesiae
641 3492 803 3552 catholicae
827 3493 845 3551 i.
868 3509 894 3552 e.
919 3494 1044 3552 omnium
1067 3494 1256 3554 eeclesiarum
1284 3491 1467 3553 communioni

261 3595 324 3654 dari
353 3593 512 3653 videbatur.
559 3595 654 3666 Quare
682 3595 742 3667 jam
772 3597 850 3656 inter
882 3597 999 3656 comitia
1025 3597 1264 3671 Wormatieusia,
1297 3615 1383 3671 qnnm
1402 3595 1467 3654 nibil

260 3699 354 3760 cnunc
376 3697 552 3771 Vitebergae
582 3699 613 3756 in
642 3699 746 3758 ritibus
778 3701 919 3760 ecclesiae
947 3705 1088 3760 mutatum
1119 3707 1211 3775 esset,
1239 3702 1270 3760 in
1291 3701 1414 3775 epistola
1434 3697 1467 3758 ad

260 3806 361 3880 ,vnum
384 3801 615 3877 praepotentem‘
641 3803 785 3877 quendam
807 3805 916 3879 scripta
939 3805 1080 3864 acerrime
1096 3805 1211 3878 quidem
1230 3805 1337 3864 bullam
1356 3804 1467 3864 damna·

259 3910 362 3968 teriam
392 3913 493 3968 eontra
520 3907 680 3967 Luthernm
703 3907 878 3982 publicatam
904 3913 936 3967 nt
964 3925 1066 3983 ,snpra
1088 3907 1203 3968 modum
1227 3908 1399 3968 terribilem‘
1420 3909 1467 3966 im·

258 4012 361 4086 probat
377 4027 470 4085 eaque
494 4013 617 4086 ,animos
639 4013 736 4086 populi
755 4029 774 4072 a
793 4013 922 4072 Lntbero
937 4013 1060 4072 ademari
1075 4029 1132 4071 nou
1147 4011 1289 4086 potuisse‘
1311 4012 1466 4086 praedicas

259 4115 364 4176 deinde
394 4130 462 4175 vcro
492 4114 586 4174 addit:
618 4115 714 4190 ,Quod
741 4116 866 4176 hortaris
886 4121 918 4176 ut
938 4115 1067 4176 Lnthero
1098 4133 1145 4176 me
1172 4118 1305 4192 jungam,
1335 4116 1366 4176 id
1388 4115 1465 4174 facile

259 4216 309 4278 fiet
331 4220 355 4278 si
377 4219 458 4277 illum
480 4217 580 4278 videro
602 4219 633 4278 in
656 4225 740 4292 parte
764 4221 913 4280 catholica.
968 4220 1033 4279 Non
1056 4219 1132 4294 quod
1155 4221 1338 4293 pronuntiem
1361 4220 1397 4279 ab
1418 4220 1467 4278 hac

259 4323 399 4396 alienum,
422 4337 517 4395 neque
540 4339 636 4381 meum
659 4324 735 4382 enim
757 4329 802 4383 est
821 4325 961 4383 damnare
983 4340 1155 4398 quenquam.
1200 4323 1324 4383 Domino
1344 4340 1395 4383 sno
1414 4327 1466 4382 stat

258 4426 308 4482 ille
332 4431 383 4483 aut
406 4425 493 4483 cadit.
529 4425 611 4496 Quod
634 4427 659 4484 si
680 4441 728 4485 res
751 4426 888 4488 deveniet
910 4427 947 4487 ad
971 4433 1129 4487 extremum
1153 4427 1319 4503 tumultum,
1342 4435 1374 4488 nt
1393 4435 1465 4486 ntro-

258 4543 314 4600 qoe
335 4535 418 4586 untct
443 4529 584 4587 eeclesiae
606 4535 712 4606 status,
741 4547 796 4605 ego
819 4549 865 4592 me
888 4533 1004 4593 interim
1027 4534 1058 4593 in
1081 4533 1173 4592 solida
1195 4533 1246 4592 illa
1269 4533 1359 4594 Petra
1378 4531 1465 4608 figam
