3194 5042
681 317 769 372 cira-r
787 318 834 372 Vl.
1318 324 1367 378 181

141 407 301 416 ..n——

248 514 342 591 Quam
370 535 462 595 quum
485 517 634 578 Lutherus
662 538 739 579 anno
767 521 829 581 fere
855 525 925 581 ante
951 527 1074 582 mortem
1102 523 1238 601 legisset,
1265 525 1370 587 Italice

140 642 175 682 ea
197 642 265 684 cum
288 625 422 684 versione
446 625 619 686 Germanica
637 626 813 704 Vitebergae
835 629 918 706 typis
940 629 1090 706 vulganda
1112 632 1238 708 curavit,
1261 633 1369 696 additis

140 731 188 790 his
215 732 327 791 verbis:
360 731 436 809 ,Ego
458 733 493 792 D.
518 733 663 794 Martinus
686 735 836 795 Lutherus
863 741 955 796 testor
981 737 1037 797 hac
1063 757 1170 798 manus
1192 757 1274 800 meae
1297 741 1369 800 scri·

139 843 238 914 ptura,
267 857 315 899 me
343 840 517 917 figmentum
544 841 600 901 hoc
627 842 762 902 rabidum
785 843 812 904 d.
838 845 887 904 21.
911 844 1009 904 Martii
1037 845 1196 922 legendum
1219 847 1369 925 accepisse

139 951 169 1004 et
191 946 331 1006 libentem
355 949 475 1025 quidem
502 967 536 1009 ac
558 949 729 1025 laetantem,
753 951 811 1010 nisi
835 951 913 1028 quod
935 952 1128 1012 abominanda
1150 955 1302 1015 mendacia
1324 955 1368 1014 di-

138 1054 226 1113 vinae
256 1055 402 1131 majestati
432 1057 636 1116 attribuantur.
687 1057 783 1118 Valde
809 1063 908 1119 autem
939 1077 988 1120 me
1015 1060 1118 1120 titillat
1144 1080 1179 1122 ec
1210 1062 1369 1139 delectat,1

139 1161 218 1238 quod
242 1161 383 1222 Diabolus
411 1163 534 1242 ejusque
562 1183 714 1242 squamae,
742 1165 839 1244 Papae
866 1171 896 1226 et
918 1166 1068 1244 Papistae,
1096 1169 1169 1228 milri
1192 1173 1253 1228 tam
1280 1171 1368 1231 vehe-

138 1273 252 1328 menter
283 1269 394 1330 infensi
427 1271 494 1331 sint.
540 1272 622 1332 Deus
650 1291 700 1332 eos
727 1292 745 1332 a
771 1273 895 1334 Diabolc
921 1275 1043 1336 reducat
1070 1280 1099 1335 et
1126 1281 1283 1338 convertat.
1335 1277 1367 1338 Si

138 1393 207 1435 rero
234 1376 384 1436 decretum
413 1383 458 1438 est
485 1378 642 1455 divinitus,
670 1385 703 1440 ut
725 1399 828 1458 preces
856 1399 939 1442 meae
964 1401 1019 1460 pro
1045 1389 1164 1460 peccato
1188 1383 1221 1442 in
1244 1389 1367 1445 mortem

138 1483 237 1543 irritae
261 1484 334 1560 sint,
361 1485 437 1544 faxit
459 1491 493 1546 ut
515 1505 684 1546 mensuram
704 1506 788 1552 suam
810 1489 954 1566 impleant
977 1508 1031 1550 nec
1053 1489 1127 1551 alios
1153 1509 1242 1570 quam
1264 1493 1367 1570 hujus·

138 1591 217 1650 modi
248 1591 365 1652 libellos
388 1593 420 1651 in
449 1593 585 1653 solatium
613 1595 814 1674 gaudiumque
841 1615 929 1656 suum
958 1598 1094 1658 scribant.
1146 1598 1285 1660 Sinamus
1308 1618 1366 1676 eos,

137 1703 209 1758 eunt
231 1699 324 1774 enim,
352 1718 411 1778 quo
434 1701 598 1761 voluerunt.
644 1702 708 1780 Ego
733 1703 852 1764 interim
876 1705 981 1765 ridebo
1003 1723 1042 1764 an
1065 1705 1172 1766 salvari
1199 1708 1317 1784 possint
1338 1713 1368 1768 et

137 1807 281 1884 quomodo
299 1807 510 1884 poenitentiam
532 1811 627 1869 acturi
646 1811 706 1870 sint
724 1811 761 1872 de
779 1811 915 1872 omnibus
938 1814 1100 1874 mendaciis
1118 1833 1152 1874 ae
1174 1815 1366 1893 blasphemiis

137 1914 201 1974 suis
224 1913 331 1992 quibus
354 1917 498 1975 mundum
518 1919 678 1977 uertent‘l

243 2021 334 2083 Recte
352 2023 501 2084 Luthsrus
524 2024 556 2083 in
578 2025 680 2085 rabido
702 2025 759 2086 isto
777 2027 931 2103 figmento,
955 2027 1071 2087 obscuri
1095 2028 1248 2105 cujusdam
1271 2029 1365 2089 homi-

136 2129 184 2188 nis
212 2131 366 2206 opuscu10‚
399 2131 495 2208 ipsius
523 2132 629 2192 Curiae
656 2133 809 2210 ingenium
836 2133 917 2193 vidit.
969 2133 1119 2194 Similium
1146 2135 1365 2196 mendaciorum

136 2237 273 2314 exempla
295 2238 436 2298 hodierna
458 2257 548 2316 supra
570 2259 588 2298 a
610 2240 694 2300 nobis
717 2239 806 2300 allata
829 2245 912 2316 sunt,
940 2241 998 2300 alia
1020 2259 1058 2301 ex
1084 2243 1231 2318 prioribus
1255 2243 1364 2324 seculis

135 2345 346 2422 desumptam
369 2346 463 2406 Baelii
485 2346 582 2406 lexico
607 2348 662 2406 sub
683 2365 755 2408 voce
778 2347 954 2423 ,Lutherus‘
977 2349 1177 2409 inveniuntur.
1224 2348 1365 2410 Omnium

135 2451 214 2511 idem
232 2452 301 2512 finis
319 2458 393 2529 eret,
419 2459 453 2514 ut
474 2455 614 2513 infamato
637 2455 803 2516 adversario
826 2456 971 2534 quidquid
995 2457 1058 2516 veri
1077 2457 1192 2517 dixerat
1214 2457 1246 2516 iu
1266 2457 1363 2535 suspi-

135 2560 250 2619 cionem
277 2566 430 2621 vocaretur
460 2566 490 2622 et
516 2563 648 2638 fraudes,
676 2563 784 2641 quibus
811 2563 969 2641 imperium
1000 2564 1180 2642 papisticum
1207 2565 1363 2642 nitebatur,

135 2672 378 2728 sustentarentur.
426 2667 545 2744 Quoties
568 2671 625 2730 ista
647 2671 799 2732 mendacia
826 2689 880 2748 pro
902 2671 983 2730 varia
1005 2676 1171 2750 temporum
1193 2672 1364 2733 condicione

134 2795 152 2833 a
175 2774 290 2836 callidis
317 2775 520 2837 inventoribus
541 2778 666 2854 variata,
693 2779 781 2839 toties
804 2798 821 2838 a
846 2779 954 2840 misera
981 2779 1067 2858 plebe
1089 2780 1364 2841 Romanocatholica

135 2882 245 2942 credita
272 2887 350 2943 sunt.
400 2883 495 2968 Immo
527 2885 606 2944 haud
634 2905 711 2960 raro,
743 2887 773 2945 id
801 2887 880 2964 quod
912 2887 1000 2948 etiam
1028 2888 1198 2965 nuperrime
1225 2888 1362 2964 vidimus

135 2990 237 3050 ecdem
268 2995 400 3068 tempore
430 2991 507 3050 inter
539 2992 634 3051 varios
665 2993 801 3053 homines
833 2994 931 3054 variae
962 2994 1096 3070 ejusdem
1128 2993 1244 3054 fabulae
1276 2995 1362 3072 quasi

135 3099 245 3158 formae
270 3099 333 3158 sive
356 3098 499 3159 editiones
526 3098 735 3160 disseminatae
758 3104 841 3175 sunt,
869 3099 943 3160 aliae
966 3100 1002 3158 ad
1030 3105 1150 3177 captum
1172 3101 1256 3160 rudis
1278 3101 1362 3176 vulgi

134 3207 367 3266 accommodatae
390 3205 503 3286 (quales
527 3224 643 3282 ,rerum
662 3206 802 3267 amicum‘
826 3207 990 3266 Romanum
1009 3207 1169 3266 lectoribus
1191 3207 1363 3284 praebuisse

135 3313 385 3394 memoravimus),
417 3313 492 3374 aliae
523 3313 595 3374 viris
626 3313 782 3392 paululum
813 3313 952 3374 litteratis
984 3313 1079 3390 magis
1111 3331 1263 3390 congruos.
1313 3313 1363 3375 Sic

134 3421 318 3499 Maimbourg
340 3421 454 3482 lesuita
476 3439 577 3482 eorum
601 3422 777 3482 sententiam
799 3421 988 3499 improbavit,
1016 3420 1069 3499 qui
1091 3419 1255 3481 Lutherum
1277 3439 1295 3480 a
1317 3421 1362 3480 in·

134 3530 208 3589 cubo
232 3530 365 3606 genitum
388 3547 454 3588 esse
477 3529 705 3605 contendebant,
729 3529 781 3590 sed
800 3529 866 3607 ipse
884 3528 993 3588 multas
1012 3528 1088 3589 alius
1111 3527 1228 3605 generis
1246 3529 1362 3589 fabulas

134 3636 257 3696 eruditis
284 3638 357 3697 viris
380 3637 591 3697 tolerabiliores
618 3637 817 3712 concinnavit,
845 3635 1069 3697 aScclrendorf
1093 3637 1251 3697 immortali
1274 3654 1362 3716 opere

134 3745 283 3804 refutatae.
334 3745 464 3805 Jesuitae
495 3744 542 3804 illi
574 3744 682 3805 similis
713 3744 925 3822 papisticorum
957 3748 1188 3804 commentorum
1219 3748 1362 3821 patronus

133 3853 158 3912 J.
186 3851 313 3913 lanssen
341 3853 482 3927 smrexit,
511 3853 544 3912 in
571 3853 764 3930 pervertenda
790 3851 930 3912 historica
956 3851 1092 3927 veritate,
1121 3851 1193 3910 dum
1214 3851 1361 3928 religisei-

134 3977 215 4019 mum
243 3961 308 4036 ejus
337 3957 468 4019 studium
495 3977 566 4036 prae
593 3977 625 4020 se
652 3959 722 4035 fert,
750 3959 1021 4020 exercitatissimus.
1069 3957 1125 4032 Qui
1153 3958 1185 4017 in
1207 3958 1361 4018 narrandis

134 4066 274 4127 extremis
292 4066 416 4126 liutheri
438 4066 555 4144 diebus,
578 4067 682 4126 induto
701 4067 771 4127 serii
794 4071 824 4126 et
844 4066 971 4127 accurati
996 4065 1147 4143 scriptoria
1167 4065 1277 4144 specie,
1300 4071 1361 4126 tam

134 4175 241 4236 callide
258 4174 332 4235 alias
354 4191 403 4234 res
426 4173 548 4250 omittit,
571 4173 645 4234 alias
668 4149 743 4234 falsa
766 4175 833 4235 luce
856 4175 950 4234 offusa
968 4174 1112 4234 deformat
1134 4177 1164 4234 et
1186 4173 1218 4232 in
1236 4191 1360 4252 pravum

242 4441 268 4510 1)
287 4439 381 4495 Jccose
399 4438 529 4509 loquitur:
552 4438 589 4494 lls
607 4439 671 4494 thut
688 4439 740 4494 mir
762 4437 898 4496 sanitari
919 4439 966 4493 der
984 4437 1093 4494 rechten
1111 4437 1287 4494 Kniescheibc
1304 4437 1361 4494 und

134 4546 167 4584 an
185 4529 245 4583 dem
265 4527 354 4583 linken
373 4527 460 4584 Fusae.

242 4619 269 4689 2)
288 4618 461 4675 Seelendorti
476 4616 494 4680 l.
514 4635 536 4674 c.
556 4617 601 4674 lib.
616 4617 669 4688 III,
689 4617 736 4688 32,
758 4617 817 4676 126.
