3188 5086
242 297 278 350 82
735 299 838 346 Paleris
857 298 969 348 Pelorus

242 519 310 570 sunt
336 517 401 584 post
430 509 623 570 sacerdotium
648 511 735 568 aliem
759 509 925 568 mandatum
948 511 1046 568 statim
1067 512 1130 582 eJua
1152 510 1197 568 rei
1220 508 1296 582 apud
1319 525 1462 566 summum

242 615 408 688 provinciae
431 616 632 688 magistratum
654 615 769 673 civilem
792 613 930 672 indicium
953 614 1067 686 iacere,
1089 613 1119 672 id
1136 613 1213 685 qnod
1232 614 1264 671 in
1286 613 1352 670 aliis
1371 613 1462 670 terris

243 717 422 776 Germanicis
449 722 479 776 et
506 719 536 776 in
558 717 679 776 dustria
708 734 761 776 usu
784 721 934 790 receptum
957 723 1037 788 erat,
1068 733 1145 775 nuuc
1167 717 1244 775 idem
1271 717 1302 774 in
1322 715 1462 774 Bornseia

243 826 373 881 statuere
396 837 516 880 necesse
539 822 631 880 visum
654 827 716 894 est,
743 827 775 879 ut
796 821 984 893 magistratus
1003 820 1154 879 servandis
1172 819 1286 893 legibus
1305 819 1342 878 ed
1365 819 1461 877 eecle-

241 926 313 984 siam
337 925 551 998 pertinentibus
574 925 785 998 prospicerent,
831 923 965 996 Denique
986 924 1114 982 tribunal
1138 923 1368 982 ecclesiasticum
1390 939 1461 981 con-

241 1030 373 1087 stitutum
406 1034 451 1088 est
473 1043 537 1088 cnm
559 1033 706 1101 potestate
729 1026 902 1086 demovendi
921 1043 940 1084 a
958 1043 1079 1086 munere
1098 1027 1232 1098 clericos,
1262 1027 1312 1100 qui
1333 1026 1461 1084 civitatis

241 1132 322 1205 leges
351 1132 541 1206 pertinaciter
568 1137 749 1204 spernerent.
794 1131 875 1202 Quae
900 1136 1006 1188 cuncta
1034 1147 1109 1190 anuo
1136 1131 1350 1204 septuagesimo
1370 1129 1461 1187 tertio

242 1252 261 1293 a
291 1236 415 1294 comitiis
437 1235 597 1294 Bornssicis
631 1235 751 1294 decreta
781 1241 811 1293 et
842 1249 943 1293 meuse
965 1235 1044 1307 Majo
1074 1235 1253 1307 proclamata
1284 1237 1358 1292 sunt.
1408 1232 1460 1290 ln-

239 1340 419 1398 stitntionum
457 1345 561 1412 postea
599 1338 763 1398 additarum
805 1338 976 1410 gravissim
1014 1337 1227 1396 matrimonium
1263 1337 1348 1394 civile
1382 1317 1460 1410 quod

240 1440 348 1501 dicitur
369 1442 572 1516 obligatorium
588 1449 668 1501 erat.

328 1547 389 1604 Has
411 1546 501 1619 igitur
523 1547 604 1619 leges
627 1561 727 1604 omnes
751 1549 875 1618 urgente
897 1544 1074 1604 necessitate
1091 1544 1216 1618 quadam
1234 1543 1354 1604 consilio
1369 1543 1458 1616 plane

242 1649 381 1710 laudabili
403 1655 433 1709 et
452 1649 541 1708 nobili
563 1650 648 1708 datas
669 1665 749 1722 esse,
772 1665 825 1708 sno
844 1651 912 1724 jure
935 1665 1020 1708 nemo
1041 1647 1222 1722 initiabitur,
1244 1648 1300 1706 nisi
1322 1649 1372 1720 qni
1392 1648 1459 1706 uni-

240 1771 354 1814 versam
371 1753 475 1834 ¹illam,
509 1769 595 1826 quam
622 1769 710 1826 snpra
741 1753 952 1826 enarravimus,
976 1753 1110 1812 Jesuitici
1137 1753 1247 1826 ingenii
1274 1753 1305 1810 in
1332 1751 1459 1810 ecclesia

242 1857 374 1916 Romana
393 1858 546 1916 victoriam
569 1863 600 1916 et
619 1855 730 1916 tructus
753 1858 829 1931 ejus,
852 1856 1062 1930 blasphemam,
1086 1857 1166 1928 cujus
1181 1857 1355 1916 documenta
1377 1855 1457 1914 exbi-

241 1963 366 2035 buimue,
393 1961 522 2034 Papatus
544 1960 715 2034 apotheosin
738 1977 773 2019 ac
795 1961 900 2020 servile
924 1961 1091 2033 obsequium
1107 1960 1279 2020 Christianis
1292 1961 1456 2034 impositum

238 2066 352 2126 sincere
385 2065 624 2138 comprobaverit
680 2063 762 2136 Quod
795 2080 853 2124 non
883 2065 927 2123 ite
955 2063 1096 2138 diximus,
1132 2064 1215 2136 qnasi
1243 2079 1343 2124 omnes
1373 2063 1455 2135 leges

238 2169 303 2229 illas
332 2186 369 2228 ne
397 2187 455 2228 una
480 2168 597 2242 quidem
628 2175 752 2243 excepta
781 2169 963 2228 necessarias
990 2174 1021 2226 et
1050 2168 1264 2241 sapientissime
1291 2167 1454 2240 propositas

238 2279 326 2346 atque
357 2275 455 2332 omnia
484 2274 531 2332 vel
559 2273 590 2330 in
625 2273 745 2346 siugulis
774 2289 874 2331 earum
905 2272 1034 2330 formulis
1064 2271 1111 2330 vol
1138 2271 1169 2328 in
1199 2270 1376 2344 exsequendi
1404 2287 1454 2329 eas

238 2378 398 2436 rationibus
421 2377 508 2436 laude
531 2377 620 2448 digua
642 2391 706 2434 esse
730 2375 979 2434 contenderemus.
1015 2375 1050 2434 ld
1069 2376 1147 2434 inter
1168 2376 1304 2435 mortales
1326 2376 1415 2434 etiam
1437 2391 1455 2432 a

239 2483 355 2540 summis
382 2480 508 2554 ingeniis
535 2487 566 2538 et
595 2479 773 2553 probissimis
792 2479 921 2538 consiliis
943 2480 1108 2552 exspectari
1130 2496 1190 2538 non
1211 2483 1340 2552 poterat,
1369 2492 1454 2552 prae·

238 2585 339 2642 sertim
360 2591 427 2656 post
448 2583 551 2656 ingens
574 2583 696 2656 bellum,
719 2583 750 2640 in
772 2583 895 2656 imperio
922 2584 969 2641 vix
992 2583 1108 2644 condito
1131 2584 1268 2656 noveque
1290 2582 1404 2657 legibus
1424 2587 1455 2638 et

238 2687 466 2746 institutionibus
488 2685 657 2759 muniendo,
687 2685 890 2744 diversissimis
917 2689 1042 2762 negotiis
1064 2703 1099 2746 ac
1120 2688 1258 2761 periculis
1278 2686 1455 2746 irruentibus

238 2791 365 2864 undique
388 2797 420 2850 et
441 2790 664 2866 gnbemautinm
686 2791 797 2848 animos
811 2789 1047 2856 distrabmtibus.
1091 2791 1162 2850 Post
1174 2791 1336 2864 gravissimi
1350 2790 1455 2863 proelii

239 2895 399 2954 certamina
429 2895 547 2954 fortiter
573 2895 604 2951 in
632 2894 798 2952 universum
833 2899 864 2954 et
890 2895 1016 2967 gloriose
1044 2895 1132 2953 armis
1164 2894 1315 2954 decertata
1342 2895 1378 2966 ii,
1404 2893 1453 2964 qni

239 2998 317 3056 domi
344 2999 500 3071 tranquillo
524 2999 619 3056 animo
653 3014 753 3057 omnes
782 2991 961 3057 exercituum
992 3005 1085 3058 motus
1115 3001 1146 3056 in
1168 2999 1276 3058 chartis
1295 2997 1454 3069 descriptos

239 3104 414 3177 examinant,
438 3103 524 3162 facile
547 3101 695 3176 nonnulle,
718 3117 795 3174 quae
813 3104 880 3175 jure
903 3101 1027 3162 tortasse
1049 3103 1274 3178 reprehendant,
1296 3103 1454 3174 invenient,

237 3223 332 3280 neque
357 3213 514 3281 propterea
546 3223 578 3265 se
605 3207 697 3280 ipsos,
727 3207 752 3264 si
780 3207 882 3266 codem
904 3208 1035 3280 periculo
1057 3207 1244 3266 cncnmventt
1266 3212 1453 3280 pugnassent,

236 3329 298 3372 rem
335 3313 452 3384 melius,
491 3310 625 3385 arbitror,
656 3315 790 3384 gesturos
824 3309 913 3370 fnisse
948 3311 1158 3384 gloriabuntur.
1216 3310 1329 3368 Eodem
1357 3309 1454 3368 animo

238 3417 274 3475 de
301 3417 337 3473 iis
360 3414 494 3488 jndicare
516 3432 594 3474 nnnc
616 3413 718 3488 decet,
746 3431 823 3488 quae
849 3417 981 3474 meante
1004 3416 1082 3474 bello
1105 3415 1304 3474 ecclesiastico
1326 3429 1345 3471 a
1367 3427 1452 3486 pree·

238 3519 422 3578 stendssimie
449 3519 625 3578 Germaniae
657 3525 688 3578 et
713 3519 870 3578 Bornsaiae
901 3519 1078 3590 rectoribus,
1110 3525 1196 3594 prout
1218 3519 1281 3578 dies
1305 3516 1451 3591 pcamme

238 3624 399 3696 videbatur,
427 3623 505 3682 iacta
527 3631 601 3682 aunt
647 3621 869 3681 Intellibilitatis
887 3624 1011 3696 gloriam
1033 3624 1135 3682 civitas
1159 3623 1215 3682 sibi
1237 3637 1295 3680 non
1316 3621 1451 3680 vindicat.

241 3729 275 3788 iu
309 3728 422 3802 legibus
445 3727 549 3802 Maiis,
583 3728 607 3786 si
641 3743 753 3785 summa
791 3743 891 3786 earum
928 3744 947 3786 a
975 3727 1255 3786 Romanocatholicis
1284 3726 1452 3797 accipiatur,

240 3833 346 3906 corrigi
376 3837 407 3890 et
438 3832 566 3904 mitigari
602 3831 722 3904 singula·
746 3847 832 3904 posse
867 3833 983 3905 saepius
1012 3847 1180 3890 concessum
1206 3836 1261 3889 est.
1305 3827 1452 3888 Nonnulla
1506 3855 1510 3861 ¹

236 3939 369 4014 mitigata
389 3939 452 4010 jem
481 3943 557 3994 sunt
601 3937 704 4008 ltaque
730 3937 866 4008 quoniam
890 3937 1016 4010 judicari
1044 3937 1081 3995 de
1104 3936 1140 3994 iis
1162 3951 1283 3994 neeesse
1307 3939 1365 4008 est,
1387 3938 1453 4006 post

235 4051 282 4102 tot
302 4043 375 4102 alios
398 4042 487 4101 etiam
507 4056 560 4100 nos
581 4041 756 4100 sententiam
779 4047 916 4100 accurate
939 4048 971 4102 et
989 4041 1146 4116 diligenter
1166 4041 1355 4115 proferemus.

324 4147 364 4204 Et
385 4147 510 4220 primurn
531 4143 648 4218 quidem
669 4143 707 4202 ad
727 4161 827 4204 eorum
842 4148 1017 4206 senteutiam
1036 4145 1178 4205 accedere
1200 4161 1258 4204 non
1279 4143 1452 4216 dubitamus,

236 4251 286 4324 qni
306 4252 404 4324 legum
427 4252 485 4310 vim
508 4250 647 4322 maiorem
670 4248 797 4308 laturam
817 4249 908 4308 fuisse
930 4251 1113 4324 existimant,
1144 4251 1168 4308 si
1191 4249 1330 4308 Berussie
1348 4249 1379 4306 in
1401 4263 1450 4304 ex·

235 4353 393 4428 primendia
420 4353 596 4427 quibusdum
618 4369 719 4412 earnm
746 4353 876 4413 formulis
906 4371 1007 4428 parem
1036 4361 1123 4428 atque
1145 4354 1265 4413 Ansbia
1287 4353 1451 4411 cantionem

235 4465 266 4518 et
287 4460 575 4532 circumspectionem
595 4457 788 4531 adhibuissem
810 4460 853 4516 sie
876 4459 954 4517 enirn
976 4459 1065 4533 hanc,
1087 4475 1258 4532 quemqnam
1273 4456 1392 4516 duriora
1414 4441 1463 4514 ex⁴

235 4569 319 4640 parte
347 4563 425 4638 quod
451 4563 488 4622 ad
515 4580 577 4622 rem
602 4561 708 4620 attinet
736 4562 936 4640 imperaverit,
964 4569 1062 4622 tamen
1088 4563 1236 4640 graviores
1261 4567 1450 4638 tempestates
