3144 5092
694 273 781 328 Carur
799 271 832 326 V.
1342 275 1377 328 79

150 477 321 551 defuerunt,
344 475 397 554 qui
420 475 572 552 indignam
595 474 822 536 christianorum
844 475 975 534 virorum
993 481 1078 535 coetu
1096 475 1284 550 tyrannidem
1301 475 1378 536 Pon-

150 583 271 642 tificiam
290 583 462 660 saepissime
480 583 713 660 gravissimeque
731 588 936 660 quererentur,
960 587 1118 660 praeeunte
1137 582 1271 642 virilibus
1290 583 1377 642 dictis

150 692 216 769 ipso
243 691 423 768 Lothnringo
451 691 613 766 Cardinali,
645 691 818 769 priusquam
847 690 952 751 Curiae
979 690 1130 750 blanditiis
1158 691 1377 750 mansuefactus

151 803 204 858 est.
240 797 352 858 Eodem
375 797 472 858 animo
495 797 586 874 legati
605 797 712 858 Gallici
734 798 883 875 quondam
900 797 1136 875 postularenmt,
1159 803 1194 856 nt
1213 797 1378 858 Concilium

150 906 182 966 in
214 907 316 965 urbem
347 906 478 984 aliquam
506 904 692 980 Germaniae,
724 904 773 965 vel
802 904 1004 965 Constantiam
1035 905 1084 964 vel
1107 904 1297 964 Wcrmatiam
1330 905 1378 964 vel

150 1013 317 1089 Augustam
340 1012 571 1074 transferretur.1
607 1012 755 1072 Hervetus
776 1011 854 1071 idem
874 1011 979 1074 Gallus
1001 1012 1034 1071 in
1051 1012 1236 1072 nobilissima
1254 1011 1379 1089 epistola

150 1120 188 1178 ad
210 1119 399 1197 Alphonsum
422 1119 622 1180 Salmeronem
650 1126 679 1180 et
701 1120 842 1180 Jacobum
864 1119 972 1180 Lainez
995 1118 1123 1180 Jesuitas
1151 1118 1261 1196 scripta
1286 1119 1378 1196 signi·

151 1228 232 1300 licat,
255 1233 434 1287 conventum
457 1227 662 1288 Tridentiuum
685 1245 745 1287 non
768 1245 834 1288 esse
857 1227 1025 1312 Concilium
1046 1227 1187 1301 liberum,
1211 1227 1263 1286 sed
1285 1225 1379 1286 mani-

151 1336 257 1395 festem
279 1335 459 1396 asseclarum
484 1335 589 1406 Curiae
611 1335 759 1395 Romanae
787 1335 1063 1412 conspirationem.2
1108 1333 1211 1412 Neque
1234 1334 1320 1393 aliter
1341 1334 1378 1394 do

150 1442 254 1502 eodem
277 1442 422 1518 Concilio,
450 1443 544 1502 multo
568 1448 636 1520 post
658 1461 748 1520 quarn
770 1443 887 1502 decreta
914 1443 979 1518 ejus
1001 1461 1019 1501 a
1041 1441 1184 1502 Pontifice
1209 1442 1379 1502 confirmata

151 1555 235 1624 suut,
258 1550 337 1610 idem
355 1550 516 1625 Hervetus,
539 1549 723 1628 Espenseus,
747 1549 893 1628 multique
915 1549 967 1608 alii
985 1550 1097 1626 egregii
1115 1550 1171 1608 viri
1189 1548 1280 1609 locuti
1300 1554 1377 1608 sunt.

150 1657 199 1716 Ex
221 1657 329 1735 quibus
352 1657 441 1718 unius
464 1659 553 1718 rerba
574 1659 707 1732 afferam,
735 1657 860 1716 Dudithi
883 1657 1024 1716 nimirum
1051 1657 1222 1734 probissimi
1245 1656 1379 1717 doctissi-

151 1764 252 1842 mique
274 1765 406 1843 episcopi
425 1763 715 1843 Quinqueeclesieni,
739 1764 790 1842 qui
808 1764 958 1824 liberrime
976 1765 1123 1842 quondam
1143 1763 1275 1824 Tridenti
1297 1763 1379 1824 locu·

151 1876 200 1930 tus
223 1873 331 1948 fuerat,
359 1873 449 1950 idque
472 1891 531 1932 non
555 1872 619 1933 sine
646 1872 778 1950 periculo
806 1873 858 1932 sed
881 1875 1032 1949 protectus
1059 1889 1181 1932 munere
1204 1871 1327 1932 oratoris
1350 1877 1380 1931 et

151 1979 312 2038 consiliarii
337 1980 471 2040 Caesarei
494 1980 665 2056 insignique
688 1997 746 2056 quo
769 1979 848 2056 apud
871 1979 1024 2038 dominum
1048 1979 1178 2056 pollebat
1200 1979 1306 2038 favore.
1347 1977 1378 2038 Is

150 2091 253 2164 postea
271 2088 308 2146 ad
326 2086 561 2146 llaximilianum
575 2086 614 2146 Π.
630 2086 840 2164 Imperatorem
859 2087 978 2163 scripsit
996 2104 1072 2164 quae
1090 2086 1168 2144 infra
1185 2086 1282 2163 posita
1300 2091 1378 2146 sunt.

259 2192 370 2268 ‚Quum
389 2193 521 2253 Tridenti
544 2211 686 2254 numerus
709 2198 824 2253 tautrrm
847 2193 977 2270 prodiret
998 2193 1031 2252 in
1053 2193 1159 2268 aciem,
1183 2211 1242 2272 quo
1260 2192 1379 2270 longius

48 2295 50 2298 ’
151 2301 304 2361 inferiores
336 2301 428 2362 futuri
460 2303 635 2377 fuissemus,
667 2301 699 2360 in
727 2301 837 2378 optima
869 2319 957 2360 causa
983 2301 1109 2362 victores
1141 2300 1291 2360 discedere
1319 2318 1380 2360 uon

151 2409 311 2486 potuimus.
345 2409 478 2486 Singulis
497 2415 631 2469 nostrum
650 2415 789 2469 centenos
812 2410 849 2469 de
872 2409 935 2468 suis
953 2409 1035 2486 Papa
1052 2410 1149 2486 potuit
1167 2425 1322 2485 opponere,
1345 2426 1380 2467 ac

153 2517 179 2576 si
202 2517 319 2576 centeni
342 2535 447 2594 parum
469 2517 557 2576 multi
580 2517 762 2591 viderentur,
790 2521 912 2593 repente
938 2516 1022 2576 mille
1049 2533 1147 2576 creare
1169 2515 1277 2593 potuit,
1306 2533 1379 2592 quos

152 2624 216 2684 suis
238 2623 438 2685 laborantibus
462 2623 593 2684 subsidio
616 2625 754 2684 mitteret.
791 2623 895 2701 Itaque
918 2624 1018 2684 videre
1041 2628 1115 2696 erat,
1139 2623 1270 2701 quotidie
1288 2624 1379 2682 farne-

151 2731 225 2792 licos
256 2737 287 2792 et
313 2738 434 2809 egentes
466 2733 632 2810 episcopos,
665 2749 704 2792 ex
730 2732 834 2809 maiori
866 2737 949 2809 parte
980 2731 1147 2792 barbatrdos
1179 2730 1379 2790 adolescentes

153 2838 286 2917 luxuque
308 2840 438 2917 perditos
462 2839 634 2899 Tridentum
657 2839 792 2914 volitare,
820 2840 985 2900 conductos
1007 2840 1044 2899 ad
1072 2838 1248 2900 sententiam
1277 2856 1379 2898 secun·

153 2946 224 3005 dum
250 2947 348 3024 Papae
376 2948 558 3006 voluntatem
585 2947 753 3020 dicendam,
785 2947 918 3006 indoctos
946 2946 1015 3006 illos
1043 2947 1163 3024 quidem
1191 2951 1220 3006 et
1248 2944 1379 3018 stolidos,

153 3053 205 3112 sed
232 3059 330 3113 tamen
362 3053 546 3130 impudentia
577 3057 607 3112 et
638 3053 759 3112 audacia
785 3053 883 3112 utiles.
917 3087 959 3096 —
993 3051 1104 3112 Graves
1131 3057 1161 3112 et
1188 3052 1296 3111 eruditi
1324 3050 1379 3110 viri

152 3165 263 3220 terrore
290 3165 320 3220 et
346 3160 436 3219 minis
467 3164 502 3218 ut
527 3177 587 3218 non
615 3158 684 3217 boni
716 3157 852 3218 catholici
883 3158 922 3216 ad
948 3158 1131 3235 probandum
1163 3175 1239 3234 quae
1265 3157 1380 3218 nollent

153 3267 387 3328 traducebantur.
433 3265 470 3326 In
498 3283 626 3326 summa:
660 3265 692 3324 in
719 3283 788 3324 eum
815 3269 925 3324 statum
954 3282 1003 3324 res
1030 3269 1076 3324 est
1102 3264 1228 3323 adducta
1255 3264 1379 3323 istorum

153 3375 352 3453 improbitate,
384 3393 444 3434 non
466 3379 500 3433 ut
523 3373 741 3450 episcoporum,
775 3372 827 3432 sed
853 3371 1014 3446 larvamrm,
1047 3389 1107 3431 non
1133 3369 1299 3446 hominum,
1327 3369 1380 3431 sed

154 3483 390 3556 simulacrorum,
414 3499 489 3560 quae
512 3481 612 3540 nervis
635 3484 790 3540 morentur
812 3479 931 3554 alienis,
954 3484 988 3539 ut
1006 3479 1128 3539 Daedoli
1152 3483 1266 3538 statuae
1284 3479 1380 3538 molae

153 3590 246 3650 fuisso
268 3591 473 3668 perhibentur,
496 3589 656 3650 concilium
678 3587 754 3647 illud
776 3587 933 3647 videretur.
974 3586 1067 3647 Erant
1089 3585 1220 3664 episcopi
1243 3585 1288 3644 illi
1310 3603 1379 3646 oon-

153 3697 274 3758 ductieii
301 3697 435 3776 plerique
462 3701 496 3756 ut
522 3701 616 3772 utres,
644 3696 822 3756 rusticorum
849 3694 997 3754 musicum
1024 3694 1268 3768 instrumentum,
1296 3710 1379 3770 quoe,

155 3811 187 3866 ut
205 3823 305 3866 vocem
327 3805 457 3880 mittant,
481 3804 584 3864 inflare
602 3821 723 3864 necesso
741 3807 794 3862 est
835 3801 919 3860 Nihil
942 3801 1044 3861 habuit
1066 3817 1134 3860 curn
1157 3799 1209 3859 illo
1232 3805 1379 3860 consentu

154 3913 277 3990 spiritus
305 3917 425 3972 sanctus
452 3911 632 3984 commercii,
665 3909 762 3969 omnia
790 3915 874 3968 erant
901 3908 1029 3967 humana
1056 3907 1192 3982 consilia,
1222 3924 1298 3984 quoe
1325 3907 1379 3965 irn-

153 4021 267 4080 modioa
298 4020 476 4080 Pontificum
507 4017 706 4078 dominatione
741 4017 851 4076 tuenda
882 4016 1136 4076 consumebantur.
1193 4013 1380 4074 Cursitabant

263 4283 289 4353 r)
308 4281 418 4352 eaptus
435 4281 454 4336 1.
465 4299 487 4337 ο.
506 4280 551 4335 un.
562 4279 623 4335 vn.

261 4391 289 4460 2)
308 4391 388 4460 Apud
406 4389 560 4444 Ricborium
578 4389 595 4442 l.
610 4405 632 4442 o.
652 4405 677 4457 p.
692 4387 850 4442 109-120.
870 4387 903 4442 cf.
922 4405 948 4456 p.
960 4387 1019 4441 121.
1047 4385 1182 4456 Epistolae
1200 4383 1273 4440 illius
1291 4384 1380 4440 locum

155 4481 287 4550 quendum
301 4481 379 4536 attuli
392 4481 420 4536 in
435 4479 655 4536 commentatione
672 4493 733 4532 mea
745 4479 778 4532 do
790 4477 970 4532 Romamarum
988 4479 1016 4530 et
1031 4476 1247 4532 Germanicarum
1261 4475 1381 4546 gentium

155 4571 312 4626 commercio
335 4589 360 4642 p.
377 4571 419 4628 20.
