3144 5092
666 320 754 374 Carur
772 321 805 374 V.
1317 325 1352 378 60

109 417 166 423 --.
181 415 338 421 ——-.-—-
348 415 829 424 ——m—u——ss
1144 418 1353 425 -ψ--ή---ῌ

102 529 179 582 tam
205 523 283 583 claro
306 522 509 600 descripsisse,
532 528 567 582 ut
589 523 714 602 quilibet
736 542 771 584 ea
794 524 1013 601 deprehendere
1036 527 1065 584 et
1088 543 1191 584 cavere
1216 529 1351 604 possent;

104 631 231 706 majora
262 649 328 690 esse
360 632 425 706 ejus
457 631 581 690 consilia
613 649 702 709 quam
734 650 809 708 quaa
841 632 975 709 plerique
1007 632 1220 710 perspicerent3
1253 633 1352 710 itaquo

106 739 257 798 ferendos
290 756 355 798 esse
388 738 540 798 homiuum
574 741 747 799 sermones‘
793 738 936 799 Similiter
963 745 1035 799 trino
1062 740 1140 798 haud
1169 740 1268 816 pauci,
1301 739 1353 817 qui

107 845 344 905 Pontificiorum
368 845 514 905 scelerum
536 850 628 906 testes
651 846 781 920 fucrant,
806 847 915 906 summi
938 847 1008 922 viri,
1032 847 1252 921 Melanchthon,
1276 847 1352 907 Pon-

108 958 222 1027 tanus,
254 953 306 1011 alii
334 953 512 1028 sentiebant,
545 953 684 1013 similiter
710 958 825 1030 postea,
858 953 960 1013 eadem
992 954 1104 1014 scelera
1134 955 1188 1014 illa
1218 959 1353 1014 accurate

109 1060 310 1136 perscrutati,
334 1060 503 1136 probissimi
526 1079 625 1120 rerum
648 1065 799 1138 gastaurm
822 1061 988 1138 scriptores.
1025 1061 1072 1120 Ex
1095 1061 1143 1121 his
1166 1079 1259 1120 rmum
1278 1061 1352 1122 Slei-

111 1168 232 1226 danum
254 1169 385 1243 afferam,
414 1167 466 1244 qui
493 1167 649 1228 desaevis
676 1167 739 1226 illis
766 1187 800 1228 ac
827 1168 947 1228 rusticis
970 1168 1092 1228 Lutheri
1121 1169 1252 1228 dicteriis
1275 1169 1352 1228 ludi-

112 1275 239 1352 crisquo
261 1275 303 1333 ita
318 1275 444 1350 judicat:
469 1275 564 1349 ,Haec
581 1275 716 1353 plerique
734 1277 873 1335 taxabant
890 1279 924 1335 ut
942 1295 1046 1354 parurn
1064 1277 1130 1353 ipso
1149 1277 1238 1352 digua
1256 1295 1353 1354 nequo

113 1383 193 1442 satis
212 1382 390 1458 verecunda;
415 1382 467 1442 sed
486 1399 556 1442 suas
578 1382 643 1460 ipse
661 1383 790 1442 rationes
808 1383 945 1458 habebat,
968 1385 1158 1461 quamobrem
1176 1384 1218 1442 ita
1235 1385 1352 1458 faceret,

114 1494 147 1549 ct
171 1490 292 1566 longius
315 1490 483 1567 prospicere
506 1489 683 1568 eredelatur;
712 1495 831 1549 exstant
852 1490 984 1568 alioquin
1011 1491 1043 1549 in
1065 1491 1149 1550 illius
1172 1491 1256 1551 libris
1279 1491 1352 1550 rati-

115 1598 199 1657 cinia
222 1597 316 1656 multa
343 1597 380 1657 de
406 1597 495 1657 rebus
523 1598 720 1673 gravissimis,
749 1615 874 1676 quorum
901 1597 1045 1657 nonnulla
1068 1598 1131 1675 jam
1153 1599 1353 1675 comprobavit

115 1710 256 1778 eventus,
279 1704 393 1782 reliqua
416 1709 487 1765 suut
508 1705 605 1764 adhuc
627 1706 659 1764 in
681 1724 772 1764 manu
795 1705 851 1765 Dei
873 1705 1006 1782 positusl

228 1811 310 1886 Quae
333 1831 422 1890 quam
443 1817 523 1872 recte
546 1812 674 1889 insignis
697 1812 822 1890 scriptor
845 1813 966 1887 dixerit,
990 1831 1044 1872 nos
1067 1813 1132 1890 ipso
1155 1813 1264 1872 clarius
1287 1831 1352 1890 per-

117 1920 237 1997 spicere
264 1937 432 1998 possumus.
482 1919 601 1979 Etenim
628 1938 682 1980 nos
709 1921 825 1994 eadem,
858 1937 933 1998 quae
960 1919 1110 1979 Lutherus
1141 1921 1178 1979 ad
1206 1938 1353 1979 summam

117 2028 269 2087 Romanae
292 2027 434 2088 ecclesiae
452 2027 570 2086 ruinam
588 2027 735 2105 quondam
755 2028 855 2087 futtuo
872 2044 938 2086 esse
957 2026 1173 2103 praeviderat,²
1195 2027 1227 2085 in
1241 2027 1352 2086 Vatici-

117 2135 169 2194 nia
192 2135 335 2196 Vaticano
363 2136 440 2195 iacta
467 2135 553 2212 quasi
580 2134 674 2194 oculis
702 2135 812 2194 nostris
834 2134 1104 2194 animadvertimus.
1150 2134 1206 2194 His
1235 2134 1352 2209 similia,

119 2243 263 2319 gravioris
286 2243 403 2302 futruae
427 2241 578 2302 servitutis
601 2241 789 2319 praenuntia,
812 2241 878 2319 ipse
901 2241 1059 2302 Sleidanus
1079 2242 1142 2318 jam
1164 2241 1196 2300 in
1219 2242 1353 2319 patribus

120 2350 316 2424 Tridentinis,
339 2351 375 2409 ad
395 2367 469 2428 quos
492 2349 570 2410 inter
586 2349 817 2410 Protestantium
839 2349 952 2426 legatos
970 2353 1103 2424 venerat,
1126 2367 1266 2426 praesens
1285 2367 1353 2410 cou-

121 2458 265 2534 spicatus,
293 2437 383 2536 quam
409 2461 544 2518 accurate
571 2457 721 2517 Lutherus
748 2456 970 2516 Pontificiorum
997 2456 1162 2532 machinas,
1191 2457 1228 2516 ad
1255 2457 1353 2534 oppri-

121 2566 257 2625 mendam
275 2566 445 2643 peripsum
466 2565 631 2626 Concilium
650 2564 816 2625 universale
834 2564 998 2624 libertatem
1018 2565 1210 2624 christianam
1227 2569 1352 2642 paratas,

123 2673 285 2732 detexisset
302 2674 392 2750 probe
410 2678 593 2750 cognoverat.
631 2672 712 2747 Quae
735 2673 888 2732 machinae
906 2672 1009 2751 quales
1028 2673 1139 2733 fuerim
1161 2677 1191 2732 et
1210 2677 1354 2750 quantum

123 2779 253 2839 Tridenti
286 2781 448 2856 offecerint,
480 2781 512 2840 id
539 2781 629 2841 certis
661 2781 846 2841 documentis
879 2781 1079 2842 demonstrare
1110 2781 1204 2840 nostri
1237 2799 1355 2858 quoque

126 2888 215 2947 officii
237 2887 300 2948 erit.

661 3025 762 3110 Caput
784 3025 823 3089 V.

230 3174 353 3234 Carolus
376 3173 413 3232 V.
441 3173 479 3231 ad
506 3172 706 3249 reprimenda,
734 3189 809 3249 quae
836 3171 888 3230 illo
916 3172 1015 3230 seculo
1038 3171 1189 3248 vigebant,
1217 3172 1354 3232 ecelesia-

128 3282 216 3341 sticae
248 3281 462 3340 reformationis
495 3279 593 3340 studia
624 3279 732 3356 partim
764 3279 829 3356 ipse
862 3295 915 3338 sua
947 3283 1064 3355 sponte,
1102 3279 1209 3354 partim
1242 3278 1354 3339 invitus

127 3389 285 3466 plurimum
308 3389 442 3448 contulit.
489 3387 525 3446 In
548 3387 713 3446 adhibenda
735 3386 779 3460 vi,
808 3391 842 3444 ut
863 3385 1045 3444 hierarchiae
1067 3385 1166 3444 unitas
1190 3392 1355 3445 servaretur

128 3502 156 3555 ot
176 3496 319 3556 libertatis
343 3495 529 3572 evangelicae
556 3499 788 3572 propugnatores
811 3493 875 3553 sedi
897 3491 1007 3552 Romae
1030 3493 1257 3570 subjicerentur,
1286 3512 1354 3553 cum

129 3622 184 3662 non
206 3605 291 3664 modo
314 3603 470 3680 adjurasse
488 3602 660 3662 Pontificios
679 3602 731 3661 sed
750 3601 836 3660 etiam
856 3600 1035 3660 aemulatum
1054 3617 1119 3660 esse
1138 3619 1228 3678 supra
1245 3619 1354 3660 momo-
1384 3599 1387 3604 ’

129 3711 261 3770 ravimus.
300 3709 382 3784 Quod
402 3729 472 3770 vero
490 3710 545 3769 hae
563 3714 662 3787 partes
680 3714 792 3768 tantam
810 3709 843 3766 in
862 3707 993 3767 Concilio
1013 3707 1184 3766 Tridentino
1203 3707 1354 3766 victoriam

130 3823 346 3895 reportaverunt
373 3823 403 3877 et
429 3821 512 3876 tanta
538 3817 689 3876 duxerunt
715 3816 827 3874 roboris
855 3814 1047 3889 incrementa,
1075 3815 1107 3874 id
1134 3819 1234 3874 eontra
1259 3815 1355 3891 ipsius

132 3925 305 3983 uoluntatem
330 3925 382 3982 sed
405 3943 464 3982 non
488 3923 552 3982 sinc
575 3925 671 4000 ipsius
694 3923 782 3998 culpa
804 3923 914 3980 factum
938 3927 991 3980 est
1377 3913 1379 3920 ’

235 4029 358 4090 Carolus
385 4031 423 4090 de
449 4031 598 4106 pluribus,
626 4047 716 4106 quam
743 4028 878 4106 plerique
905 4028 1075 4105 opinantur,
1102 4029 1190 4088 robus
1219 4029 1357 4088 similiter

136 4136 273 4196 sentiebat
300 4143 389 4214 atque
411 4137 570 4196 Lutherus,
615 4135 717 4213 Ipsam
739 4134 868 4194 maxime
892 4134 1010 4194 Curiam
1033 4135 1195 4194 Romanam
1218 4137 1356 4196 reformo-

132 4244 203 4303 tionc
240 4261 328 4320 egere
355 4243 618 4321 persuasissimum
644 4243 781 4317 habebat,
820 4241 898 4320 quod
923 4241 985 4317 jam
1012 4247 1230 4320 praeceptorem
1258 4261 1356 4316 suum,

237 4438 263 4506 1)
282 4435 537 4491 Commentariorum
555 4433 599 4488 lib.
614 4433 682 4488 XIV
700 4451 726 4503 p.
741 4433 795 4489 469
814 4433 866 4502 (ed.
879 4435 1039 4502 argentos).
1078 4433 1115 4488 Cf.
1136 4433 1221 4489 simile
1240 4433 1355 4489 Seelen-

134 4525 211 4580 dorffii
227 4524 360 4594 judicium
382 4541 408 4594 p.
423 4525 476 4580 556
491 4539 512 4578 s.

232 4615 259 4684 2)
279 4613 312 4668 V.
331 4629 413 4684 supra
430 4631 455 4684 p.
471 4613 531 4668 216.
