3194 5042
662 311 750 367 Carur
767 312 801 367 V.
1293 317 1344 371 145

123 525 129 532 '
224 513 271 574 Ex
303 515 352 575 his
384 515 521 575 omnibus
552 519 685 594 apparat,
717 534 787 576 cum
813 514 937 576 Erasmo
964 515 1130 578 Galilaeum
1161 517 1194 576 in
1221 517 1346 578 ecclesia

101 621 393 682 Romanoeatholioa
420 623 582 684 subsistere
608 622 751 699 voluisse,
784 642 962 702 quamquam
993 625 1185 685 adhaerentes
1212 625 1345 702 ejusdem

102 730 361 806 gubernatoribus
389 748 501 792 errores
527 730 605 790 clare
627 737 826 809 perspexerat.
873 730 952 806 Quos
975 749 1087 792 errores
1110 737 1144 792 ut
1166 738 1345 809 agnosceret,

102 855 177 897 non
208 837 295 898 ahter
325 838 391 915 ipse
422 839 455 898 in
487 838 613 898 naturali
645 838 790 914 doctrina,
827 845 917 917 atque
952 839 985 898 in
1017 839 1166 917 spirituali
1198 840 1346 918 quondam

102 944 280 1020 Lutherus,
304 946 496 1020 ,conscientia
518 951 548 1006 et
570 947 753 1023 experientia
775 951 886 1008 rerum‘
909 952 1027 1008 coactus
1045 953 1098 1008 est
1140 945 1239 1022 Quum
1257 948 1346 1008 etiam

104 1052 335 1112 Ferdinandum
353 1053 392 1113 Π.
411 1053 635 1131 Imperatorem,
658 1054 771 1132 inquo
795 1073 879 1132 spem
902 1055 986 1114 initio
1009 1060 1160 1132 posuerat,
1183 1074 1201 1114 a
1223 1055 1345 1116 JesuitIs

105 1165 212 1220 totum
239 1161 367 1237 pendere
394 1161 598 1240 comperisset,
627 1180 661 1222 eo
688 1162 783 1239 magis
807 1161 1009 1222 Protestautes
1036 1163 1203 1238 tyrannidis
1230 1163 1345 1240 papalis

103 1267 222 1344 jugum
250 1285 410 1328 excussum
439 1287 505 1330 esse
537 1275 567 1330 et
598 1269 764 1330 libertatem
795 1270 986 1330 christianam
1017 1269 1161 1330 vindicari
1192 1271 1344 1347 gaudebat.

106 1375 151 1434 Id
176 1375 248 1435 satis
276 1381 377 1453 aperte
404 1376 571 1454 significare
597 1395 658 1437 non
684 1376 829 1437 dubitavit
855 1377 888 1437 in
915 1377 1040 1455 epistola
1066 1378 1103 1437 ad
1127 1377 1346 1455 Berneggerum

108 1482 191 1541 data.
238 1481 296 1557 Qui
324 1503 416 1562 quum
442 1484 539 1562 ipsius
566 1489 670 1562 rogatu
698 1485 831 1561 dialogos
862 1485 900 1545 de
927 1489 1088 1561 systemate
1120 1486 1223 1545 mundi
1254 1485 1347 1546 latine

109 1595 231 1650 vertere
253 1591 432 1676 coepisset,¹
454 1592 559 1669 gratiis
581 1591 720 1652 maximis
744 1593 771 1652 ei
795 1593 883 1653 dictis
905 1593 943 1653 de
965 1593 1060 1654 turbis
1083 1597 1113 1654 et
1132 1593 1346 1668 vexationibus,

110 1697 226 1774 quibus
249 1716 409 1775 percussus
437 1705 528 1772 esset,
556 1699 673 1760 locutus
701 1705 754 1760 est
801 1700 896 1777 Tunc,
925 1699 982 1776 ,Ne
1006 1701 1048 1761 sis
1071 1701 1212 1776 nescius‘,
1239 1701 1345 1780 inquit,

111 1804 206 1880 ,liber
227 1805 289 1881 hic,
317 1824 406 1884 quem
428 1807 503 1867 tanti
525 1813 626 1886 putas,
653 1809 706 1868 vix
728 1808 827 1868 lucem
849 1809 998 1886 adspexit,
1027 1827 1120 1887 quum
1147 1809 1221 1868 mihi
1249 1808 1345 1868 subito

112 1913 226 1974 obortis
253 1914 383 1974 invidiae
409 1915 538 1976 tenebrIs
568 1916 654 1976 triste
680 1916 829 1976 inhorruit
855 1916 983 1991 coelum,
1016 1921 1046 1976 et
1077 1917 1158 1976 sensi
1190 1916 1267 1976 circa
1297 1933 1346 1976 me

112 2021 281 2096 fragoribus
309 2022 407 2082 omnia
435 2023 529 2101 quati;
562 2041 618 2083 neo
646 2023 742 2083 solum
773 2023 833 2083 tela
860 2041 950 2082 manu
977 2024 1054 2083 facta
1080 2024 1113 2082 in
1140 2041 1187 2083 me
1214 2027 1346 2082 contorta

114 2132 200 2202 sunt,
237 2129 289 2188 sed
321 2129 442 2190 coelesti
474 2130 563 2191 etiam
597 2130 723 2190 fulmine
754 2131 873 2190 afflatus
907 2135 997 2208 atque
1027 2131 1181 2190 ambustus
1212 2131 1345 2190 nondum

114 2234 206 2312 plane
236 2235 357 2296 vincula
388 2241 418 2296 et
449 2237 550 2297 sordes
582 2237 676 2313 evasi,
713 2238 765 2298 sed
796 2238 894 2297 adhuc
925 2243 1058 2298 catenam
1090 2238 1186 2312 traho,
1223 2237 1256 2296 in
1286 2237 1345 2298 mei

115 2342 229 2419 praedii
257 2344 417 2404 suburbani
444 2344 683 2422 circumscriptas
708 2345 861 2422 angustias
883 2344 1039 2422 relegatus.
1085 2343 1153 2405 Non
1175 2351 1274 2405 tamen
1296 2345 1345 2404 his

116 2450 264 2526 angustiis
292 2450 413 2511 eliditur
439 2457 491 2511 out
518 2452 701 2512 conhahitur
722 2452 852 2528 animus,
880 2471 938 2532 quo
960 2453 1069 2513 liberas
1095 2453 1218 2530 utroque
1240 2453 1346 2529 dignas

116 2557 309 2633 cogitationes
336 2577 453 2637 semper
480 2559 566 2636 agito.
596 2594 637 2604 —
669 2559 757 2620 Modo
780 2559 861 2620 Deus
888 2561 965 2620 hanc
987 2560 1078 2620 animi
1101 2559 1347 2638 tranquillitatem

116 2664 192 2724 mihi
213 2671 387 2742 perpetuam
410 2666 510 2744 faciat,
538 2667 636 2727 animo
659 2686 777 2747 quoque
799 2686 848 2728 me
870 2686 987 2746 semper
1009 2668 1094 2728 beata
1115 2667 1250 2728 libertate
1273 2667 1346 2727 frui-

117 2776 218 2832 turum
240 2773 392 2834 10111110.ι2

225 2879 375 2941 Galilaeus
402 2882 492 2941 etiam
518 2883 624 2942 talium
652 2882 888 2943 Christianorum
920 2883 1157 2960 evangelicorum
1190 2883 1288 2943 studia
1314 2901 1349 2943 ac

120 2987 207 3046 rerba
225 2989 305 3048 haud
323 3007 413 3066 parvo
433 2989 489 3049 sibi
508 2989 613 3050 solatio
631 2989 725 3050 fuisse
743 2990 863 3067 saepius
881 2991 996 3050 latetur.
1034 2990 1252 3066 Berneggerus,
1276 2989 1347 3049 belli

122 3093 288 3156 Germanici
315 3097 475 3157 terroribus
503 3097 568 3174 ipse
594 3097 806 3172 circumdatus,
833 3097 872 3156 ad
898 3097 1054 3174 epistolam
1081 3097 1165 3156 illam
1190 3097 1268 3156 inter
1290 3096 1348 3155 ulia

120 3203 192 3262 haec
209 3204 375 3282 rescripsit:
399 3204 494 3280 ,Deus
512 3205 580 3280 tibi,
603 3205 703 3264 divine
722 3222 827 3280 senex,
850 3204 969 3281 longam
987 3204 1237 3282 tranquillamque
1255 3204 1347 3263 vitam

121 3310 273 3387 largiatur,
301 3316 335 3371 ut
362 3317 513 3389 superstes
542 3312 585 3372 sis
608 3311 711 3372 amicIs
734 3311 808 3386 tuis,
837 3317 988 3389 superstes
1011 3311 1227 3372 calamitatibus
1250 3309 1347 3389 publi-

123 3417 177 3492 cis,
204 3435 280 3496 quae
307 3419 505 3479 miserabilem
531 3419 564 3478 in
588 3419 708 3478 modum
735 3423 778 3479 tot
804 3437 858 3496 per
880 3437 972 3479 armos
1000 3420 1098 3479 orbem
1124 3423 1257 3479 nostrum
1280 3435 1347 3478 oon·

123 3525 274 3585 cudunt‘s
323 3526 406 3587 Idem
434 3527 639 3604 Berneggerus
671 3527 704 3586 in
735 3526 860 3604 epistola
891 3526 928 3586 ad
959 3525 1120 3587 Robertum
1146 3525 1347 3602 Robertinum,
1451 3558 1455 3566 ·
1575 3547 1579 3558 ’

124 3650 209 3710 quam
232 3633 320 3710 paulo
338 3639 406 3712 post
423 3634 536 3712 publici
556 3633 633 3710 juris
652 3633 735 3710 lecit,
757 3634 795 3694 de
814 3633 945 3695 Galilaeo
968 3633 1088 3711 scripsit
1108 3633 1193 3694 haec:
1218 3633 1350 3709 ,Sufficit

124 3739 168 3798 illi
188 3739 220 3799 in
243 3741 299 3801 hoc
321 3747 453 3820 tempore
472 3741 619 3818 judicium
642 3741 792 3802 saniorum
810 3759 983 3819 paucorum3
1007 3741 1087 3820 apud
1104 3747 1237 3819 posteros
1255 3759 1349 3819 quum

126 3849 339 3909 obtrectationis
357 3849 470 3908 insidia
487 3849 658 3924 decesserit,
673 3848 948 3910 luculentissimum
966 3849 1129 3908 industriae
1147 3848 1349 3909 testimonium

125 3963 321 4016 consecuturo.
368 3955 453 4032 Quod
476 3957 556 4017 enirn
579 3957 794 4017 Demosthenes
816 3957 853 4016 de
876 3957 963 4016 rebus
986 3957 1079 4032 gestis
1102 3961 1235 4016 veterum
1257 3955 1348 4015 Athe-

126 4063 269 4123 niensium
288 4063 384 4125 dicere
403 4065 523 4140 solebat,
541 4064 723 4124 laudatorem
740 4063 778 4124 iis
797 4064 921 4141 dignum
939 4081 1006 4124 esse
1024 4063 1208 4124 solummodo
1222 4069 1349 4141 tempus,

127 4170 155 4230 id
180 4171 217 4232 de
243 4191 349 4249 magno
377 4191 495 4252 quoque
522 4171 654 4234 Guliloeo
682 4189 741 4233 non
768 4171 895 4232 absurde
921 4171 1165 4249 pmnuntiaveris.
1211 4170 1351 4232 Hostium

231 4347 257 4414 1)
276 4346 334 4402 Hos
353 4362 370 4400 a
386 4345 555 4418 Berneggoro
573 4363 672 4416 neque,
695 4349 728 4400 ut
745 4345 865 4402 nonnulli
883 4348 989 4416 putant,
1013 4345 1165 4400 aDeodato
1188 4344 1270 4400 latino
1293 4361 1350 4400 ser·

128 4451 198 4490 mone
217 4451 277 4490 esse
295 4436 412 4490 redditos
431 4435 608 4491 certissimum
628 4439 676 4490 est.
714 4435 753 4492 Ol.
773 4435 870 4489 ibidem
889 4435 942 4490 Vll
960 4435 1002 4490 52.
1022 4437 1065 4490 53.
1088 4433 1117 4490 X
1137 4433 1189 4489 178
1202 4451 1238 4490 ss.

229 4525 256 4596 2)
275 4526 378 4580 Ibidem
397 4526 451 4581 VII
470 4527 504 4581 53
524 4527 560 4598 (d.
578 4525 662 4581 XVII
678 4543 714 4580 m.
734 4527 803 4596 Aug.
822 4541 846 4581 a
868 4526 957 4596 1634).

230 4617 258 4684 3)
277 4616 379 4671 Ibidem
397 4615 426 4670 X
446 4617 505 4672 179.

169 4721 375 4767 Schlottmsnni
393 4723 496 4766 Erasmus
509 4722 621 4766 reditium
639 4721 668 4766 11.
1158 4723 1192 4780 10
