3176 5064
654 317 747 367 Garun
764 315 822 366 XV.
1294 317 1343 371 351

122 533 212 585 retur
234 543 269 586 aa
292 527 352 585 suis
375 525 492 586 taudem
512 525 719 600 depingeretur
744 523 901 601 coloribus,
923 527 971 599 qui
994 532 1075 598 sunt,
1098 533 1130 585 ut
1152 529 1206 603 ait,
1229 529 1345 588 inscitia

124 637 159 688 ct
181 630 300 689 malitia.
337 630 482 689 Summam
502 631 577 689 enim
597 645 680 689 meae
701 629 848 689 doctrinae
865 631 939 689 hanc
954 646 1019 689 esse
1036 622 1115 711 (utar
1130 631 1226 690 verbis
1240 626 1344 714 illins):

124 735 269 794 Doctrina
290 733 412 794 Lutheri
437 735 567 794 haeresis
589 741 646 808 est,
674 735 742 808 quia
764 733 902 792 damnata
924 749 943 791 a
965 733 1091 793 Caesare
1115 741 1145 794 et
1168 735 1263 810 Papa3
1292 753 1345 795 sua

124 855 199 897 vero
226 844 271 897 est
300 839 470 913 orthodoxa,
498 841 564 912 quia
595 837 723 912 episcopi
754 843 785 896 et
815 837 992 912 cardinales,
1023 839 1169 913 principes
1201 845 1231 898 et
1260 856 1345 914 reges

124 944 249 1002 mittunt
272 950 302 1003 et
325 944 435 1002 donant
458 945 485 1002 ei
509 959 600 1002 aurea
622 944 733 1016 pocula.
770 943 800 1003 Si
822 943 900 1002 alind
925 948 969 1001 est
987 944 1017 1001 iu
1036 944 1095 1002 suis
1112 943 1206 1020 libris,
1228 946 1345 1005 moriar.

125 1047 193 1122 Ego
215 1063 356 1120 nusquam
379 1049 410 1107 in
429 1047 511 1107 libris
526 1049 598 1106 meis
613 1047 728 1122 appello
743 1045 865 1107 Lotberi
880 1047 1040 1106 doctrinam
1056 1048 1199 1108 haeresin.
1235 1049 1344 1108 Tamen

124 1152 241 1211 Moriar
262 1153 363 1226 inquit.
407 1151 471 1225 Ego
494 1169 551 1212 uon
575 1158 686 1212 mutum
715 1153 743 1210 ei
770 1152 913 1225 precabor
935 1151 1017 1226 mali,
1048 1153 1100 1212 sed
1123 1153 1230 1227 potius,
1260 1159 1293 1212 ut
1314 1155 1345 1212 in

126 1273 166 1315 ee
188 1257 329 1316 moriatur
351 1258 464 1316 vanites
488 1263 518 1316 et
539 1258 621 1316 vivat
643 1255 768 1316 verim!
812 1255 933 1314 Addidit
964 1273 995 1316 se
1022 1257 1146 1332 Vicelio,
1176 1259 1224 1330 qui
1255 1258 1344 1317 semel

125 1366 217 1434 atque
240 1363 346 1420 iterum
367 1363 395 1419 ei
416 1363 587 1436 scripsisset,
609 1377 755 1434 uunquam
777 1361 975 1434 respondisse:
999 1361 1090 1436 ,quod
1112 1360 1288 1436 eiecisset,
1312 1379 1344 1422 se

126 1463 342 1524 admoniturum
373 1482 438 1524 eum
468 1464 570 1540 fuisse,
601 1471 634 1524 ut
660 1471 711 1548 aut
740 1481 776 1524 ne
805 1467 964 1524 lacesseret
986 1465 1157 1540 Lutherum,
1185 1471 1237 1524 aut
1263 1471 1342 1526 certe

126 1570 277 1628 stomacho
304 1587 362 1628 non
391 1569 571 1644 indulgeret,
602 1587 687 1642 quem
710 1571 780 1628 satis
803 1570 999 1629 exulceratum
1021 1570 1111 1642 ipsius
1133 1569 1249 1628 litterae
1271 1587 1342 1644 prae

127 1689 162 1731 se
185 1673 337 1734 tulissent!

217 1777 262 1835 Ex
291 1779 342 1850 iis,
371 1795 445 1850 quae
474 1777 510 1836 ad
540 1777 738 1851 repellendam
760 1777 882 1836 Lutberi
909 1777 1138 1836 criminationem
1159 1777 1191 1836 iu
1212 1777 1339 1837 medium

127 1883 261 1956 pretulit,
282 1882 355 1941 baec
374 1883 549 1942 exscribam:
573 1881 716 1956 ,cenatur
733 1881 880 1941 Lutberus
895 1882 959 1940 orbi
973 1881 1167 1957 persuadere,
1190 1881 1344 1941 Erasmm

128 2003 186 2044 non
210 1992 322 2045 tantum
342 1987 414 2045 nihil
436 1985 557 2048 eredere
577 1985 614 2045 de
635 1987 722 2046 rebus
745 1986 862 2059 divinis,
885 2003 986 2045 verum
1008 1986 1078 2044 illud
1096 1989 1157 2060 jam
1175 1987 1244 2045 olim
1261 1986 1344 2062 dolis,

127 2091 243 2150 insidiis
271 2093 398 2165 totisque
429 2091 538 2151 viribus
571 2107 673 2166 agere,
704 2097 736 2149 ut
765 2091 929 2150 universam
958 2091 1127 2164 religionem
1157 2091 1344 2150 christianam

128 2194 336 2255 labefactatam
359 2196 475 2256 tandem
499 2196 549 2255 det
570 2196 760 2269 praecipitem
784 2211 894 2268 proque
914 2195 969 2254 hec
991 2196 1190 2268 paganismum
1212 2197 1242 2254 in
1262 2211 1344 2254 muu-

128 2299 198 2358 dum
226 2307 351 2360 revocet.
413 2301 478 2360 Non
506 2317 608 2360 vereor
638 2305 749 2374 autem,
780 2315 817 2358 ne
849 2305 909 2358 tem
939 2305 1022 2358 atrox
1052 2305 1083 2358 et
1107 2300 1249 2373 impotens
1278 2315 1345 2358 con-

128 2405 235 2462 vicium
264 2405 296 2463 in
323 2421 371 2463 me
393 2406 516 2464 haereat
537 2403 614 2479 apud
637 2419 700 2478 eos,
732 2404 781 2477 qui
804 2403 850 2462 vel
873 2405 1010 2478 legerunt
1031 2419 1111 2463 meas
1131 2405 1345 2463 lucubrationes

128 2510 176 2568 vel
213 2509 371 2568 domestica
406 2509 616 2569 consuetudine
648 2509 838 2582 inspexerunt
871 2525 966 2568 mores
999 2513 1030 2566 et
1059 2508 1208 2582 ingenium
1240 2523 1345 2568 meum.

128 2612 191 2671 illis
219 2612 467 2689 satisfaciendum,
493 2615 652 2687 quiquam
682 2630 737 2672 uec
768 2629 814 2672 me
837 2613 947 2686 norint,
976 2627 1030 2670 uec
1052 2629 1131 2671 meos
1153 2613 1243 2672 libros
1267 2613 1345 2672 evol·

129 2717 238 2792 verint,
271 2719 313 2776 sic
345 2717 473 2777 Luthero
507 2725 574 2777 suut
607 2717 730 2792 addicti,
764 2723 797 2776 ut
830 2717 976 2778 oraculum
1012 2716 1177 2776 existiment
1207 2716 1345 2791 quidquid

128 2821 245 2880 dixerit
297 2822 414 2881 Utinam
437 2823 467 2880 in
490 2823 552 2881 vita
574 2827 634 2880 tam
657 2823 902 2896 obtemperassem
924 2819 1028 2880 divium
1050 2821 1229 2896 praeceptis,
1260 2835 1344 2895 quam

128 2927 165 2984 de
189 2927 249 3001 his,
278 2943 353 3000 quae
375 2933 443 2985 sunt
465 2925 548 3001 fidei,
579 2927 700 2986 liberam
723 2931 752 2986 et
774 2927 903 2999 quietam
924 2924 1018 2984 babeo
1041 2925 1246 2984 conscientiam
1269 2923 1346 2998 apud

127 3031 233 3090 Deum.
268 3031 349 3103 Quod
371 3033 409 3090 ad
430 3046 526 3091 mores
549 3031 669 3104 attinet,
692 3030 820 3103 quotidie
845 3047 909 3088 cum
932 3029 1064 3104 suspiriis
1084 3035 1115 3087 et
1131 3028 1229 3088 dolore
1249 3028 1344 3088 cordis

127 3135 285 3208 interpello
303 3135 420 3194 Domini
441 3134 681 3208 misericordiam,
705 3150 791 3207 quem
813 3141 910 3192 emen
932 3133 1021 3192 nolim
1043 3132 1112 3190 mihi
1135 3148 1259 3205 uuquam
1280 3129 1344 3191 fieri

127 3239 299 3315 propitium,
322 3240 346 3298 si
366 3239 500 3299 diabolici
523 3238 660 3298 facinoris
683 3254 808 3312 uuquam
828 3239 875 3297 vel
897 3238 1043 3297 levissima
1066 3236 1201 3311 cogitatio
1224 3236 1346 3310 pupugit

128 3345 255 3402 animum
284 3359 393 3418 meum,
420 3361 478 3404 non
507 3344 599 3403 dicam
631 3349 662 3402 ut
685 3344 850 3402 universam
873 3341 980 3401 Christi
1010 3341 1131 3415 gloriam
1159 3339 1345 3400 obscurarem

128 3449 182 3507 sed
202 3455 234 3506 ut
253 3449 316 3522 ipse
340 3464 358 3507 a
379 3444 436 3506 fide
459 3447 602 3508 catholica
624 3447 776 3508 resilirem.
822 3448 918 3520 Atque
942 3446 1052 3505 eduam
1074 3445 1159 3520 hujus
1183 3444 1345 3519 corpusculi

125 3555 242 3627 jactura
271 3569 373 3626 queant
402 3553 456 3612 boc
486 3552 629 3612 ecclesiae
663 3551 812 3611 dissidium
842 3551 1002 3625 consopire.
1062 3549 1154 3621 Quam
1184 3551 1286 3611 lubens
1315 3555 1346 3610 et

129 3656 259 3730 gaudens
282 3673 346 3716 eam
368 3661 491 3716 mortem
512 3658 705 3731 susciperem!
738 3657 820 3716 llaec
840 3672 937 3715 coram
959 3653 1024 3713 Deo
1043 3655 1147 3728 loquor
1169 3672 1208 3715 ex
1228 3653 1344 3714 animo‘

217 3761 303 3820 Multi
333 3767 401 3819 tunc
430 3760 685 3820 recrudescentem
716 3761 794 3819 iuter
820 3766 972 3833 utrumque
1003 3759 1095 3816 virum
1125 3773 1251 3833 pugnam
1281 3773 1344 3816 cum

129 3865 354 3924 Melancbthone
381 3865 612 3939 deploraverunt.
666 3865 730 3922 Nou
760 3865 897 3937 deerant,
928 3865 976 3936 qui
1000 3863 1139 3936 temporis
1160 3862 1237 3920 illius
1258 3861 1345 3920 remi·
1421 3849 1424 3856 ’

129 3971 326 4045 miscerentur,
349 3985 406 4044 quo
428 3985 495 4044 spes
518 3969 614 4028 luerat
635 3967 698 4028 fore
722 3974 755 4026 ut
774 3969 816 4026 illi
839 3966 877 4026 ad
893 3964 1074 4026 alliciendam
1088 3982 1187 4024 veram
1202 3965 1344 4024 ecclesiae

129 4072 365 4133 reformationem
388 4074 498 4134 mmdu
520 4071 715 4132 desideratam
737 4072 814 4130 vires
838 4071 930 4130 amice
953 4072 1171 4145 cuujnngerent
1216 4069 1343 4143 Utroque

130 4177 337 4252 rempublicam
353 4178 540 4237 christianam
556 4192 658 4237 carere
673 4193 730 4236 non
750 4192 849 4250 posse,
871 4174 1021 4234 duodecim
1039 4174 1121 4232 aunis
1137 4179 1205 4233 ante
1220 4173 1345 4249 flagran-

130 4283 249 4341 tissimis
271 4280 368 4341 verbis
387 4290 418 4342 et
435 4283 571 4358 egregius
585 4281 774 4341 constantiae
790 4281 902 4350 consul,
924 4278 1049 4337 Thonms
1063 4279 1199 4352 Blaurer,
1221 4283 1345 4336 testatus

131 4393 209 4460 erat,
242 4393 273 4446 et
299 4387 446 4460 Zviugliue
474 4389 505 4445 iu
535 4387 659 4460 epistola
681 4385 719 4445 ad
743 4385 865 4444 Beatum
888 4383 1059 4443 Rhenanam
1081 4383 1126 4441 his
1148 4383 1244 4441 verbis
1267 4380 1346 4441 affir-

130 4495 276 4550 maverat:
308 4490 440 4564 ,iudicat
466 4496 589 4564 uterque
619 4492 753 4566 gnaviter
783 4495 817 4554 et,
845 4490 981 4562 graviter.
1025 4487 1080 4546 Est
1105 4491 1203 4546 tamen
1229 4489 1344 4560 utrique

130 4594 264 4669 quiddam
293 4596 441 4669 peculiare
472 4587 562 4677 (quod
587 4595 661 4654 citra
689 4573 826 4654 inuidiam
855 4594 962 4652 dictum
990 4585 1083 4673 volo),
1114 4590 1189 4665 quod
1212 4593 1237 4652 si
1259 4592 1345 4651 alteri
