<?xml version="1.0" encoding="UTF-8"?>
<!DOCTYPE html PUBLIC "-//W3C//DTD XHTML 1.0 Transitional//EN"
    "http://www.w3.org/TR/xhtml1/DTD/xhtml1-transitional.dtd">
<html xmlns="http://www.w3.org/1999/xhtml" xml:lang="en" lang="en">
 <head>
  <title>
</title>
<meta http-equiv="Content-Type" content="text/html;charset=utf-8" />
  <meta name='ocr-system' content='tesseract 3.04.00' />
  <meta name='ocr-capabilities' content='ocr_page ocr_carea ocr_par ocr_line ocrx_word'/>
</head>
<body>
  <div class='ocr_page' id='page_1' title='image "./erasmusredivivu00schlgoog_0353.png"; bbox 0 0 3176 5064; ppageno 0'>
   <div class='ocr_carea' id='block_1_1' title="bbox 276 241 1001 294">
    <p class='ocr_par' dir='ltr' id='par_1_1' title="bbox 276 241 1001 294">
     <span class='ocr_line' id='line_1_1' title="bbox 276 241 1001 294; baseline 0.004 -7"><span class='ocrx_word' id='word_1_1' title='bbox 276 241 328 294; x_wconf 82' lang='grc'><strong>334</strong></span> <span class='ocrx_word' id='word_1_2' title='bbox 765 241 869 290; x_wconf 79' lang='lat' dir='ltr'><strong>Psnrrs</strong></span> <span class='ocrx_word' id='word_1_3' title='bbox 888 241 1001 292; x_wconf 77' lang='lat' dir='ltr'><strong>Perosis</strong></span> 
     </span>
    </p>
   </div>
   <div class='ocr_carea' id='block_1_2' title="bbox 273 449 1479 1052">
    <p class='ocr_par' dir='ltr' id='par_1_2' title="bbox 273 449 1479 1052">
     <span class='ocr_line' id='line_1_2' title="bbox 275 449 1479 531; baseline 0.001 -21"><span class='ocrx_word' id='word_1_4' title='bbox 275 457 395 525; x_wconf 87' lang='lat' dir='ltr'><strong>verunt,</strong></span> <span class='ocrx_word' id='word_1_5' title='bbox 418 457 449 508; x_wconf 88' lang='lat' dir='ltr'><strong>ut</strong></span> <span class='ocrx_word' id='word_1_6' title='bbox 465 451 502 510; x_wconf 85' lang='lat' dir='ltr'><strong>ad</strong></span> <span class='ocrx_word' id='word_1_7' title='bbox 518 450 739 523; x_wconf 87' lang='lat' dir='ltr'><strong>colloquendum</strong></span> <span class='ocrx_word' id='word_1_8' title='bbox 754 468 817 509; x_wconf 90' lang='lat' dir='ltr'><strong>cum</strong></span> <span class='ocrx_word' id='word_1_9' title='bbox 833 451 1059 510; x_wconf 87' lang='lat' dir='ltr'><strong>Melaucbtbone</strong></span> <span class='ocrx_word' id='word_1_10' title='bbox 1075 452 1235 526; x_wconf 80' lang='lat' dir='ltr'><strong>Augustam</strong></span> <span class='ocrx_word' id='word_1_11' title='bbox 1250 449 1479 531; x_wconf 83' lang='lat' dir='ltr'><strong>proficisceretur,</strong></span> 
     </span>
     <span class='ocr_line' id='line_1_3' title="bbox 274 555 1479 630; baseline 0.001 -16"><span class='ocrx_word' id='word_1_12' title='bbox 274 555 323 614; x_wconf 93' lang='lat' dir='ltr'><strong>ubi</strong></span> <span class='ocrx_word' id='word_1_13' title='bbox 346 555 383 614; x_wconf 92' lang='lat' dir='ltr'><strong>de</strong></span> <span class='ocrx_word' id='word_1_14' title='bbox 406 556 492 626; x_wconf 82' lang='lat' dir='ltr'><strong>rebus</strong></span> <span class='ocrx_word' id='word_1_15' title='bbox 513 555 663 627; x_wconf 81' lang='lat' dir='ltr'><strong>religionis</strong></span> <span class='ocrx_word' id='word_1_16' title='bbox 685 556 716 613; x_wconf 92' lang='lat' dir='ltr'><strong>iu</strong></span> <span class='ocrx_word' id='word_1_17' title='bbox 738 555 859 614; x_wconf 89' lang='lat' dir='ltr'><strong>comitiis</strong></span> <span class='ocrx_word' id='word_1_18' title='bbox 882 555 997 628; x_wconf 85' lang='lat' dir='ltr'><strong>imperii</strong></span> <span class='ocrx_word' id='word_1_19' title='bbox 1021 556 1165 630; x_wconf 81' lang='lat' dir='ltr'><strong>egendum</strong></span> <span class='ocrx_word' id='word_1_20' title='bbox 1187 563 1259 624; x_wconf 84' lang='lat' dir='ltr'><strong>erat</strong></span> <span class='ocrx_word' id='word_1_21' title='bbox 1317 557 1479 616; x_wconf 87' lang='lat' dir='ltr'><strong>Praeclaris-</strong></span> 
     </span>
     <span class='ocr_line' id='line_1_4' title="bbox 273 659 1478 733; baseline 0.001 -15"><span class='ocrx_word' id='word_1_22' title='bbox 273 661 362 718; x_wconf 90' lang='lat' dir='ltr'><strong>simus</strong></span> <span class='ocrx_word' id='word_1_23' title='bbox 373 661 490 718; x_wconf 77' lang='lat' dir='ltr'><strong>&#39;iterum</strong></span> <span class='ocrx_word' id='word_1_24' title='bbox 506 659 628 718; x_wconf 86' lang='lat' dir='ltr'><strong>Eraemo</strong></span> <span class='ocrx_word' id='word_1_25' title='bbox 643 675 759 732; x_wconf 88' lang='lat' dir='ltr'><strong>campus</strong></span> <span class='ocrx_word' id='word_1_26' title='bbox 783 661 919 732; x_wconf 90' lang='lat' dir='ltr'><strong>praeberi</strong></span> <span class='ocrx_word' id='word_1_27' title='bbox 935 659 1100 730; x_wconf 83' lang='lat' dir='ltr'><strong>videbatur,</strong></span> <span class='ocrx_word' id='word_1_28' title='bbox 1125 677 1181 733; x_wconf 93' lang='lat' dir='ltr'><strong>quo</strong></span> <span class='ocrx_word' id='word_1_29' title='bbox 1197 661 1319 720; x_wconf 89' lang='lat' dir='ltr'><strong>consilia</strong></span> <span class='ocrx_word' id='word_1_30' title='bbox 1342 677 1392 718; x_wconf 90' lang='lat' dir='ltr'><strong>sua</strong></span> <span class='ocrx_word' id='word_1_31' title='bbox 1409 662 1478 732; x_wconf 87' lang='lat' dir='ltr'><strong>pooi-</strong></span> 
     </span>
     <span class='ocr_line' id='line_1_5' title="bbox 273 762 1478 837; baseline 0 -15"><span class='ocrx_word' id='word_1_32' title='bbox 273 762 329 822; x_wconf 89' lang='lat' dir='ltr'><strong>fica</strong></span> <span class='ocrx_word' id='word_1_33' title='bbox 352 780 448 824; x_wconf 90' lang='lat' dir='ltr'><strong>coram</strong></span> <span class='ocrx_word' id='word_1_34' title='bbox 470 765 539 823; x_wconf 92' lang='lat' dir='ltr'><strong>orbe</strong></span> <span class='ocrx_word' id='word_1_35' title='bbox 563 763 722 822; x_wconf 87' lang='lat' dir='ltr'><strong>christiano</strong></span> <span class='ocrx_word' id='word_1_36' title='bbox 743 765 840 837; x_wconf 90' lang='lat' dir='ltr'><strong>palam</strong></span> <span class='ocrx_word' id='word_1_37' title='bbox 863 770 1022 823; x_wconf 79' lang='lat' dir='ltr'><strong>testaretur</strong></span> <span class='ocrx_word' id='word_1_38' title='bbox 1045 772 1074 823; x_wconf 92' lang='lat' dir='ltr'><strong>et</strong></span> <span class='ocrx_word' id='word_1_39' title='bbox 1093 764 1264 824; x_wconf 88' lang='lat' dir='ltr'><strong>vindicaret.</strong></span> <span class='ocrx_word' id='word_1_40' title='bbox 1323 764 1380 823; x_wconf 83' lang='lat' dir='ltr'><strong>Sed</strong></span> <span class='ocrx_word' id='word_1_41' title='bbox 1401 783 1478 824; x_wconf 83' lang='lat' dir='ltr'><strong>senex</strong></span> 
     </span>
     <span class='ocr_line' id='line_1_6' title="bbox 274 867 1479 944; baseline 0 -18"><span class='ocrx_word' id='word_1_42' title='bbox 274 867 381 926; x_wconf 84' lang='lat' dir='ltr'>morbis</span> <span class='ocrx_word' id='word_1_43' title='bbox 411 869 560 926; x_wconf 87' lang='lat' dir='ltr'><strong>coniectus</strong></span> <span class='ocrx_word' id='word_1_44' title='bbox 588 873 657 926; x_wconf 89' lang='lat' dir='ltr'><strong>tuuc</strong></span> <span class='ocrx_word' id='word_1_45' title='bbox 689 871 775 926; x_wconf 89' lang='lat' dir='ltr'><strong>etiam</strong></span> <span class='ocrx_word' id='word_1_46' title='bbox 807 870 1020 944; x_wconf 87' lang='lat' dir='ltr'><strong>vehementius,</strong></span> <span class='ocrx_word' id='word_1_47' title='bbox 1050 885 1135 941; x_wconf 89' lang='lat' dir='ltr'><strong>quam</strong></span> <span class='ocrx_word' id='word_1_48' title='bbox 1158 870 1339 928; x_wconf 84' lang='lat' dir='ltr'><strong>comitiorum</strong></span> <span class='ocrx_word' id='word_1_49' title='bbox 1360 869 1479 928; x_wconf 88' lang='lat' dir='ltr'><strong>Worma-</strong></span> 
     </span>
     <span class='ocr_line' id='line_1_7' title="bbox 273 965 1477 1052; baseline 0 -22"><span class='ocrx_word' id='word_1_50' title='bbox 273 974 409 1032; x_wconf 79' lang='lat' dir='ltr'><strong>tlensium</strong></span> <span class='ocrx_word' id='word_1_51' title='bbox 439 978 587 1046; x_wconf 87' lang='lat' dir='ltr'><strong>tempore,</strong></span> <span class='ocrx_word' id='word_1_52' title='bbox 622 971 772 1031; x_wconf 83' lang='lat' dir='ltr'><strong>abhorruit</strong></span> <span class='ocrx_word' id='word_1_53' title='bbox 802 991 820 1031; x_wconf 90' lang='lat' dir='ltr'><strong>a</strong></span> <span class='ocrx_word' id='word_1_54' title='bbox 854 974 977 1046; x_wconf 84' lang='lat' dir='ltr'><strong>publicis</strong></span> <span class='ocrx_word' id='word_1_55' title='bbox 1010 975 1153 1047; x_wconf 80' lang='lat' dir='ltr'><strong>negotiis3</strong></span> <span class='ocrx_word' id='word_1_56' title='bbox 1188 972 1330 1032; x_wconf 85' lang='lat' dir='ltr'><strong>metuebat</strong></span> <span class='ocrx_word' id='word_1_57' title='bbox 1363 965 1403 1052; x_wconf 88' lang='lat' dir='ltr'><strong>(iu</strong></span> <span class='ocrx_word' id='word_1_58' title='bbox 1431 975 1477 1030; x_wconf 90' lang='lat' dir='ltr'><strong>boc</strong></span> 
     </span>
    </p>
   </div>
   <div class='ocr_carea' id='block_1_3' title="bbox 165 1070 1477 1157">
    <p class='ocr_par' dir='ltr' id='par_1_3' title="bbox 165 1070 1477 1157">
     <span class='ocr_line' id='line_1_8' title="bbox 165 1070 1477 1157; baseline 0.001 -23"><span class='ocrx_word' id='word_1_59' title='bbox 165 1123 167 1128; x_wconf 68' lang='lat'>,</span> <span class='ocrx_word' id='word_1_60' title='bbox 273 1077 397 1135; x_wconf 86' lang='lat' dir='ltr'><strong>maximo</strong></span> <span class='ocrx_word' id='word_1_61' title='bbox 423 1077 528 1135; x_wconf 91' lang='lat' dir='ltr'><strong>iterum</strong></span> <span class='ocrx_word' id='word_1_62' title='bbox 554 1077 682 1134; x_wconf 88' lang='lat' dir='ltr'><strong>Luthoro</strong></span> <span class='ocrx_word' id='word_1_63' title='bbox 712 1070 824 1157; x_wconf 78' lang='lat' dir='ltr'><strong>dispar)</strong></span> <span class='ocrx_word' id='word_1_64' title='bbox 854 1078 984 1136; x_wconf 89' lang='lat' dir='ltr'><strong>inimicos</strong></span> <span class='ocrx_word' id='word_1_65' title='bbox 1008 1095 1073 1136; x_wconf 89' lang='lat' dir='ltr'><strong>suos</strong></span> <span class='ocrx_word' id='word_1_66' title='bbox 1095 1078 1244 1150; x_wconf 77' lang='lat' dir='ltr'><strong>Augustae</strong></span> <span class='ocrx_word' id='word_1_67' title='bbox 1272 1077 1477 1150; x_wconf 66' lang='lat' dir='ltr'><strong>praevalentem</strong></span> 
     </span>
    </p>
   </div>
   <div class='ocr_carea' id='block_1_4' title="bbox 271 1181 1547 3754">
    <p class='ocr_par' dir='ltr' id='par_1_4' title="bbox 271 1181 1547 3754">
     <span class='ocr_line' id='line_1_9' title="bbox 274 1181 1476 1255; baseline -0.002 -15"><span class='ocrx_word' id='word_1_68' title='bbox 274 1182 364 1254; x_wconf 79' lang='lat' dir='ltr'><strong>magis</strong></span> <span class='ocrx_word' id='word_1_69' title='bbox 391 1186 543 1240; x_wconf 84' lang='lat' dir='ltr'><strong>excusatur</strong></span> <span class='ocrx_word' id='word_1_70' title='bbox 572 1199 606 1240; x_wconf 91' lang='lat' dir='ltr'><strong>eo</strong></span> <span class='ocrx_word' id='word_1_71' title='bbox 637 1182 713 1253; x_wconf 87' lang='lat' dir='ltr'><strong>quod</strong></span> <span class='ocrx_word' id='word_1_72' title='bbox 743 1181 828 1240; x_wconf 90' lang='lat' dir='ltr'><strong>dicit:</strong></span> <span class='ocrx_word' id='word_1_73' title='bbox 864 1181 966 1255; x_wconf 84' lang='lat' dir='ltr'><strong>‚Mrrlti</strong></span> <span class='ocrx_word' id='word_1_74' title='bbox 996 1181 1179 1241; x_wconf 76' lang='lat' dir='ltr'><strong>scribebant:</strong></span> <span class='ocrx_word' id='word_1_75' title='bbox 1219 1183 1330 1240; x_wconf 89' lang='lat' dir='ltr'><strong>utinam</strong></span> <span class='ocrx_word' id='word_1_76' title='bbox 1363 1181 1476 1240; x_wconf 68' lang='lat' dir='ltr'><strong>adessa</strong></span> 
     </span>
     <span class='ocr_line' id='line_1_10' title="bbox 273 1284 1475 1358; baseline -0.001 -14"><span class='ocrx_word' id='word_1_77' title='bbox 273 1285 408 1344; x_wconf 81' lang='lat' dir='ltr'><strong>Caesaris</strong></span> <span class='ocrx_word' id='word_1_78' title='bbox 444 1286 559 1344; x_wconf 91' lang='lat' dir='ltr'><strong>nomine</strong></span> <span class='ocrx_word' id='word_1_79' title='bbox 592 1301 677 1344; x_wconf 89' lang='lat' dir='ltr'><strong>nemo</strong></span> <span class='ocrx_word' id='word_1_80' title='bbox 708 1287 794 1358; x_wconf 91' lang='lat' dir='ltr'><strong>jussit</strong></span> <span class='ocrx_word' id='word_1_81' title='bbox 827 1285 948 1345; x_wconf 85' lang='lat' dir='ltr'><strong>adesse‘</strong></span> <span class='ocrx_word' id='word_1_82' title='bbox 1003 1287 1104 1358; x_wconf 87' lang='lat' dir='ltr'><strong>Itaque</strong></span> <span class='ocrx_word' id='word_1_83' title='bbox 1136 1287 1207 1344; x_wconf 92' lang='lat' dir='ltr'><strong>nihil</strong></span> <span class='ocrx_word' id='word_1_84' title='bbox 1242 1287 1297 1344; x_wconf 88' lang='lat' dir='ltr'><strong>eibi</strong></span> <span class='ocrx_word' id='word_1_85' title='bbox 1327 1284 1475 1344; x_wconf 84' lang='lat' dir='ltr'><strong>iaciendum</strong></span> 
     </span>
     <span class='ocr_line' id='line_1_11' title="bbox 274 1387 1474 1463; baseline -0.001 -16"><span class='ocrx_word' id='word_1_86' title='bbox 274 1391 398 1463; x_wconf 84' lang='lat' dir='ltr'><strong>censuit,</strong></span> <span class='ocrx_word' id='word_1_87' title='bbox 427 1391 483 1448; x_wconf 88' lang='lat' dir='ltr'><strong>uisi</strong></span> <span class='ocrx_word' id='word_1_88' title='bbox 514 1395 546 1446; x_wconf 94' lang='lat' dir='ltr'><strong>ut</strong></span> <span class='ocrx_word' id='word_1_89' title='bbox 574 1395 712 1462; x_wconf 89' lang='lat' dir='ltr'><strong>quantum</strong></span> <span class='ocrx_word' id='word_1_90' title='bbox 740 1395 856 1462; x_wconf 91' lang='lat' dir='ltr'><strong>poterat</strong></span> <span class='ocrx_word' id='word_1_91' title='bbox 888 1389 964 1448; x_wconf 89' lang='lat' dir='ltr'><strong>datis</strong></span> <span class='ocrx_word' id='word_1_92' title='bbox 986 1391 1093 1448; x_wconf 85' lang='lat' dir='ltr'><strong>littoris</strong></span> <span class='ocrx_word' id='word_1_93' title='bbox 1122 1407 1223 1462; x_wconf 81' lang='lat' dir='ltr'><strong>pacem</strong></span> <span class='ocrx_word' id='word_1_94' title='bbox 1246 1387 1367 1450; x_wconf 86' lang='lat' dir='ltr'><strong>ioveret.</strong></span> <span class='ocrx_word' id='word_1_95' title='bbox 1422 1389 1474 1463; x_wconf 85' lang='lat' dir='ltr'><strong>‚ln-</strong></span> 
     </span>
     <span class='ocr_line' id='line_1_12' title="bbox 273 1491 1473 1568; baseline 0 -17"><span class='ocrx_word' id='word_1_96' title='bbox 273 1494 373 1568; x_wconf 91' lang='lat' dir='ltr'><strong>primis</strong></span> <span class='ocrx_word' id='word_1_97' title='bbox 408 1492 578 1566; x_wconf 61' lang='lat' dir='ltr'><strong>(lampone,</strong></span> <span class='ocrx_word' id='word_1_98' title='bbox 618 1491 766 1552; x_wconf 86' lang='lat' dir='ltr'><strong>Pontificis</strong></span> <span class='ocrx_word' id='word_1_99' title='bbox 808 1494 920 1568; x_wconf 81' lang='lat' dir='ltr'><strong>legato,</strong></span> <span class='ocrx_word' id='word_1_100' title='bbox 969 1495 1077 1553; x_wconf 91' lang='lat' dir='ltr'><strong>bellum</strong></span> <span class='ocrx_word' id='word_1_101' title='bbox 1115 1495 1254 1553; x_wconf 87' lang='lat' dir='ltr'><strong>adversus</strong></span> <span class='ocrx_word' id='word_1_102' title='bbox 1293 1499 1473 1565; x_wconf 81' lang='lat' dir='ltr'><strong>protestantes</strong></span> 
     </span>
     <span class='ocr_line' id='line_1_13' title="bbox 274 1595 1473 1672; baseline -0.001 -16"><span class='ocrx_word' id='word_1_103' title='bbox 274 1598 417 1656; x_wconf 86' lang='lat' dir='ltr'><strong>dissuasit.</strong></span> <span class='ocrx_word' id='word_1_104' title='bbox 472 1595 627 1656; x_wconf 83' lang='lat' dir='ltr'><strong>Gaesarem</strong></span> <span class='ocrx_word' id='word_1_105' title='bbox 667 1599 786 1670; x_wconf 87' lang='lat' dir='ltr'><strong>ejusque</strong></span> <span class='ocrx_word' id='word_1_106' title='bbox 828 1598 949 1657; x_wconf 80' lang='lat' dir='ltr'><strong>batrem</strong></span> <span class='ocrx_word' id='word_1_107' title='bbox 991 1615 1026 1656; x_wconf 91' lang='lat' dir='ltr'><strong>eo</strong></span> <span class='ocrx_word' id='word_1_108' title='bbox 1059 1603 1190 1672; x_wconf 87' lang='lat' dir='ltr'><strong>tempore</strong></span> <span class='ocrx_word' id='word_1_109' title='bbox 1223 1614 1281 1656; x_wconf 93' lang='lat' dir='ltr'><strong>uon</strong></span> <span class='ocrx_word' id='word_1_110' title='bbox 1312 1599 1394 1671; x_wconf 86' lang='lat' dir='ltr'><strong>adiit,</strong></span> <span class='ocrx_word' id='word_1_111' title='bbox 1430 1614 1473 1668; x_wconf 87' lang='lat' dir='ltr'><strong>,ue</strong></span> 
     </span>
     <span class='ocr_line' id='line_1_14' title="bbox 274 1702 1473 1776; baseline -0.001 -17"><span class='ocrx_word' id='word_1_112' title='bbox 274 1702 437 1774; x_wconf 89' lang='lat' dir='ltr'><strong>periculoso</strong></span> <span class='ocrx_word' id='word_1_113' title='bbox 460 1702 577 1774; x_wconf 82' lang='lat' dir='ltr'><strong>negotio</strong></span> <span class='ocrx_word' id='word_1_114' title='bbox 600 1707 702 1774; x_wconf 90' lang='lat' dir='ltr'><strong>sponte</strong></span> <span class='ocrx_word' id='word_1_115' title='bbox 734 1719 766 1760; x_wconf 91' lang='lat' dir='ltr'><strong>se</strong></span> <span class='ocrx_word' id='word_1_116' title='bbox 789 1703 984 1761; x_wconf 82' lang='lat' dir='ltr'><strong>immisceret‘</strong></span> <span class='ocrx_word' id='word_1_117' title='bbox 1028 1703 1093 1760; x_wconf 86' lang='lat' dir='ltr'><strong>Jam</strong></span> <span class='ocrx_word' id='word_1_118' title='bbox 1118 1703 1194 1760; x_wconf 92' lang='lat' dir='ltr'><strong>euim</strong></span> <span class='ocrx_word' id='word_1_119' title='bbox 1217 1703 1324 1760; x_wconf 89' lang='lat' dir='ltr'><strong>bellum</strong></span> <span class='ocrx_word' id='word_1_120' title='bbox 1342 1702 1473 1776; x_wconf 84' lang='lat' dir='ltr'><strong>prohiberi</strong></span> 
     </span>
     <span class='ocr_line' id='line_1_15' title="bbox 274 1803 1473 1880; baseline -0.001 -17"><span class='ocrx_word' id='word_1_121' title='bbox 274 1810 319 1863; x_wconf 88' lang='lat' dir='ltr'><strong>sat</strong></span> <span class='ocrx_word' id='word_1_122' title='bbox 341 1803 482 1878; x_wconf 73' lang='lat' dir='ltr'><strong>babebat3</strong></span> <span class='ocrx_word' id='word_1_123' title='bbox 512 1822 579 1864; x_wconf 91' lang='lat' dir='ltr'><strong>uum</strong></span> <span class='ocrx_word' id='word_1_124' title='bbox 607 1805 738 1864; x_wconf 89' lang='lat' dir='ltr'><strong>humanis</strong></span> <span class='ocrx_word' id='word_1_125' title='bbox 767 1806 918 1880; x_wconf 85' lang='lat' dir='ltr'><strong>remediis,</strong></span> <span class='ocrx_word' id='word_1_126' title='bbox 948 1807 1035 1864; x_wconf 89' lang='lat' dir='ltr'><strong>etiam</strong></span> <span class='ocrx_word' id='word_1_127' title='bbox 1067 1806 1189 1864; x_wconf 91' lang='lat' dir='ltr'><strong>concilio</strong></span> <span class='ocrx_word' id='word_1_128' title='bbox 1220 1806 1417 1878; x_wconf 88' lang='lat' dir='ltr'><strong>oecumenico,</strong></span> <span class='ocrx_word' id='word_1_129' title='bbox 1443 1804 1473 1862; x_wconf 86' lang='lat' dir='ltr'><strong>ad</strong></span> 
     </span>
     <span class='ocr_line' id='line_1_16' title="bbox 273 1909 1472 1984; baseline 0.001 -17"><span class='ocrx_word' id='word_1_130' title='bbox 273 1910 348 1983; x_wconf 92' lang='lat' dir='ltr'><strong>quod</strong></span> <span class='ocrx_word' id='word_1_131' title='bbox 377 1909 525 1984; x_wconf 75' lang='lat' dir='ltr'><strong>Augustae</strong></span> <span class='ocrx_word' id='word_1_132' title='bbox 551 1915 672 1982; x_wconf 74' lang='lat' dir='ltr'><strong>unaque</strong></span> <span class='ocrx_word' id='word_1_133' title='bbox 704 1927 770 1982; x_wconf 88' lang='lat' dir='ltr'><strong>pers</strong></span> <span class='ocrx_word' id='word_1_134' title='bbox 807 1916 1030 1983; x_wconf 84' lang='lat' dir='ltr'><strong>provocaverat,</strong></span> <span class='ocrx_word' id='word_1_135' title='bbox 1063 1911 1216 1969; x_wconf 88' lang='lat' dir='ltr'><strong>concordie</strong></span> <span class='ocrx_word' id='word_1_136' title='bbox 1250 1911 1351 1968; x_wconf 88' lang='lat' dir='ltr'><strong>sarciri</strong></span> <span class='ocrx_word' id='word_1_137' title='bbox 1381 1915 1472 1982; x_wconf 73' lang='lat' dir='ltr'><strong>posset</strong></span> 
     </span>
     <span class='ocr_line' id='line_1_17' title="bbox 274 2012 1472 2088; baseline -0.004 -16"><span class='ocrx_word' id='word_1_138' title='bbox 274 2015 337 2087; x_wconf 90' lang='lat' dir='ltr'><strong>ipse</strong></span> <span class='ocrx_word' id='word_1_139' title='bbox 360 2012 494 2072; x_wconf 88' lang='lat' dir='ltr'><strong>dubitare</strong></span> <span class='ocrx_word' id='word_1_140' title='bbox 515 2015 618 2086; x_wconf 88' lang='lat' dir='ltr'><strong>coepit.</strong></span> <span class='ocrx_word' id='word_1_141' title='bbox 657 2013 791 2073; x_wconf 85' lang='lat' dir='ltr'><strong>Carolum</strong></span> <span class='ocrx_word' id='word_1_142' title='bbox 807 2015 926 2074; x_wconf 89' lang='lat' dir='ltr'><strong>nimium</strong></span> <span class='ocrx_word' id='word_1_143' title='bbox 942 2013 1040 2087; x_wconf 85' lang='lat' dir='ltr'><strong>Papae</strong></span> <span class='ocrx_word' id='word_1_144' title='bbox 1058 2015 1213 2073; x_wconf 89' lang='lat' dir='ltr'><strong>connivere</strong></span> <span class='ocrx_word' id='word_1_145' title='bbox 1233 2014 1364 2074; x_wconf 83' lang='lat' dir='ltr'><strong>videbat:</strong></span> <span class='ocrx_word' id='word_1_146' title='bbox 1387 2013 1472 2088; x_wconf 86' lang='lat' dir='ltr'><strong>,paule</strong></span> 
     </span>
     <span class='ocr_line' id='line_1_18' title="bbox 273 2118 1471 2192; baseline -0.002 -16"><span class='ocrx_word' id='word_1_147' title='bbox 273 2119 376 2177; x_wconf 91' lang='lat' dir='ltr'><strong>melior</strong></span> <span class='ocrx_word' id='word_1_148' title='bbox 398 2120 497 2190; x_wconf 90' lang='lat' dir='ltr'><strong>esset‚‘</strong></span> <span class='ocrx_word' id='word_1_149' title='bbox 521 2119 630 2192; x_wconf 88' lang='lat' dir='ltr'><strong>inquit,</strong></span> <span class='ocrx_word' id='word_1_150' title='bbox 661 2119 745 2192; x_wconf 83' lang='lat' dir='ltr'><strong>,laeti</strong></span> <span class='ocrx_word' id='word_1_151' title='bbox 769 2135 836 2192; x_wconf 89' lang='lat' dir='ltr'><strong>spes</strong></span> <span class='ocrx_word' id='word_1_152' title='bbox 859 2125 996 2192; x_wconf 84' lang='lat' dir='ltr'><strong>eventus,</strong></span> <span class='ocrx_word' id='word_1_153' title='bbox 1025 2120 1079 2178; x_wconf 91' lang='lat' dir='ltr'><strong>nisi</strong></span> <span class='ocrx_word' id='word_1_154' title='bbox 1103 2118 1237 2178; x_wconf 86' lang='lat' dir='ltr'><strong>Caesaris</strong></span> <span class='ocrx_word' id='word_1_155' title='bbox 1260 2119 1356 2191; x_wconf 87' lang='lat' dir='ltr'><strong>pietas</strong></span> <span class='ocrx_word' id='word_1_156' title='bbox 1379 2123 1471 2176; x_wconf 80' lang='lat' dir='ltr'><strong>tantm</strong></span> 
     </span>
     <span class='ocr_line' id='line_1_19' title="bbox 272 2207 1472 2294; baseline -0.003 -14"><span class='ocrx_word' id='word_1_157' title='bbox 272 2221 415 2280; x_wconf 88' lang='lat' dir='ltr'><strong>tribueret</strong></span> <span class='ocrx_word' id='word_1_158' title='bbox 436 2223 607 2294; x_wconf 85' lang='lat' dir='ltr'><strong>quibusdam</strong></span> <span class='ocrx_word' id='word_1_159' title='bbox 630 2222 779 2282; x_wconf 62' lang='lat' dir='ltr'><strong>infulatis}</strong></span> <span class='ocrx_word' id='word_1_160' title='bbox 823 2207 896 2283; x_wconf 76' lang='lat' dir='ltr'><strong>Rem</strong></span> <span class='ocrx_word' id='word_1_161' title='bbox 917 2224 1071 2282; x_wconf 85' lang='lat' dir='ltr'><strong>humanam</strong></span> <span class='ocrx_word' id='word_1_162' title='bbox 1094 2223 1264 2282; x_wconf 88' lang='lat' dir='ltr'><strong>industriam</strong></span> <span class='ocrx_word' id='word_1_163' title='bbox 1280 2224 1395 2280; x_wconf 88' lang='lat' dir='ltr'><strong>vincere</strong></span> <span class='ocrx_word' id='word_1_164' title='bbox 1409 2221 1472 2279; x_wconf 87' lang='lat' dir='ltr'><strong>arbi·</strong></span> 
     </span>
     <span class='ocr_line' id='line_1_20' title="bbox 273 2324 1470 2401; baseline -0.002 -17"><span class='ocrx_word' id='word_1_165' title='bbox 273 2331 380 2398; x_wconf 77' lang='lat' dir='ltr'><strong>tratur3</strong></span> <span class='ocrx_word' id='word_1_166' title='bbox 401 2327 431 2384; x_wconf 92' lang='lat' dir='ltr'><strong>in</strong></span> <span class='ocrx_word' id='word_1_167' title='bbox 455 2331 535 2384; x_wconf 85' lang='lat' dir='ltr'><strong>tanto</strong></span> <span class='ocrx_word' id='word_1_168' title='bbox 558 2327 719 2400; x_wconf 89' lang='lat' dir='ltr'><strong>principum</strong></span> <span class='ocrx_word' id='word_1_169' title='bbox 743 2333 773 2386; x_wconf 91' lang='lat' dir='ltr'><strong>et</strong></span> <span class='ocrx_word' id='word_1_170' title='bbox 795 2329 947 2401; x_wconf 81' lang='lat' dir='ltr'><strong>regionum</strong></span> <span class='ocrx_word' id='word_1_171' title='bbox 963 2327 1083 2386; x_wconf 87' lang='lat' dir='ltr'><strong>discidio</strong></span> <span class='ocrx_word' id='word_1_172' title='bbox 1106 2325 1281 2400; x_wconf 88' lang='lat' dir='ltr'><strong>precandum</strong></span> <span class='ocrx_word' id='word_1_173' title='bbox 1298 2343 1364 2386; x_wconf 90' lang='lat' dir='ltr'><strong>esse</strong></span> <span class='ocrx_word' id='word_1_174' title='bbox 1381 2324 1470 2395; x_wconf 77' lang='lat' dir='ltr'><strong>aDea</strong></span> 
     </span>
     <span class='ocr_line' id='line_1_21' title="bbox 273 2427 1547 2504; baseline -0.002 -18"><span class='ocrx_word' id='word_1_175' title='bbox 273 2434 305 2486; x_wconf 88' lang='lat' dir='ltr'><strong>ut</strong></span> <span class='ocrx_word' id='word_1_176' title='bbox 327 2429 470 2487; x_wconf 88' lang='lat' dir='ltr'><strong>ecclesiae</strong></span> <span class='ocrx_word' id='word_1_177' title='bbox 494 2434 524 2486; x_wconf 90' lang='lat' dir='ltr'><strong>et</strong></span> <span class='ocrx_word' id='word_1_178' title='bbox 543 2429 722 2502; x_wconf 88' lang='lat' dir='ltr'><strong>reipublicae</strong></span> <span class='ocrx_word' id='word_1_179' title='bbox 744 2447 880 2503; x_wconf 86' lang='lat' dir='ltr'><strong>proceres</strong></span> <span class='ocrx_word' id='word_1_180' title='bbox 903 2431 1005 2504; x_wconf 90' lang='lat' dir='ltr'><strong>spiritu</strong></span> <span class='ocrx_word' id='word_1_181' title='bbox 1029 2447 1097 2490; x_wconf 87' lang='lat' dir='ltr'><strong>vere</strong></span> <span class='ocrx_word' id='word_1_182' title='bbox 1121 2431 1279 2488; x_wconf 88' lang='lat' dir='ltr'><strong>christiano</strong></span> <span class='ocrx_word' id='word_1_183' title='bbox 1292 2427 1392 2488; x_wconf 86' lang='lat' dir='ltr'><strong>afflare</strong></span> <span class='ocrx_word' id='word_1_184' title='bbox 1407 2428 1471 2494; x_wconf 76' lang='lat' dir='ltr'><strong>velit</strong></span> <span class='ocrx_word' id='word_1_185' title='bbox 1546 2427 1547 2460; x_wconf 66' lang='lat' dir='ltr'><strong>r</strong></span> 
     </span>
     <span class='ocr_line' id='line_1_22' title="bbox 273 2532 1471 2608; baseline -0.003 -18"><span class='ocrx_word' id='word_1_186' title='bbox 273 2538 306 2590; x_wconf 86' lang='lat' dir='ltr'><strong>nt</strong></span> <span class='ocrx_word' id='word_1_187' title='bbox 334 2533 397 2604; x_wconf 85' lang='lat' dir='ltr'><strong>ipse</strong></span> <span class='ocrx_word' id='word_1_188' title='bbox 420 2532 553 2590; x_wconf 89' lang='lat' dir='ltr'><strong>conditor</strong></span> <span class='ocrx_word' id='word_1_189' title='bbox 580 2535 723 2593; x_wconf 88' lang='lat' dir='ltr'><strong>ecclesiae</strong></span> <span class='ocrx_word' id='word_1_190' title='bbox 747 2535 891 2595; x_wconf 90' lang='lat' dir='ltr'><strong>instauret</strong></span> <span class='ocrx_word' id='word_1_191' title='bbox 918 2536 1029 2608; x_wconf 86' lang='lat' dir='ltr'><strong>plasma</strong></span> <span class='ocrx_word' id='word_1_192' title='bbox 1060 2553 1152 2594; x_wconf 90' lang='lat' dir='ltr'><strong>suum.</strong></span> <span class='ocrx_word' id='word_1_193' title='bbox 1213 2535 1310 2606; x_wconf 80' lang='lat' dir='ltr'><strong>Quare</strong></span> <span class='ocrx_word' id='word_1_194' title='bbox 1334 2533 1471 2592; x_wconf 90' lang='lat' dir='ltr'><strong>Dominum</strong></span> 
     </span>
     <span class='ocr_line' id='line_1_23' title="bbox 273 2635 1472 2711; baseline 0.002 -19"><span class='ocrx_word' id='word_1_195' title='bbox 273 2635 318 2694; x_wconf 91' lang='lat' dir='ltr'><strong>bis</strong></span> <span class='ocrx_word' id='word_1_196' title='bbox 341 2635 436 2694; x_wconf 87' lang='lat' dir='ltr'><strong>verbis</strong></span> <span class='ocrx_word' id='word_1_197' title='bbox 457 2637 585 2694; x_wconf 82' lang='lat' dir='ltr'><strong>invocat:</strong></span> <span class='ocrx_word' id='word_1_198' title='bbox 617 2637 674 2710; x_wconf 89' lang='lat' dir='ltr'><strong>,Tu</strong></span> <span class='ocrx_word' id='word_1_199' title='bbox 703 2638 780 2696; x_wconf 89' lang='lat' dir='ltr'><strong>eolus</strong></span> <span class='ocrx_word' id='word_1_200' title='bbox 810 2656 859 2698; x_wconf 89' lang='lat' dir='ltr'><strong>res</strong></span> <span class='ocrx_word' id='word_1_201' title='bbox 879 2639 1039 2711; x_wconf 88' lang='lat' dir='ltr'><strong>quamlibet</strong></span> <span class='ocrx_word' id='word_1_202' title='bbox 1061 2638 1209 2698; x_wconf 87' lang='lat' dir='ltr'><strong>discordes</strong></span> <span class='ocrx_word' id='word_1_203' title='bbox 1239 2638 1347 2710; x_wconf 83' lang='lat' dir='ltr'><strong>redigis</strong></span> <span class='ocrx_word' id='word_1_204' title='bbox 1369 2639 1398 2695; x_wconf 93' lang='lat' dir='ltr'><strong>iu</strong></span> <span class='ocrx_word' id='word_1_205' title='bbox 1417 2652 1472 2694; x_wconf 89' lang='lat' dir='ltr'><strong>oon·</strong></span> 
     </span>
     <span class='ocr_line' id='line_1_24' title="bbox 274 2738 1471 2816; baseline -0.001 -19"><span class='ocrx_word' id='word_1_206' title='bbox 274 2738 411 2797; x_wconf 88' lang='lat' dir='ltr'><strong>cordiam.</strong></span> <span class='ocrx_word' id='word_1_207' title='bbox 443 2739 487 2798; x_wconf 87' lang='lat' dir='ltr'><strong>Tu</strong></span> <span class='ocrx_word' id='word_1_208' title='bbox 511 2738 605 2800; x_wconf 85' lang='lat' dir='ltr'><strong>chaos</strong></span> <span class='ocrx_word' id='word_1_209' title='bbox 628 2741 699 2800; x_wconf 89' lang='lat' dir='ltr'><strong>illud</strong></span> <span class='ocrx_word' id='word_1_210' title='bbox 722 2748 820 2816; x_wconf 89' lang='lat' dir='ltr'><strong>vetus,</strong></span> <span class='ocrx_word' id='word_1_211' title='bbox 850 2743 880 2800; x_wconf 93' lang='lat' dir='ltr'><strong>in</strong></span> <span class='ocrx_word' id='word_1_212' title='bbox 907 2760 963 2815; x_wconf 91' lang='lat' dir='ltr'><strong>quo</strong></span> <span class='ocrx_word' id='word_1_213' title='bbox 990 2744 1070 2802; x_wconf 89' lang='lat' dir='ltr'><strong>nullo</strong></span> <span class='ocrx_word' id='word_1_214' title='bbox 1092 2743 1195 2802; x_wconf 90' lang='lat' dir='ltr'><strong>ordine</strong></span> <span class='ocrx_word' id='word_1_215' title='bbox 1224 2742 1361 2814; x_wconf 91' lang='lat' dir='ltr'><strong>nulloque</strong></span> <span class='ocrx_word' id='word_1_216' title='bbox 1383 2741 1471 2799; x_wconf 77' lang='lat' dir='ltr'><strong>decore</strong></span> 
     </span>
     <span class='ocr_line' id='line_1_25' title="bbox 274 2841 1472 2921; baseline 0.006 -21"><span class='ocrx_word' id='word_1_217' title='bbox 274 2841 394 2902; x_wconf 80' lang='lat' dir='ltr'><strong>confusa</strong></span> <span class='ocrx_word' id='word_1_218' title='bbox 410 2845 550 2918; x_wconf 88' lang='lat' dir='ltr'><strong>jacebant</strong></span> <span class='ocrx_word' id='word_1_219' title='bbox 564 2845 708 2904; x_wconf 88' lang='lat' dir='ltr'><strong>discordia</strong></span> <span class='ocrx_word' id='word_1_220' title='bbox 730 2863 827 2904; x_wconf 92' lang='lat' dir='ltr'><strong>rerum</strong></span> <span class='ocrx_word' id='word_1_221' title='bbox 844 2849 964 2920; x_wconf 85' lang='lat' dir='ltr'><strong>semina,</strong></span> <span class='ocrx_word' id='word_1_222' title='bbox 987 2847 1132 2921; x_wconf 82' lang='lat' dir='ltr'><strong>digessisti</strong></span> <span class='ocrx_word' id='word_1_223' title='bbox 1148 2853 1178 2906; x_wconf 92' lang='lat' dir='ltr'><strong>et</strong></span> <span class='ocrx_word' id='word_1_224' title='bbox 1194 2846 1358 2906; x_wconf 86' lang='lat' dir='ltr'><strong>admirabili</strong></span> <span class='ocrx_word' id='word_1_225' title='bbox 1377 2845 1472 2907; x_wconf 68' lang='lat' dir='ltr'><strong>ordine</strong></span> 
     </span>
     <span class='ocr_line' id='line_1_26' title="bbox 273 2951 1471 3024; baseline 0 -19"><span class='ocrx_word' id='word_1_226' title='bbox 273 2965 348 3022; x_wconf 88' lang='lat' dir='ltr'><strong>quae</strong></span> <span class='ocrx_word' id='word_1_227' title='bbox 371 2954 476 3008; x_wconf 88' lang='lat' dir='ltr'><strong>natura</strong></span> <span class='ocrx_word' id='word_1_228' title='bbox 497 2957 641 3024; x_wconf 82' lang='lat' dir='ltr'><strong>puguant,</strong></span> <span class='ocrx_word' id='word_1_229' title='bbox 664 2955 785 3010; x_wconf 88' lang='lat' dir='ltr'><strong>aeterno</strong></span> <span class='ocrx_word' id='word_1_230' title='bbox 809 2951 926 3012; x_wconf 83' lang='lat' dir='ltr'><strong>loedere</strong></span> <span class='ocrx_word' id='word_1_231' title='bbox 948 2953 1073 3010; x_wconf 88' lang='lat' dir='ltr'><strong>sociasti.</strong></span> <span class='ocrx_word' id='word_1_232' title='bbox 1120 2951 1160 3010; x_wconf 93' lang='lat' dir='ltr'><strong>At</strong></span> <span class='ocrx_word' id='word_1_233' title='bbox 1180 2957 1287 3024; x_wconf 89' lang='lat' dir='ltr'><strong>quanto</strong></span> <span class='ocrx_word' id='word_1_234' title='bbox 1310 2951 1417 3023; x_wconf 90' lang='lat' dir='ltr'><strong>turpius</strong></span> <span class='ocrx_word' id='word_1_235' title='bbox 1435 2953 1471 3005; x_wconf 87' lang='lat' dir='ltr'><strong>est</strong></span> 
     </span>
     <span class='ocr_line' id='line_1_27' title="bbox 273 3053 1470 3129; baseline 0.002 -19"><span class='ocrx_word' id='word_1_236' title='bbox 273 3053 371 3126; x_wconf 86' lang='lat' dir='ltr'><strong>chaos,</strong></span> <span class='ocrx_word' id='word_1_237' title='bbox 400 3053 449 3112; x_wconf 90' lang='lat' dir='ltr'><strong>ubi</strong></span> <span class='ocrx_word' id='word_1_238' title='bbox 470 3054 550 3112; x_wconf 88' lang='lat' dir='ltr'><strong>nulla</strong></span> <span class='ocrx_word' id='word_1_239' title='bbox 572 3061 617 3112; x_wconf 87' lang='lat' dir='ltr'><strong>eet</strong></span> <span class='ocrx_word' id='word_1_240' title='bbox 639 3055 761 3128; x_wconf 85' lang='lat' dir='ltr'><strong>caritas,</strong></span> <span class='ocrx_word' id='word_1_241' title='bbox 791 3057 872 3114; x_wconf 89' lang='lat' dir='ltr'><strong>nulla</strong></span> <span class='ocrx_word' id='word_1_242' title='bbox 893 3053 981 3129; x_wconf 88' lang='lat' dir='ltr'><strong>fides,</strong></span> <span class='ocrx_word' id='word_1_243' title='bbox 1015 3057 1094 3114; x_wconf 89' lang='lat' dir='ltr'><strong>nulla</strong></span> <span class='ocrx_word' id='word_1_244' title='bbox 1113 3053 1251 3128; x_wconf 85' lang='lat' dir='ltr'><strong>foedera,</strong></span> <span class='ocrx_word' id='word_1_245' title='bbox 1281 3055 1361 3114; x_wconf 83' lang='lat' dir='ltr'><strong>nulla</strong></span> <span class='ocrx_word' id='word_1_246' title='bbox 1382 3055 1470 3126; x_wconf 77' lang='lat' dir='ltr'><strong>legun</strong></span> 
     </span>
     <span class='ocr_line' id='line_1_28' title="bbox 272 3157 1471 3234; baseline -0.005 -18"><span class='ocrx_word' id='word_1_247' title='bbox 272 3157 353 3216; x_wconf 88' lang='lat' dir='ltr'><strong>nulla</strong></span> <span class='ocrx_word' id='word_1_248' title='bbox 375 3160 605 3231; x_wconf 88' lang='lat' dir='ltr'><strong>praepositorum</strong></span> <span class='ocrx_word' id='word_1_249' title='bbox 625 3162 805 3234; x_wconf 86' lang='lat' dir='ltr'><strong>reverentia,</strong></span> <span class='ocrx_word' id='word_1_250' title='bbox 829 3160 925 3218; x_wconf 89' lang='lat' dir='ltr'><strong>nullus</strong></span> <span class='ocrx_word' id='word_1_251' title='bbox 949 3159 1113 3233; x_wconf 79' lang='lat' dir='ltr'><strong>dogmatum</strong></span> <span class='ocrx_word' id='word_1_252' title='bbox 1137 3176 1310 3232; x_wconf 88' lang='lat' dir='ltr'><strong>consensus,</strong></span> <span class='ocrx_word' id='word_1_253' title='bbox 1339 3159 1390 3218; x_wconf 90' lang='lat' dir='ltr'><strong>sed</strong></span> <span class='ocrx_word' id='word_1_254' title='bbox 1408 3157 1471 3216; x_wconf 78' lang='lat' dir='ltr'><strong>uolut</strong></span> 
     </span>
     <span class='ocr_line' id='line_1_29' title="bbox 271 3261 1470 3338; baseline 0.005 -19"><span class='ocrx_word' id='word_1_255' title='bbox 271 3263 302 3320; x_wconf 93' lang='lat' dir='ltr'><strong>in</strong></span> <span class='ocrx_word' id='word_1_256' title='bbox 324 3261 438 3320; x_wconf 88' lang='lat' dir='ltr'><strong>dissono</strong></span> <span class='ocrx_word' id='word_1_257' title='bbox 462 3263 548 3322; x_wconf 91' lang='lat' dir='ltr'><strong>choro</strong></span> <span class='ocrx_word' id='word_1_258' title='bbox 576 3281 657 3322; x_wconf 88' lang='lat' dir='ltr'><strong>suam</strong></span> <span class='ocrx_word' id='word_1_259' title='bbox 690 3265 810 3338; x_wconf 87' lang='lat' dir='ltr'><strong>quisque</strong></span> <span class='ocrx_word' id='word_1_260' title='bbox 839 3267 919 3324; x_wconf 90' lang='lat' dir='ltr'><strong>canit</strong></span> <span class='ocrx_word' id='word_1_261' title='bbox 941 3265 1125 3323; x_wconf 81' lang='lat' dir='ltr'><strong>cantionem?</strong></span> <span class='ocrx_word' id='word_1_262' title='bbox 1181 3265 1290 3338; x_wconf 80' lang='lat' dir='ltr'><strong>Digero</strong></span> <span class='ocrx_word' id='word_1_263' title='bbox 1318 3264 1372 3322; x_wconf 92' lang='lat' dir='ltr'><strong>boc</strong></span> <span class='ocrx_word' id='word_1_264' title='bbox 1392 3263 1470 3325; x_wconf 59' lang='lat' dir='ltr'><strong>chlo&amp;</strong></span> 
     </span>
     <span class='ocr_line' id='line_1_30' title="bbox 272 3365 1470 3442; baseline -0.002 -18"><span class='ocrx_word' id='word_1_265' title='bbox 272 3365 388 3424; x_wconf 91' lang='lat' dir='ltr'><strong>domine</strong></span> <span class='ocrx_word' id='word_1_266' title='bbox 410 3367 495 3440; x_wconf 78' lang='lat' dir='ltr'><strong>lesu,</strong></span> <span class='ocrx_word' id='word_1_267' title='bbox 526 3368 670 3440; x_wconf 85' lang='lat' dir='ltr'><strong>expendat</strong></span> <span class='ocrx_word' id='word_1_268' title='bbox 701 3385 732 3428; x_wconf 89' lang='lat' dir='ltr'><strong>se</strong></span> <span class='ocrx_word' id='word_1_269' title='bbox 753 3369 870 3442; x_wconf 91' lang='lat' dir='ltr'><strong>spiritus</strong></span> <span class='ocrx_word' id='word_1_270' title='bbox 891 3376 956 3428; x_wconf 89' lang='lat' dir='ltr'><strong>tuus</strong></span> <span class='ocrx_word' id='word_1_271' title='bbox 987 3385 1073 3442; x_wconf 91' lang='lat' dir='ltr'><strong>snper</strong></span> <span class='ocrx_word' id='word_1_272' title='bbox 1095 3369 1147 3426; x_wconf 90' lang='lat' dir='ltr'><strong>has</strong></span> <span class='ocrx_word' id='word_1_273' title='bbox 1174 3385 1264 3441; x_wconf 85' lang='lat' dir='ltr'><strong>aquae</strong></span> <span class='ocrx_word' id='word_1_274' title='bbox 1285 3368 1362 3426; x_wconf 87' lang='lat' dir='ltr'><strong>male</strong></span> <span class='ocrx_word' id='word_1_275' title='bbox 1384 3366 1470 3426; x_wconf 86' lang='lat' dir='ltr'><strong>fluctu·</strong></span> 
     </span>
     <span class='ocr_line' id='line_1_31' title="bbox 272 3465 1469 3545; baseline 0 -20"><span class='ocrx_word' id='word_1_276' title='bbox 272 3469 383 3526; x_wconf 89' lang='lat' dir='ltr'><strong>antium</strong></span> <span class='ocrx_word' id='word_1_277' title='bbox 405 3465 578 3542; x_wconf 81' lang='lat' dir='ltr'><strong>dogmatum.</strong></span> <span class='ocrx_word' id='word_1_278' title='bbox 625 3471 686 3529; x_wconf 83' lang='lat' dir='ltr'><strong>Fac</strong></span> <span class='ocrx_word' id='word_1_279' title='bbox 709 3478 753 3545; x_wconf 82' lang='lat' dir='ltr'><strong>ut,</strong></span> <span class='ocrx_word' id='word_1_280' title='bbox 782 3472 1021 3544; x_wconf 84' lang='lat' dir='ltr'><strong>quemadmodum</strong></span> <span class='ocrx_word' id='word_1_281' title='bbox 1052 3473 1163 3532; x_wconf 87' lang='lat' dir='ltr'><strong>eunetis</strong></span> <span class='ocrx_word' id='word_1_282' title='bbox 1190 3474 1219 3530; x_wconf 91' lang='lat' dir='ltr'><strong>iu</strong></span> <span class='ocrx_word' id='word_1_283' title='bbox 1243 3477 1294 3530; x_wconf 82' lang='lat' dir='ltr'><strong>tus</strong></span> <span class='ocrx_word' id='word_1_284' title='bbox 1317 3471 1399 3530; x_wconf 90' lang='lat' dir='ltr'><strong>domo</strong></span> <span class='ocrx_word' id='word_1_285' title='bbox 1419 3485 1469 3526; x_wconf 78' lang='lat' dir='ltr'><strong>ser·</strong></span> 
     </span>
     <span class='ocr_line' id='line_1_32' title="bbox 273 3571 1467 3649; baseline -0.001 -20"><span class='ocrx_word' id='word_1_286' title='bbox 273 3571 402 3630; x_wconf 86' lang='lat' dir='ltr'><strong>sentibus</strong></span> <span class='ocrx_word' id='word_1_287' title='bbox 425 3589 484 3630; x_wconf 89' lang='lat' dir='ltr'><strong>una</strong></span> <span class='ocrx_word' id='word_1_288' title='bbox 506 3573 554 3630; x_wconf 84' lang='lat' dir='ltr'><strong>lux</strong></span> <span class='ocrx_word' id='word_1_289' title='bbox 578 3579 635 3647; x_wconf 90' lang='lat' dir='ltr'><strong>est,</strong></span> <span class='ocrx_word' id='word_1_290' title='bbox 659 3591 745 3632; x_wconf 89' lang='lat' dir='ltr'><strong>unum</strong></span> <span class='ocrx_word' id='word_1_291' title='bbox 768 3573 927 3649; x_wconf 90' lang='lat' dir='ltr'><strong>baptisma,</strong></span> <span class='ocrx_word' id='word_1_292' title='bbox 952 3593 1025 3634; x_wconf 89' lang='lat' dir='ltr'><strong>uuus</strong></span> <span class='ocrx_word' id='word_1_293' title='bbox 1040 3576 1136 3649; x_wconf 88' lang='lat' dir='ltr'><strong>Deus,</strong></span> <span class='ocrx_word' id='word_1_294' title='bbox 1160 3592 1218 3634; x_wconf 85' lang='lat' dir='ltr'><strong>una</strong></span> <span class='ocrx_word' id='word_1_295' title='bbox 1233 3591 1314 3648; x_wconf 85' lang='lat' dir='ltr'><strong>spes,</strong></span> <span class='ocrx_word' id='word_1_296' title='bbox 1337 3591 1407 3632; x_wconf 90' lang='lat' dir='ltr'><strong>unus</strong></span> <span class='ocrx_word' id='word_1_297' title='bbox 1425 3572 1467 3644; x_wconf 90' lang='lat' dir='ltr'><strong>spi-</strong></span> 
     </span>
     <span class='ocr_line' id='line_1_33' title="bbox 271 3677 1467 3754; baseline -0.002 -20"><span class='ocrx_word' id='word_1_298' title='bbox 271 3678 359 3751; x_wconf 87' lang='lat' dir='ltr'><strong>ritns,</strong></span> <span class='ocrx_word' id='word_1_299' title='bbox 387 3677 429 3734; x_wconf 89' lang='lat' dir='ltr'><strong>ita</strong></span> <span class='ocrx_word' id='word_1_300' title='bbox 451 3677 489 3735; x_wconf 91' lang='lat' dir='ltr'><strong>sit</strong></span> <span class='ocrx_word' id='word_1_301' title='bbox 508 3682 538 3736; x_wconf 92' lang='lat' dir='ltr'><strong>et</strong></span> <span class='ocrx_word' id='word_1_302' title='bbox 560 3693 615 3736; x_wconf 85' lang='lat' dir='ltr'><strong>vox</strong></span> <span class='ocrx_word' id='word_1_303' title='bbox 636 3695 709 3753; x_wconf 89' lang='lat' dir='ltr'><strong>uua,</strong></span> <span class='ocrx_word' id='word_1_304' title='bbox 738 3679 908 3738; x_wconf 88' lang='lat' dir='ltr'><strong>catholicam</strong></span> <span class='ocrx_word' id='word_1_305' title='bbox 935 3681 1087 3739; x_wconf 65' lang='lat' dir='ltr'><strong>venetam</strong></span> <span class='ocrx_word' id='word_1_306' title='bbox 1117 3677 1333 3754; x_wconf 85' lang='lat' dir='ltr'><strong>profitentium.‘</strong></span> <span class='ocrx_word' id='word_1_307' title='bbox 1392 3681 1467 3748; x_wconf 83' lang='lat' dir='ltr'><strong>Atque</strong></span> 
     </span>
    </p>
   </div>
   <div class='ocr_carea' id='block_1_5' title="bbox 190 3782 1466 3857">
    <p class='ocr_par' dir='ltr' id='par_1_5' title="bbox 190 3782 1466 3857">
     <span class='ocr_line' id='line_1_34' title="bbox 190 3782 1466 3857; baseline -0.003 -16"><span class='ocrx_word' id='word_1_308' title='bbox 190 3827 193 3832; x_wconf 89' lang='lat'><em>.</em></span> <span class='ocrx_word' id='word_1_309' title='bbox 272 3783 326 3841; x_wconf 87' lang='lat' dir='ltr'><strong>etsi</strong></span> <span class='ocrx_word' id='word_1_310' title='bbox 360 3783 465 3840; x_wconf 88' lang='lat' dir='ltr'><strong>iterum</strong></span> <span class='ocrx_word' id='word_1_311' title='bbox 500 3782 663 3855; x_wconf 87' lang='lat' dir='ltr'><strong>iterumque</strong></span> <span class='ocrx_word' id='word_1_312' title='bbox 693 3783 831 3842; x_wconf 87' lang='lat' dir='ltr'><strong>Erasmus</strong></span> <span class='ocrx_word' id='word_1_313' title='bbox 866 3787 969 3844; x_wconf 87' lang='lat' dir='ltr'><strong>timere</strong></span> <span class='ocrx_word' id='word_1_314' title='bbox 1004 3787 1047 3844; x_wconf 87' lang='lat' dir='ltr'><strong>ait</strong></span> <span class='ocrx_word' id='word_1_315' title='bbox 1077 3801 1115 3843; x_wconf 91' lang='lat' dir='ltr'><strong>ue</strong></span> <span class='ocrx_word' id='word_1_316' title='bbox 1149 3785 1366 3857; x_wconf 80' lang='lat' dir='ltr'><strong>sanguinarium</strong></span> <span class='ocrx_word' id='word_1_317' title='bbox 1382 3823 1384 3830; x_wconf 68' lang='lat'><em>,</em></span> <span class='ocrx_word' id='word_1_318' title='bbox 1398 3783 1466 3839; x_wconf 79' lang='lat' dir='ltr'><strong>iuste</strong></span> 
     </span>
    </p>
   </div>
   <div class='ocr_carea' id='block_1_6' title="bbox 227 3887 1465 4380">
    <p class='ocr_par' dir='ltr' id='par_1_6' title="bbox 227 3887 1465 4380">
     <span class='ocr_line' id='line_1_35' title="bbox 271 3887 1465 3962; baseline -0.003 -15"><span class='ocrx_word' id='word_1_319' title='bbox 271 3903 387 3960; x_wconf 84' lang='lat' dir='ltr'><strong>aevum,</strong></span> <span class='ocrx_word' id='word_1_320' title='bbox 420 3891 518 3946; x_wconf 58' lang='lat' dir='ltr'><strong>amen</strong></span> <span class='ocrx_word' id='word_1_321' title='bbox 546 3887 582 3946; x_wconf 89' lang='lat' dir='ltr'><strong>dc</strong></span> <span class='ocrx_word' id='word_1_322' title='bbox 617 3889 769 3960; x_wconf 86' lang='lat' dir='ltr'><strong>praeclaro</strong></span> <span class='ocrx_word' id='word_1_323' title='bbox 798 3890 898 3948; x_wconf 91' lang='lat' dir='ltr'><strong>ultimo</strong></span> <span class='ocrx_word' id='word_1_324' title='bbox 927 3889 984 3948; x_wconf 90' lang='lat' dir='ltr'><strong>fine</strong></span> <span class='ocrx_word' id='word_1_325' title='bbox 1016 3907 1073 3948; x_wconf 92' lang='lat' dir='ltr'><strong>uon</strong></span> <span class='ocrx_word' id='word_1_326' title='bbox 1096 3889 1223 3962; x_wconf 84' lang='lat' dir='ltr'><strong>dubitat,</strong></span> <span class='ocrx_word' id='word_1_327' title='bbox 1256 3890 1337 3960; x_wconf 88' lang='lat' dir='ltr'><strong>eujus</strong></span> <span class='ocrx_word' id='word_1_328' title='bbox 1362 3887 1465 3945; x_wconf 73' lang='lat' dir='ltr'><strong>dittmn</strong></span> 
     </span>
     <span class='ocr_line' id='line_1_36' title="bbox 271 3991 1464 4068; baseline -0.003 -19"><span class='ocrx_word' id='word_1_329' title='bbox 271 3991 416 4065; x_wconf 89' lang='lat' dir='ltr'><strong>quandam</strong></span> <span class='ocrx_word' id='word_1_330' title='bbox 441 3993 648 4050; x_wconf 86' lang='lat' dir='ltr'><strong>necessitatem</strong></span> <span class='ocrx_word' id='word_1_331' title='bbox 679 4009 743 4052; x_wconf 92' lang='lat' dir='ltr'><strong>oum</strong></span> <span class='ocrx_word' id='word_1_332' title='bbox 773 3993 903 4054; x_wconf 89' lang='lat' dir='ltr'><strong>Luthero</strong></span> <span class='ocrx_word' id='word_1_333' title='bbox 932 3996 1071 4068; x_wconf 80' lang='lat' dir='ltr'><strong>agnoscit.</strong></span> <span class='ocrx_word' id='word_1_334' title='bbox 1129 3993 1241 4067; x_wconf 87' lang='lat' dir='ltr'><strong>‚Fata‘‚</strong></span> <span class='ocrx_word' id='word_1_335' title='bbox 1264 3993 1374 4066; x_wconf 82' lang='lat' dir='ltr'><strong>inquit,</strong></span> <span class='ocrx_word' id='word_1_336' title='bbox 1398 3991 1464 4064; x_wconf 76' lang='lat' dir='ltr'><strong>‚dan</strong></span> 
     </span>
     <span class='ocr_line' id='line_1_37' title="bbox 271 4095 1462 4168; baseline 0 -14"><span class='ocrx_word' id='word_1_337' title='bbox 271 4097 436 4168; x_wconf 77' lang='lat' dir='ltr'><strong>invenient3</strong></span> <span class='ocrx_word' id='word_1_338' title='bbox 466 4111 553 4168; x_wconf 88' lang='lat' dir='ltr'><strong>spero</strong></span> <span class='ocrx_word' id='word_1_339' title='bbox 583 4095 635 4154; x_wconf 90' lang='lat' dir='ltr'><strong>hos</strong></span> <span class='ocrx_word' id='word_1_340' title='bbox 663 4113 762 4156; x_wconf 89' lang='lat' dir='ltr'><strong>omnes</strong></span> <span class='ocrx_word' id='word_1_341' title='bbox 786 4099 928 4157; x_wconf 87' lang='lat' dir='ltr'><strong>ecclesiae</strong></span> <span class='ocrx_word' id='word_1_342' title='bbox 957 4099 1094 4156; x_wconf 89' lang='lat' dir='ltr'><strong>tumultus</strong></span> <span class='ocrx_word' id='word_1_343' title='bbox 1121 4097 1240 4156; x_wconf 90' lang='lat' dir='ltr'><strong>tandem</strong></span> <span class='ocrx_word' id='word_1_344' title='bbox 1263 4098 1294 4156; x_wconf 95' lang='lat' dir='ltr'><strong>in</strong></span> <span class='ocrx_word' id='word_1_345' title='bbox 1314 4097 1413 4154; x_wconf 89' lang='lat' dir='ltr'><strong>bonam</strong></span> <span class='ocrx_word' id='word_1_346' title='bbox 1432 4106 1462 4148; x_wconf 75' lang='lat' dir='ltr'><strong>cl·</strong></span> 
     </span>
     <span class='ocr_line' id='line_1_38' title="bbox 270 4192 1461 4275; baseline -0.002 -17"><span class='ocrx_word' id='word_1_347' title='bbox 270 4197 442 4274; x_wconf 88' lang='lat' dir='ltr'><strong>tastrophen</strong></span> <span class='ocrx_word' id='word_1_348' title='bbox 472 4200 598 4258; x_wconf 85' lang='lat' dir='ltr'><strong>exituros</strong></span> <span class='ocrx_word' id='word_1_349' title='bbox 628 4198 751 4260; x_wconf 89' lang='lat' dir='ltr'><strong>artificio</strong></span> <span class='ocrx_word' id='word_1_350' title='bbox 779 4203 882 4260; x_wconf 88' lang='lat' dir='ltr'><strong>summi</strong></span> <span class='ocrx_word' id='word_1_351' title='bbox 912 4203 990 4262; x_wconf 89' lang='lat' dir='ltr'><strong>illius</strong></span> <span class='ocrx_word' id='word_1_352' title='bbox 1021 4203 1153 4275; x_wconf 80' lang='lat' dir='ltr'><strong>eboregi,</strong></span> <span class='ocrx_word' id='word_1_353' title='bbox 1190 4203 1270 4274; x_wconf 87' lang='lat' dir='ltr'><strong>cujus</strong></span> <span class='ocrx_word' id='word_1_354' title='bbox 1306 4192 1461 4258; x_wconf 85' lang='lat' dir='ltr'><strong>inscrutabili</strong></span> 
     </span>
     <span class='ocr_line' id='line_1_39' title="bbox 227 4303 891 4380; baseline 0.005 -17"><span class='ocrx_word' id='word_1_355' title='bbox 227 4311 230 4320; x_wconf 68' lang='lat'><strong>⁴</strong></span> <span class='ocrx_word' id='word_1_356' title='bbox 271 4303 391 4364; x_wconf 90' lang='lat' dir='ltr'><strong>oonsilio</strong></span> <span class='ocrx_word' id='word_1_357' title='bbox 413 4320 462 4363; x_wconf 90' lang='lat' dir='ltr'><strong>res</strong></span> <span class='ocrx_word' id='word_1_358' title='bbox 483 4303 627 4364; x_wconf 88' lang='lat' dir='ltr'><strong>homiuum</strong></span> <span class='ocrx_word' id='word_1_359' title='bbox 651 4305 891 4380; x_wconf 89' lang='lat' dir='ltr'><strong>temperantur.‘¹</strong></span> 
     </span>
    </p>
   </div>
   <div class='ocr_carea' id='block_1_7' title="bbox 272 4468 1457 4621">
    <p class='ocr_par' dir='ltr' id='par_1_7' title="bbox 272 4468 1457 4621">
     <span class='ocr_line' id='line_1_40' title="bbox 379 4468 1457 4536; baseline -0.003 -16"><span class='ocrx_word' id='word_1_360' title='bbox 379 4471 405 4534; x_wconf 87' lang='lat'><strong>1)</strong></span> <span class='ocrx_word' id='word_1_361' title='bbox 422 4471 460 4521; x_wconf 77' lang='lat' dir='ltr'><strong>(ii.</strong></span> <span class='ocrx_word' id='word_1_362' title='bbox 474 4471 504 4519; x_wconf 89' lang='lat' dir='ltr'><strong>de</strong></span> <span class='ocrx_word' id='word_1_363' title='bbox 516 4469 569 4519; x_wconf 84' lang='lat' dir='ltr'><strong>his:</strong></span> <span class='ocrx_word' id='word_1_364' title='bbox 594 4471 690 4522; x_wconf 83' lang='lat' dir='ltr'><strong>Woker</strong></span> <span class='ocrx_word' id='word_1_365' title='bbox 704 4472 735 4522; x_wconf 87' lang='lat' dir='ltr'><strong>de</strong></span> <span class='ocrx_word' id='word_1_366' title='bbox 747 4473 849 4523; x_wconf 81' lang='lat' dir='ltr'><strong>Erasmi</strong></span> <span class='ocrx_word' id='word_1_367' title='bbox 863 4473 954 4524; x_wconf 85' lang='lat' dir='ltr'><strong>studiis</strong></span> <span class='ocrx_word' id='word_1_368' title='bbox 972 4473 1079 4524; x_wconf 71' lang='lat' dir='ltr'><strong>manicis</strong></span> <span class='ocrx_word' id='word_1_369' title='bbox 1097 4471 1274 4522; x_wconf 83' lang='lat' dir='ltr'><strong>Pederboruae</strong></span> <span class='ocrx_word' id='word_1_370' title='bbox 1295 4469 1361 4522; x_wconf 78' lang='lat'>1872</span> <span class='ocrx_word' id='word_1_371' title='bbox 1380 4468 1457 4536; x_wconf 75' lang='lat' dir='ltr'><strong>(dum-</strong></span> 
     </span>
     <span class='ocr_line' id='line_1_41' title="bbox 272 4554 660 4621; baseline 0.003 -16"><span class='ocrx_word' id='word_1_372' title='bbox 272 4557 336 4606; x_wconf 83' lang='lat' dir='ltr'><strong>tatio</strong></span> <span class='ocrx_word' id='word_1_373' title='bbox 357 4554 509 4621; x_wconf 79' lang='lat' dir='ltr'><strong>Bouneunis)</strong></span> <span class='ocrx_word' id='word_1_374' title='bbox 529 4571 555 4620; x_wconf 90' lang='lat' dir='ltr'><strong>p.</strong></span> <span class='ocrx_word' id='word_1_375' title='bbox 577 4561 608 4607; x_wconf 74' lang='lat'><strong>³2</strong></span> <span class='ocrx_word' id='word_1_376' title='bbox 627 4574 660 4610; x_wconf 84' lang='lat' dir='ltr'><strong>ss.</strong></span> 
     </span>
    </p>
   </div>
   <div class='ocr_carea' id='block_1_8' title="bbox 0 0 1592 5064">
    <p class='ocr_par' dir='ltr' id='par_1_8' title="bbox 0 0 1592 5064">
     <span class='ocr_line' id='line_1_42' title="bbox 0 0 1592 5064; baseline 0 2"><span class='ocrx_word' id='word_1_377' title='bbox 0 0 1592 5064; x_wconf 95' lang='lat' dir='ltr'><strong> </strong></span> 
     </span>
    </p>
   </div>
  </div>
 </body>
</html>
