3202 5058
728 307 818 371 Cunna
836 305 872 373 1t.
1362 303 1397 372 99

190 410 194 418 ,
368 413 400 418 -
1062 411 1151 417 ..fl-...-
1159 409 1396 418 --—.-.——-.

184 538 314 610 pientiae
344 537 506 610 pertinacia
536 535 668 594 obtinuit.
719 533 840 595 Italicae
870 535 995 594 nationis
1025 537 1179 611 unitatem,
1199 555 1285 612 quam
1309 541 1397 600 etiam

183 642 320 713 permulti
357 640 524 700 sacerdotes
548 640 824 698 desideratissimam
849 640 905 698 sibi
939 657 1003 699 esse
1034 640 1149 713 publico
1176 641 1396 722 confitebantur,
1504 659 1507 666 ’

179 746 241 817 Jam
264 746 325 818 Ipse
341 746 389 804 vel
404 743 504 803 audIre
516 744 681 816 abhorruit3
704 760 876 817 quamquam
894 743 1000 803 deiude
1011 745 1127 803 insitum
1141 752 1254 820 patriae
1268 766 1396 810 amorem

184 849 338 922 aliquoties
371 849 525 907 emicuisse
554 849 586 906 in
617 863 652 906 eo
678 848 794 906 dixeris.
844 848 911 908 Solo
940 864 1085 908 armorum
1114 849 1397 926 Franoogallicorum

183 953 329 1025 praesidio
357 959 388 1011 et
417 969 434 1011 e
458 951 596 1026 Cajetano
623 952 709 1010 exilio
738 953 840 1026 rediit,
870 959 900 1011 et
922 953 1042 1011 Invitam
1072 955 1216 1014 civitatem
1238 956 1398 1017 Romanam

183 1073 239 1129 per
264 1055 380 1130 aliquod
410 1061 524 1130 tempus
554 1057 606 1114 snb
633 1057 755 1130 imperio
777 1055 871 1114 adhue
900 1059 1036 1116 coercuit.
1081 1059 1131 1118 Sui
1153 1061 1237 1134 regni
1259 1065 1398 1121 secularia

67 1181 70 1186 ·
183 1162 406 1235 necessitatem,
431 1177 488 1233 quo
512 1160 630 1234 propius
658 1159 730 1218 illud
760 1160 797 1218 ad
823 1159 910 1219 finem
932 1177 1053 1236 vergere
1073 1163 1160 1238 vids,
1191 1181 1226 1223 eo
1248 1167 1343 1224 aerius
1365 1169 1397 1226 in

183 1263 253 1324 fidei
281 1265 411 1324 articulis
437 1281 546 1337 ponere
574 1265 722 1322 laboravit.
772 1265 893 1323 Jesmtts
917 1267 978 1338 jam
1000 1271 1093 1324 totum
1121 1283 1152 1325 ae
1183 1268 1271 1327 dedit.
1325 1269 1397 1329 Cum

184 1370 304 1443 iisdem,
333 1370 501 1443 quibuscum
530 1369 673 1428 ecclesiae
701 1385 805 1443 pacem
833 1375 911 1428 stare
944 1371 1132 1430 nullomodo
1158 1365 1242 1446 posse
1264 1373 1399 1435 clemens

185 1473 262 1534 XIV.
290 1475 422 1532 sollemni
443 1473 524 1532 bolla
546 1473 764 1548 declaraverat,
784 1473 861 1532 'Pius
883 1475 1053 1533 societatem
1074 1476 1140 1534 infit
1161 1478 1305 1552 intimam,
1327 1481 1398 1540 lIcet

186 1579 256 1652 ipsi,
286 1583 319 1636 ut
348 1577 481 1651 videtur,
510 1579 574 1650 plus
592 1578 683 1636 semel
710 1578 869 1636 molestam.
915 1577 987 1636 (lum
1009 1578 1054 1638 lris
1077 1581 1254 1655 conspiravit
1275 1583 1312 1642 sd
1332 1600 1398 1642 con·

185 1683 381 1742 summaudam
408 1699 473 1740 eam
503 1682 644 1741 ecclesiae
670 1684 829 1758 unitatem,
856 1699 932 1756 quae
955 1683 1084 1744 absoluto
1107 1683 1206 1760 Papae
1228 1689 1349 1760 imperio
1369 1693 1400 1747 et

186 1803 275 1845 caeca
304 1794 468 1846 ceterorum
500 1787 626 1845 omnium
655 1786 822 1846 obedientia
851 1793 1013 1858 constaret,
1046 1789 1083 1847 ad
1121 1791 1295 1851 stabilienda
1324 1809 1399 1851 nova

185 1891 321 1965 dogmata
348 1896 378 1950 et
407 1896 531 1965 statuta,
558 1891 661 1964 quibus
688 1907 755 1964 spos
781 1891 956 1950 restituendi
984 1893 1074 1952 talem
1102 1895 1245 1966 quondam
1272 1899 1398 1955 omnium

186 1995 412 2055 Christianorum
435 1995 593 2070 unitatem,
619 1995 734 2068 qualem
750 1995 913 2054 Leibuitius
935 1996 1039 2055 altiore
1062 2003 1093 2056 et
1114 1998 1281 2059 liberaliore
1304 2003 1399 2060 ammo

186 2101 381 2174 cogitaverat,
404 2100 520 2158 omnino
543 2099 772 2173 praecideretur,
795 2099 921 2172 denique
944 2100 982 2158 ad
1004 2103 1244 2177 conculcandum,
1263 2105 1401 2178 quidquid

185 2204 328 2263 libertatis
351 2205 404 2263 sub
427 2205 525 2263 curiae
540 2203 689 2264 Romanae
707 2204 855 2262 dominatu
877 2203 1071 2278 superfuerat.
1116 2206 1180 2265 Hoo
1199 2208 1259 2264 ioto
1280 2207 1400 2268 loedere

186 2325 250 2366 mox
272 2309 379 2368 factum
402 2315 462 2384 est,
486 2315 519 2367 ut
532 2307 629 2367 Maria
651 2309 713 2367 siue
736 2308 802 2367 labe
826 2314 967 2382 concepta
989 2325 1061 2368 novo
1079 2311 1129 2369 illo
1144 2310 1278 2386 dogmate
1294 2328 1401 2371 renun-

185 2415 317 2488 tiaretur,
350 2415 426 2488 quod
460 2415 587 2473 omnium
619 2413 784 2488 dogmatum
817 2415 940 2488 primum
970 2415 1047 2473 solus
1072 2415 1153 2489 Papa
1182 2418 1244 2475 sine
1272 2415 1400 2476 Concilio

185 2515 306 2577 definbe
330 2524 360 2577 et
378 2519 489 2577 cunetis
508 2517 642 2578 fidelibus
665 2518 842 2578 credendam
864 2520 1015 2592 imponere
1038 2535 1125 2578 ausus
1148 2525 1208 2594 est,
1229 2519 1317 2593 idque
1340 2539 1399 2581 non

184 2627 297 2682 tantmn
319 2627 420 2682 contra
440 2624 611 2696 antiquioris
632 2623 773 2682 ecclesiae
797 2623 999 2698 traditionem,
1022 2623 1074 2683 sed
1090 2625 1178 2683 etiam
1193 2632 1294 2684 contra
1309 2627 1400 2686 diser·

185 2733 231 2785 tas
258 2727 357 2786 Sancti
385 2726 528 2786 Bernardi
562 2734 593 2786 et
622 2726 750 2786 Thomas
778 2728 931 2801 Aquinatis
963 2729 1130 2788 sententias.
1186 2729 1289 2802 ltaque
1319 2729 1401 2805 Papa

185 2831 387 2906 homunculus,
413 2831 443 2890 id
469 2831 546 2905 quod
569 2831 606 2890 de
631 2848 663 2891 se
690 2849 745 2905 per
773 2831 895 2890 ironiam
918 2831 1113 2906 Vespasianus
1137 2833 1246 2892 Caesar
1276 2835 1399 2910 dixerat,
1482 2907 1483 2911 Ἰ

185 2935 290 2995 Divum
319 2953 351 2995 se
380 2933 444 2995 lieri
473 2937 550 2995 serio
579 2935 716 3010 putabat,
748 2953 836 3009 quum
863 2937 977 2995 sufficet
999 2944 1135 3012 arrogata
1157 2937 1213 2996 sihi
1234 2939 1265 2996 in
1287 2940 1399 2999 eoelum

184 3045 330 3114 potestate
353 3041 409 3114 ipsi
430 3039 579 3114 Deiparae
598 3040 720 3113 aliisquo
741 3039 910 3111 jamdudum
932 3040 1076 3119 defunctis
1095 3042 1234 3116 debitum,
1256 3061 1312 3116 quo
1327 3051 1400 3102 tam·

185 3144 235 3203 diu
257 3146 433 3219 caruissent,
455 3145 638 3218 splendorem
661 3144 770 3203 addere
793 3144 849 3202 sibi
872 3145 1028 3218 videretur,
1050 3147 1137 3204 immo
1159 3148 1230 3204 satis
1248 3149 1401 3220 pueriliter

185 3265 282 3308 coram
304 3247 505 3308 cardinalibus
540 3249 599 3308 suis
629 3247 811 3322 glortaretur,
845 3263 877 3306 se
900 3249 1078 3307 canonizatis
1100 3254 1143 3307 tot
1165 3251 1273 3308 nanctis
1296 3267 1398 3325 ,novos

182 3353 336 3427 patronos‘
366 3353 535 3427 praebuisse
561 3353 703 3412 ecclesiae
733 3351 839 3410 misere
868 3353 1025 3410 laceratae.
1066 3352 1120 3411 His
1149 3354 1280 3428 patronIs
1310 3356 1399 3414 etiam

184 3458 304 3517 Petrum
335 3457 467 3532 Arbues,
496 3458 619 3531 primum
656 3456 800 3530 quondam
831 3457 991 3530 Hispaniae
1019 3455 1158 3532 Magnum
1188 3459 1400 3535 Inquisitorem,

186 3561 432 3626 adnumerandum
466 3563 586 3620 curavit.
648 3561 714 3620 Non
748 3562 853 3619 mIrum
886 3561 962 3635 quod
1001 3568 1061 3622 tam
1095 3563 1190 3622 audax
1226 3566 1400 3624 somniorum

187 3671 327 3740 captator,
353 3671 453 3724 tantae
475 3666 703 3738 omnipotentiae
726 3666 824 3738 specie
848 3664 1094 3742 Inflatus,·etiam
1109 3670 1220 3726 cunctis
1236 3669 1401 3728 civitatibus

185 3770 348 3844 Europaeis
369 3770 479 3829 bellum
499 3769 610 3828 inferre
630 3786 688 3828 nou
710 3769 861 3830 dubitavit.
906 3771 1037 3831 FamosIs
1060 3772 1178 3848 edictis,
1201 3773 1349 3846 encyclica
1371 3777 1401 3831 et

186 3875 313 3949 sleabo,
342 3889 413 3934 vera
445 3881 476 3933 et
510 3874 585 3933 falsa
614 3874 777 3948 perniciose
809 3875 949 3949 miscens,
988 3893 1052 3935 cum
1080 3876 1275 3950 pantheismo,
1308 3881 1400 3934 mate-

185 3979 328 4053 molismo,
352 3979 515 4038 socialismo
538 3979 622 4037 simul
637 3993 751 4037 omnem
766 3978 934 4039 libertatem
949 3981 1161 4052 conscientiae,
1184 3979 1277 4038 cultus
1298 3979 1401 4055 divini,

185 4083 345 4158 sentiendi,
384 4083 500 4142 dIcendi
539 4089 569 4142 et
607 4081 752 4142 scribendi
783 4082 987 4142 condemnavit
1019 4089 1050 4141 et
1076 4089 1108 4139 ut
1137 4083 1256 4142 inventa
1285 4083 1402 4143 Diaboli

186 4194 354 4248 esseoratus
374 4194 434 4262 est,
463 4187 579 4246 nescius
602 4193 741 4260 quantum
762 4166 827 4260 ipse
847 4187 994 4246 inerudita
1015 4185 1194 4244 diversarum
1216 4203 1313 4246 rerum
1334 4205 1403 4248 oon·

184 4294 297 4353 fumone
324 4293 461 4351 auxilium
488 4307 578 4366 regno
605 4292 675 4349 mali
701 4289 801 4350 terret.
848 4277 930 4348 Tunc
954 4291 1097 4349 Maximus
1123 4289 1160 4350 de
1187 4293 1321 4367 Aueglio,
1352 4295 1402 4366 qui

184 4403 324 4456 mutatam
347 4398 378 4455 iu
401 4397 485 4470 pejus
496 4395 541 4454 Pii
565 4401 693 4453 mentem
716 4400 747 4453 et
769 4393 967 4454 condicionem
989 4395 1159 4454 contristato
1175 4397 1270 4455 animo
1287 4403 1403 4455 secutus

185 4509 265 4575 erat,
295 4503 416 4561 vulnera
445 4500 578 4572 religIoui
606 4498 704 4573 populi
727 4499 772 4556 sui
799 4499 835 4557 ab
858 4501 922 4574 ipso
944 4497 1083 4558 Pontifiee
1106 4499 1217 4560 inflicta
1239 4500 1402 4575 deplorans,

183 4607 215 4666 in
237 4609 288 4667 illo
310 4608 372 4666 vim
395 4605 489 4680 ipsum
511 4603 655 4677 Papatum
679 4603 761 4675 quasi
782 4604 911 4677 ,suicidii
933 4603 1126 4664 monomania‘
1149 4611 1314 4680 correptum
1337 4621 1401 4668 essa
