3194 5042
678 344 766 400 earm
784 344 817 398 ιι.
1310 345 1361 399 rar
1464 321 1467 326 ’

130 439 258 447 —.----
721 440 848 446 ———
859 440 868 446 -
882 440 971 446 -—--
983 439 1361 447 ——----—-----.„-.--—--

130 549 184 606 bat
206 547 391 625 aliorumque
409 548 554 623 omnium,
578 548 668 607 etiam
686 553 916 622 antecessorum,
937 547 1085 624 judicium
1103 547 1210 607 tantuli
1228 548 1361 608 faciebat.

130 655 201 714 Non
223 655 347 730 mirum,
373 655 451 732 quod
474 655 563 715 etiam
586 655 731 733 quidquid
754 655 918 715 litteraurm
941 655 1049 715 amoris
1071 655 1103 714 in
1126 655 1178 715 illo
1201 661 1361 732 supererat,

132 763 264 822 vanitate
295 767 467 840 corruptum
494 768 547 822 est
598 762 685 822 Haud
713 767 823 823 temere
850 781 928 822 unus
957 763 1158 823 cardinalium
1185 763 1250 840 ejus
1277 763 1361 837 dixit,

132 872 241 950 cupide
267 889 336 930 eum
363 875 477 948 optare,
508 875 543 930 ιιι
570 888 727 948 supremus
754 870 859 929 mundi
887 871 1024 931 dominus
1051 870 1138 931 etiam
1166 871 1197 930 in
1225 871 1362 930 omnibns

131 979 331 1039 doctrinarum
354 978 522 1056 artiumque
544 978 677 1054 partibus
700 983 916 1055 agnosceretur.

240 1086 321 1146 Talis
344 1085 436 1162 igitur
458 1086 539 1163 Papa
561 1085 639 1160 Rex,
663 1104 752 1164 quem
775 1103 856 1146 nunc
878 1086 993 1161 dieunt,
1016 1085 1190 1162 aptissimus
1213 1091 1286 1160 erat,
1310 1085 1362 1164 qui

131 1194 181 1253 Pii
206 1193 241 1254 V.
270 1211 346 1272 opus
379 1193 465 1271 quasi
492 1193 529 1252 ad
556 1193 746 1271 perfeetionis
774 1193 893 1253 culmen
921 1193 1100 1270 perduceret
1151 1193 1207 1252 Ille
1234 1193 1361 1270 priorem

131 1301 347 1379 rempublicam
383 1300 568 1376 litterariam,
605 1302 691 1377 eujus
728 1301 842 1361 sodales
878 1301 994 1361 Erasmi
1032 1302 1125 1360 instar
1161 1300 1361 1376 evangelicam

132 1409 299 1469 libertatem
321 1427 388 1468 eum
412 1408 550 1486 ingenuis
573 1409 714 1469 classicae
737 1409 922 1486 antiquitatis
941 1407 1048 1468 studiis
1067 1409 1285 1482 consociabunt,
1308 1427 1362 1486 per

132 1516 340 1594 Inquisitionis
367 1516 497 1576 tribunal
525 1517 629 1576 effusis
657 1517 812 1593 sanguinis
840 1516 1012 1576 fluminibus
1041 1516 1182 1576 initalia
1209 1521 1360 1576 everterat.

133 1623 269 1684 Urbanus
296 1641 350 1702 per
372 1625 451 1684 idem
473 1624 615 1696 tribunal,
639 1624 709 1684 lieet
731 1624 871 1700 sanguini
893 1643 1030 1702 parcens,
1058 1629 1157 1684 tamen
1179 1643 1240 1684 nou
1263 1625 1362 1684 minus

132 1732 287 1807 tyrannice
318 1736 348 1792 et
380 1732 539 1791 crudeliter
569 1733 602 1790 in
629 1732 754 1792 Galilaei
787 1750 913 1810 persona
939 1751 1045 1792 novam
1072 1733 1287 1810 rempublicam
1313 1731 1362 1791 lit-

132 1840 281 1915 terariam,
309 1857 385 1918 quae
412 1859 429 1898 a
457 1839 683 1916 pervestiganda
709 1859 808 1900 rerum
835 1846 941 1899 natura
969 1841 1166 1915 exoriebatur,
1194 1839 1302 1900 ibidem
1330 1840 1361 1898 in

133 1947 251 2006 saecula
273 1947 428 2024 oppressit.
475 1947 510 2006 Id
533 1965 602 2007 vero
625 1965 659 2007 eo
682 1947 799 2024 turpius
823 1953 897 2021 erat,
922 1947 991 2024 quia
1014 1953 1044 2006 et
1066 1948 1145 2024 ipse,
1176 1947 1264 2006 sicuti
1287 1946 1362 2005 ridi-

132 2072 213 2128 mus,
241 2054 278 2113 de
300 2055 389 2114 edicti
412 2059 513 2114 contm
538 2054 797 2131 (lopernicumt
755 2054 808 2114 lati
798 2055 946 2131 rjustitia
968 2059 998 2114 et
1021 2055 1240 2132 opportunitate
1262 2054 1362 2131 aliquo

132 2162 218 2221 modo
250 2162 496 2238 dubitaverat,e
496 2162 646 2222 tRomae
672 2162 731 2221 ‹luo
759 2161 856 2222 adhue
882 2162 939 2221 uiri
967 2167 1141 2239 supererant
1167 2161 1362 2222 astronomiae

131 2269 216 2346 gnari
244 2269 362 2348 ipsiquo
389 2287 519 2348 eousque
546 2269 721 2346 gratissimi,
750 2269 951 2330 Castelluset
938 2269 1177 2346 t,0ampanella
1206 2269 1257 2347 qui
1282 2268 1361 2330 Gali-

131 2375 230 2436 laeum
262 2383 364 2436 contra
391 2377 586 2456 inquisitores
618 2377 775 2438 defendere
802 2377 867 2436 ausi
895 2382 973 2437 sunt.
1023 2376 1127 2454 Neque
1154 2377 1246 2452 enim,
1279 2395 1362 2454 prae-

132 2484 235 2544 sertim
263 2503 356 2562 quum
378 2484 513 2545 Etruriae
536 2485 662 2561 Magnus
685 2485 755 2544 Dux
778 2503 828 2544 eos
851 2485 1015 2562 adjuvaret,
1043 2485 1153 2544 frustra
1175 2483 1206 2543 id
1229 2484 1361 2559 faciebat,

131 2591 191 2650 nisi
209 2591 274 2668 ipse
293 2592 431 2652 Pontifex
449 2611 517 2653 oum
536 2592 606 2666 ista,
630 2611 719 2670 quam
737 2592 947 2668 indicarimus,
967 2593 1156 2670 protervitate
1174 2597 1204 2652 et
1221 2592 1362 2652 violentia

132 2717 184 2759 eos
206 2699 405 2776 repressisset.

238 2806 380 2884 Inprimis
405 2807 553 2868 Castellus
581 2809 656 2868 mira
683 2809 818 2869 libertate
841 2809 913 2868 dicit
936 2809 1074 2868 Patribus
1098 2808 1172 2879 illis,
1201 2825 1289 2885 pesse
1312 2827 1362 2868 eos

131 2913 286 2992 prohibere
308 2921 360 2974 aut
382 2933 442 2974 non
460 2916 628 2992 prohibere,
653 2935 847 2994 quaeeunque
865 2917 1019 2976 hominum
1037 2933 1144 2975 manus
1163 2916 1361 2992 scripsissent,

132 3022 185 3081 sed
216 3039 346 3100 eousque
377 3023 580 3082 auctoritatem
613 3041 714 3082 eorum
748 3041 808 3082 nou
835 3023 958 3100 porrigi,
992 3028 1026 3082 ut
1052 3028 1146 3082 terrae
1173 3027 1283 3081 statum
1310 3027 1362 3080 aut

131 3133 244 3188 motum
272 3129 435 3206 efficerent,
468 3148 564 3208 neque
591 3131 789 3207 praescribere
816 3147 866 3190 eos
894 3147 982 3206 posse
1010 3129 1072 3188 Deo
1099 3134 1129 3188 et
1155 3133 1289 3202 naturae,
1322 3145 1361 3187 ne

131 3255 237 3296 areana
268 3237 417 3320 recondita
448 3237 532 3298 mille
563 3238 659 3296 modis
691 3255 745 3297 suo
777 3242 909 3313 tempore
940 3237 1025 3296 nobis
1051 3235 1223 3296 revelarent
1275 3235 1360 3295 Com-

131 3344 300 3403 missarium
318 3345 526 3422 Inquisitionis
549 3343 772 3405 commonefecit
790 3342 890 3404 Sancti
909 3343 1083 3420 Augustini,
1107 3343 1158 3420 qui
1178 3343 1240 3419 jam
1263 3348 1360 3402 osten·
1427 3412 1429 3416 ¹

131 3451 237 3526 disset,
258 3451 291 3511 in
309 3453 397 3513 Sacra
416 3452 568 3529 Scriptura
590 3452 667 3511 nihil
685 3451 800 3510 definiri
819 3451 867 3510 vel
886 3450 982 3510 doceri
1001 3451 1038 3510 de
1057 3451 1106 3510 his
1125 3449 1359 3528 quaestionibus3

131 3559 235 3618 multis
267 3577 336 3619 vero
369 3559 478 3619 seculis
510 3564 578 3637 post
609 3577 750 3635 magnum
779 3559 936 3636 Oopemioi
968 3559 1121 3634 ingenium
1153 3559 1185 3617 in
1217 3558 1361 3616 mundum

131 3666 250 3726 venisse
267 3667 305 3726 ad
323 3667 536 3744 perficiendum
555 3666 727 3727 admirabile
746 3685 833 3726 suum
854 3685 929 3744 epus
947 3667 985 3725 de
999 3665 1232 3726 revolutionibus
1247 3665 1361 3725 orbium

131 3773 316 3849 coelestium,
340 3775 418 3852 quod
437 3779 470 3834 ut
489 3775 587 3834 ederet
605 3779 694 3852 atque
714 3774 885 3834 doctissimo
904 3774 1001 3851 Papae
1020 3773 1113 3833 Paulo
1131 3773 1185 3832 ΠΙ.
1205 3773 1360 3847 dedicaret,

130 3880 291 3941 aNicolao
315 3881 524 3957 Schombergio
548 3881 696 3942 Caulinali
725 3887 754 3941 et
776 3881 813 3940 ab
835 3881 904 3940 eliis
926 3881 1070 3958 piissimis
1093 3879 1362 3958 eruditissimisque

131 3989 278 4066 episeopis
301 3989 455 4048 incitatum
479 4007 559 4067 esse;
588 3989 716 4067 denique
739 3988 821 4048 illius
844 3989 1010 4048 tabularum
1033 4005 1089 4065 ope
1110 3987 1206 4065 ipsam
1230 3991 1361 4047 sanctam

131 4095 286 4156 eeclesiam
315 4097 524 4156 Celenderium
556 4097 740 4157 reformasse.
792 4095 888 4170 Quare
916 4113 948 4156 se
975 4095 1075 4172 ipsum
1102 4095 1194 4155 libere
1221 4095 1361 4168 confiteri,

131 4221 190 4263 non
222 4221 289 4264 esse
320 4223 374 4264 eur
404 4205 563 4279 dubitaret,
596 4205 669 4282 quin
702 4209 779 4264 terra
810 4222 845 4264 eo
877 4207 959 4262 motu
991 4203 1170 4278 volveretur,
1203 4221 1290 4280 quem
1318 4207 1362 4261 tot

131 4309 342 4387 experimentis
370 4317 400 4371 et
427 4317 473 4371 rat
460 4312 590 4372 tionibus
614 4311 796 4388 Copemieus
819 4311 1061 4385 demonstrasset,
1036 4315 1186 4387 tneque
1208 4315 1362 4386 propterea
1454 4315 1457 4326 '

131 4417 307 4505 secupulum
335 4419 391 4478 sibi
419 4419 562 4496 injectum
592 4437 658 4479 esse
680 4438 698 4478 a
720 4417 864 4496 piissimis
887 4417 1186 4495 prudentissimisque
1208 4416 1361 4494 theologis,

131 4525 240 4603 quibus
268 4545 336 4586 enm
363 4527 433 4603 plus
457 4497 554 4586 semel
582 4527 619 4586 de
646 4545 680 4586 ea
707 4545 739 4586 re
766 4526 893 4602 egisse.
944 4525 1001 4585 Sed
1029 4525 1100 4583 talia
1127 4525 1216 4584 rerba
1242 4523 1298 4582 viri
1326 4525 1362 4582 ab

131 4632 268 4693 omuibus
296 4633 428 4694 honorat
407 4639 443 4710 tr,
472 4652 530 4712 quo
557 4633 716 4710 benignius
743 4651 782 4693 ex
809 4633 875 4709 ejus
897 4650 947 4693 ore
969 4651 987 4691 a
1009 4632 1112 4692 multis
1135 4636 1259 4710 excepta
1282 4637 1360 4703 sunt,
