3156 5056
230 196 284 252 224
718 195 821 247 Plan-rs
839 151 956 247 Paloura

230 394 356 469 spicieus
370 392 518 454 Aleander
536 393 654 452 nuntius
675 392 753 453 haud
773 409 874 468 parurn
898 389 1082 468 angebatur1
1103 391 1191 451 verbo
1206 390 1342 465 quodam,
1364 388 1448 463 quod

230 497 362 572 flevrius,
392 513 519 556 summus
548 503 617 556 tuuc
646 495 742 556 Caroli
768 498 962 567 consiliarius,
995 496 1125 570 dixerat,
1157 494 1311 555 Gaesarem
1337 494 1383 553 ita
1414 509 1446 551 se

229 607 377 678 gestarum
399 617 464 661 esse
488 619 557 676 erga
571 600 756 677 Pontificem,
779 604 822 661 uti
838 599 972 662 Pontifex
996 617 1068 676 erga
1085 600 1241 661 Gaesarem
1262 616 1295 658 se
1316 605 1447 674 gereret

229 705 332 780 Neque
366 707 459 765 minus
490 705 541 764 ille
573 706 716 766 ioannem
749 705 921 780 Glapiouem
951 707 1180 766 Franciscanum
1211 705 1348 777 timebat,
1383 707 1448 778 qui,

228 827 316 886 quum
346 809 465 870 Caesari
498 815 576 870 esset
605 827 624 869 a
650 808 894 886 confessionibus,
924 809 1000 884 apud
1031 827 1104 870 euruv
1126 811 1257 870 omnibus
1285 808 1349 868 fere
1377 809 1447 867 ali'm

229 915 401 975 auctoritate
430 915 578 989 potentior
604 920 677 975 erat.
722 915 751 974 Is
781 915 859 974 enim
889 915 988 974 curiae
1011 914 1089 974 haud
1112 913 1196 974 valde
1222 913 1355 972 addictus
1378 929 1447 972 esse

228 1018 397 1093 dicebatur3
425 1034 484 1078 uou
510 1017 595 1077 modo
625 1035 689 1078 cum
712 1019 809 1078 multis
831 1018 897 1078 aliis
921 1018 1064 1077 ecelesiae
1087 1016 1323 1077 reformationem
1345 1025 1447 1092 postn-

228 1124 321 1198 labat‚
353 1137 455 1182 verum
488 1125 576 1183 etiam
608 1123 820 1183 restituendum
852 1124 999 1196 puriorem
1032 1123 1176 1196 quendam
1209 1127 1240 1182 et
1272 1123 1446 1182 interiorem

167 1207 178 1227 ⁹
229 1227 470 1290 christianismum
494 1226 631 1302 docebat,
660 1227 822 1300 jndaisticis
846 1233 878 1287 et
898 1227 1022 1301 paganis
1044 1227 1159 1286 illorum
1178 1232 1340 1302 temporum
1363 1243 1445 1286 erro·

228 1331 309 1392 ribus
331 1331 500 1406 oppositum.
544 1331 608 1391 Hac
630 1347 665 1390 ex
687 1337 771 1404 parte
794 1335 871 1389 totus
885 1330 1001 1390 Erasmi
1024 1331 1148 1406 vestigia
1169 1331 1335 1405 premebat,
1356 1332 1445 1390 immo

230 1435 359 1510 eiusdem
386 1435 454 1508 viri,
484 1451 569 1509 quem
591 1435 685 1510 ipsum
707 1435 863 1508 plurimum
887 1435 963 1508 apud
986 1433 1142 1495 Caesarem
1165 1437 1289 1494 valuisse
1312 1435 1445 1506 vidimus,

231 1540 416 1617 gravissimus
439 1539 517 1612 apud
539 1539 615 1597 huno
636 1540 780 1612 interpres
804 1544 874 1599 erat.
921 1538 954 1596 ld
978 1539 1158 1600 wormatiae
1181 1541 1265 1612 longe
1288 1539 1445 1612 pessimum

228 1643 388 1719 periculum
411 1658 475 1703 esse
496 1641 644 1702 Alcandro
665 1641 827 1702 videbatur.
864 1641 936 1701 Inde
959 1644 1139 1716 potissimum
1155 1639 1218 1703 fieri
1236 1659 1323 1718 posse
1346 1643 1446 1716 explo-

228 1753 323 1808 ratum
352 1746 465 1820 habuit,
496 1751 529 1805 ut
557 1747 661 1804 viotrln
690 1762 791 1806 eorum
820 1746 968 1805 sententia
990 1753 1082 1821 esset,
1114 1748 1163 1820 qui
1185 1748 1322 1822 neglecta
1345 1747 1445 1820 Papae

228 1851 309 1912 bulla
335 1850 496 1912 Lutherum
529 1855 713 1925 praesentem
748 1849 843 1910 audiri
877 1852 997 1924 ejusque
1031 1851 1194 1910 sententias
1222 1851 1384 1910 examinari
1415 1851 1445 1908 in

228 1957 352 2018 comitiis
379 1955 522 2016 volebant.
566 1955 669 2029 Neque
699 1969 802 2013 vanam
831 1953 980 2014 Pontificis
1009 1955 1141 2014 ministro
1169 1954 1353 2014 formidinem
1382 1955 1445 2028 ipse

229 2061 409 2122 eruditorum
436 2060 577 2136 Princeps
607 2061 719 2135 attulit,
750 2061 831 2133 cujus
860 2065 988 2120 mentem
1014 2039 1076 2132 jam
1106 2059 1221 2133 pridem
1250 2066 1281 2120 ct
1308 2057 1445 2119 familiari

228 2165 438 2226 consuetudine
468 2171 499 2224 et
529 2165 669 2225 lectitatis
700 2165 764 2238 eJus
794 2163 910 2238 scriptis
942 2169 972 2222 et
1003 2163 1126 2222 aliorum
1156 2165 1372 2224 narrationibus
1402 2165 1445 2222 in-

228 2275 373 2346 spexerat.
417 2268 474 2327 Hic
504 2270 582 2328 enim
613 2274 644 2328 et
671 2269 749 2342 ipse,
782 2267 1080 2342 appropinquantibus
1103 2269 1228 2328 comitiis
1250 2269 1446 2328 Wormatien-

228 2373 322 2448 sibus,
349 2371 387 2431 ad
415 2372 536 2431 consilia
564 2372 616 2430 illa
643 2369 774 2430 omnibus
796 2369 955 2432 Pontifioiis
984 2373 1153 2432 exosissima
1182 2373 1260 2448 apud
1289 2371 1445 2432 Gaesarem

229 2479 350 2551 ejusque
379 2475 525 2534 ministros
556 2474 693 2550 fovenda,
724 2475 861 2550 quidquid
889 2477 1062 2536 auctoritate
1089 2484 1121 2538 et
1141 2494 1240 2537 rerum
1263 2479 1447 2552 experientia

230 2579 361 2654 valebat,
393 2584 511 2638 smenue
542 2577 722 2638 adhibuerat
777 2579 926 2660 ,murus
954 2596 1060 2641 revera
1089 2597 1125 2641 ca
1154 2583 1216 2656 via,
1247 2599 1305 2656 qua
1334 2583 1447 2642 utinam

230 2684 376 2745 Lutberus
389 2688 460 2742 tuno
475 2683 622 2755 ingressus
638 2688 717 2742 esset
731 2685 861 2743 nonnulli
874 2689 1055 2760 optaverunt,
1068 2685 1170 2746 eodem
1185 2693 1316 2762 tempore
1331 2685 1448 2761 ingredi

231 2789 400 2850 conabatur.
444 2786 586 2846 Nimirum
612 2789 673 2861 jam
702 2788 827 2862 primum
856 2789 1038 2848 immodicam
1063 2788 1210 2850 Pontifiois
1233 2796 1265 2851 et
1286 2789 1447 2850 curialium

229 2893 389 2970 potentiam
417 2892 510 2952 amice
538 2896 569 2952 et
595 2892 657 2950 sine
680 2891 805 2951 tumultu
827 2895 984 2967 temperari
1007 2895 1045 2954 ab
1062 2895 1188 2968 Imperio
1211 2901 1242 2955 et
1262 2895 1448 2968 Principibus

232 3000 331 3074 voluit,
354 3004 424 3058 tunc
446 2997 627 3058 necessarias
649 2997 680 3056 in
703 2997 828 3057 ecclesia
849 2999 1025 3057 mutationes
1044 2999 1199 3074 adjuvante
1222 3006 1255 3060 et
1276 3001 1347 3074 ipso,
1369 3005 1449 3072 post-

231 3121 316 3180 quam
347 3102 385 3163 ad
414 3101 642 3163 moderationem
671 3107 823 3162 revocatus
854 3108 944 3175 esset,
980 3102 1109 3163 Luthero
1138 3104 1297 3178 prudenter
1325 3120 1450 3178 praepa-

229 3209 337 3270 randas
356 3213 391 3268 et·
406 3225 460 3280 per
479 3205 639 3266 Concilium
657 3205 802 3266 Generale
817 3206 998 3281 peragendas
1012 3223 1075 3266 esse
1089 3210 1209 3268 censuit
1244 3209 1325 3281 Quae
1340 3209 1448 3278 omnia,

229 3318 336 3386 quanto
357 3311 490 3384 sagacius
514 3315 544 3369 et
566 3310 730 3383 excogitata
753 3316 784 3370 et
805 3308 843 3369 ad
864 3315 1050 3384 praesentem
1068 3311 1362 3386 rerumpublicarum
1377 3329 1448 3371 con·

229 3415 372 3475 dicionem
394 3413 610 3472 accommodata
633 3419 729 3487 eraut,
759 3420 840 3474 tauto
870 3415 935 3488 plus
957 3417 1078 3474 terroris
1101 3416 1206 3475 callido
1231 3424 1262 3477 et
1283 3418 1447 3491 perspicaci

229 3517 371 3579 Alcandri
393 3517 510 3590 ingenio
533 3518 724 3578 incusserunt
775 3517 871 3590 Quare
893 3517 1016 3578 Erasmo
1038 3520 1161 3580 maxime
1184 3520 1297 3580 obviam
1319 3521 1446 3580 eundum

229 3640 294 3686 ease
313 3621 462 3698 judicavit
501 3621 603 3694 ltaque
625 3619 734 3680 faemm
756 3627 813 3696 est,
836 3627 869 3680 ut
891 3623 921 3680 in
945 3623 1067 3682 comitiis
1083 3623 1345 3685 wormatiensibus
1367 3625 1444 3684 baud

228 3730 322 3790 minus
343 3725 407 3788 fere
430 3725 559 3801 Erasmi,
583 3725 638 3785 etsi
657 3725 774 3800 publice
798 3728 861 3800 sjm
882 3727 992 3786 mentio
1015 3743 1072 3786 uon
1091 3725 1193 3803 fiebat,
1216 3745 1303 3802 quam
1321 3728 1444 3788 Lutheri

228 3849 317 3896 cansa
336 3837 482 3908 ageretur.
517 3829 596 3890 Vicit
616 3830 677 3889 illic
698 3831 863 3890 nuntiorum
885 3828 1082 3889 dolosissimus
1105 3830 1330 3891 eruditissimum
1352 3831 1444 3892 refor-

227 3939 362 3999 mationis
385 3936 602 3998 ecclesiastieae
624 3935 796 3995 universalis
818 3933 961 4007 gradatim
984 3932 1155 3994 efficiendae
1177 3940 1340 4008 patronum.
1377 3937 1442 3996 Non

227 4047 287 4100 tam
317 4058 434 4115 prorsus
463 4055 550 4116 quam
573 4039 722 4116 cupiverat
743 4041 804 4112 ejus
827 4039 1029 4098 auctoritatem
1052 4039 1128 4112 apud
1151 4041 1261 4098 curiam
1283 4039 1442 4100 Romanam

227 4145 363 4222 perdidit
407 4145 613 4208 Verumtamen
633 4149 692 4204 tam
714 4148 879 4218 suspectum
898 4141 974 4217 apud
991 4159 1061 4202 eam
1082 4143 1163 4202 illum
1185 4143 1327 4220 reddidit,
1351 4151 1397 4221 ut,
1418 4147 1442 4204 si

319 4495 344 4560 1)
363 4495 465 4548 orare
483 4495 510 4546 ru
528 4496 592 4546 area
609 4495 707 4546 umas.
724 4492 746 4558 1,
760 4500 802 4556 aa,
814 4495 837 4544 e.
