3188 5086
249 301 301 356 162
728 299 831 352 Pnavrs
850 294 981 351 Parenta*

249 393 776 400 -ae—-n———ffl-——nm
789 393 811 398 ..-
821 392 905 398 ---...-
922 391 1129 398 --—--.—.—-

247 517 294 576 vel
323 517 400 590 quod
425 522 457 575 ta
483 517 539 575 hac
568 517 721 575 occasione
747 516 840 573 minna
870 515 1017 587 aliquanto
1045 530 1129 587 qnam
1151 513 1257 572 vellem
1279 514 1387 574 videris
1409 515 1474 572 tri-

247 621 337 680 buere
362 620 475 694 labro,
499 621 561 679 viro
585 637 641 693 quo
664 621 710 678 vix
733 620 763 677 in
786 619 883 676 multis
904 618 1029 676 millibus
1049 619 1181 692 reperias
1202 620 1249 677 vel
1271 618 1471 692 integriorem

248 726 294 784 vel
326 724 534 784 humaniorem.
578 724 642 782 Hac
671 739 729 782 una
761 723 792 780 in
821 739 853 781 re
883 723 928 782 sui
954 721 1103 780 dissimilis
1130 722 1202 797 fnit,
1233 721 1310 794 quod
1336 724 1470 780 amicum

177 825 181 833 '
248 829 450 888 immerentem
476 835 536 887 mm
559 829 697 887 atrociter
718 827 852 901 impetiit.
897 826 967 896 Quis
989 832 1087 886 autem
1108 827 1239 886 omnibns
1262 827 1340 886 boris
1366 827 1471 900 sapuit

149 978 150 981 ,
248 936 394 1007 unquam?
452 933 549 1006 Atque
583 933 694 990 utinam
728 931 798 989 mihi
829 932 962 990 licuisset
995 931 1162 990 adversario
1194 947 1325 1004 parcere.
1376 931 1470 990 Nunc

248 1038 360 1096 dnobus
382 1039 495 1096 crucior
514 1037 694 1111 nominibus,
717 1042 747 1094 et
769 1035 846 1107 quod
870 1052 935 1094 cnm
957 1035 1010 1094 tali
1033 1035 1125 1094 amico
1148 1041 1264 1094 coactns
1282 1053 1344 1094 sum
1360 1052 1469 1094 manns

248 1157 419 1210 conserere,
452 1145 483 1200 et
509 1141 585 1215 quod
614 1142 777 1214 intelligam
801 1139 940 1212 quosdam
962 1139 999 1198 de
1020 1139 1118 1199 Fabro
1139 1140 1234 1198 minna
1253 1139 1375 1198 candide
1395 1155 1469 1198 sen-

248 1248 314 1319 tire,
336 1244 373 1303 de
397 1262 453 1319 quo
475 1247 558 1319 cupio
573 1256 673 1304 omnes
688 1246 892 1318 quamoptime
908 1241 1059 1302 sendra‘1
1089 1243 1242 1318 Optaveris
1259 1243 1466 1316 tranquilliore

248 1351 345 1408 animo
374 1367 438 1408 eum
468 1351 654 1424 octogenario
680 1349 743 1407 seni
773 1347 965 1421 respondisse.
1018 1346 1076 1406 Sed
1104 1353 1223 1420 propter
1248 1348 1467 1421 anctoritatem,

248 1469 306 1526 qua
328 1459 429 1512 contm
451 1455 660 1513 diversissimos
682 1453 862 1512 adversarios
884 1452 940 1525 ipsi
954 1451 1077 1510 maxime
1100 1467 1172 1510 sana
1194 1451 1287 1524 pietas
1303 1452 1467 1510 christiana

249 1563 318 1616 tunc
340 1557 513 1616 vindicanda
536 1563 616 1632 erat,
647 1559 735 1617 silere
765 1573 796 1615 se
825 1573 883 1616 non
909 1572 994 1628 posse
1018 1561 1098 1615 recte
1119 1562 1256 1616 senserat
1303 1555 1467 1629 Propterea

247 1661 365 1720 Budaeo
387 1663 480 1721 amice
505 1663 669 1735 objurganti
691 1663 733 1720 sic
756 1661 884 1734 scripsit:
909 1660 1018 1734 ,Media
1033 1660 1166 1719 omnibns
1182 1660 1342 1734 culpandus
1358 1676 1465 1734 essem,

248 1765 273 1822 si
296 1764 333 1823 ad
355 1766 514 1839 impietatis
537 1767 648 1824 crimen
662 1765 877 1824 obmutuissem.
911 1763 993 1834 Quod
1008 1781 1093 1824 nemo
1110 1765 1356 1823 sanctissimorum
1372 1765 1464 1824 etiam

248 1869 368 1928 Patrnm
389 1887 447 1929 non
476 1871 618 1929 acerrime
639 1871 825 1943 propulsavit.
868 1869 942 1926 Mihi
964 1869 1065 1942 crede,
1094 1868 1232 1942 Budaee‚
1254 1870 1302 1942 qni
1326 1868 1386 1928 tale
1408 1869 1462 1926 ali·

249 1972 317 2046 qnid
343 1957 493 2033 moderate
520 1973 599 2034 ferre
628 1980 738 2048 potest,
766 1975 791 2032 is
821 1974 926 2032 leviter
958 1974 1023 2047 pina
1053 1979 1105 2032 est.
1158 1973 1256 2032 Satius
1285 1973 1374 2045 igitur
1396 1989 1462 2032 ease

248 2077 333 2150 duxi,
365 2078 475 2137 Gratiis
508 2078 616 2137 alicubi
643 2094 702 2136 non
731 2077 916 2150 satisfacere,
953 2092 1038 2150 qnam
1068 2075 1175 2135 Christi
1203 2077 1352 2149 dignitatis
1381 2076 1463 2135 labe-

247 2180 373 2241 factator
403 2188 433 2241 et
461 2182 551 2241 bostis
577 2182 688 2241 videns
733 2181 871 2241 Ceterum
893 2181 1007 2239 Erasmi
1035 2187 1065 2240 et
1087 2180 1177 2240 Fabri
1204 2181 1331 2239 amicitia
1361 2186 1464 2254 postea

249 2286 417 2358 plenissime
438 2287 639 2360 redintegrata
661 2282 731 2345 est³

331 2391 437 2450 Miram
468 2391 546 2449 illins
571 2391 774 2450 anctoritatem
804 2406 862 2448 non
892 2395 1004 2448 tanturn
1031 2405 1085 2463 per
1108 2389 1309 2464 Germaniam,
1337 2390 1388 2448 scd
1409 2406 1463 2462 per

248 2511 349 2554 omnes
380 2494 546 2554 Occidentis
584 2495 735 2553 christiani
768 2501 871 2568 gentes
903 2495 1078 2568 pertinuisse
1113 2511 1200 2567 snpra
1233 2496 1463 2554 memoravimus.

247 2598 440 2672 Permagnam
481 2615 547 2658 eam
578 2599 609 2658 in
638 2599 779 2672 Hispania
803 2598 894 2658 fuisse
924 2604 1045 2657 constat.
1088 2598 1244 2658 Artissima
1277 2615 1346 2658 vero
1378 2598 1462 2657 fauri-

247 2703 377 2762 liaritate
400 2703 436 2760 iis
459 2703 582 2761 maxime
605 2702 740 2776 gentibus
763 2704 931 2775 coniunctus
954 2709 1035 2778 erat,
1061 2719 1133 2776 quas
1154 2704 1217 2775 ipse
1240 2703 1409 2763 adolescens
1429 2709 1460 2761 et

243 2808 361 2880 juvenis
383 2807 567 2878 visitaverat,
591 2807 668 2865 unde
690 2823 764 2880 quae
786 2807 892 2866 eximia
913 2807 989 2880 apud
1012 2808 1076 2866 illos
1099 2807 1359 2882 animadverterat,
1386 2824 1459 2881 qnae

248 2910 326 2969 bona
339 2918 474 2985 expertus
489 2917 569 2986 erat,
592 2917 677 2984 grata
692 2912 832 2970 memoria
846 2911 1118 2985 comprehendebat.
1156 2911 1280 2985 Angliae
1304 2912 1461 2987 ‚desiderio

248 3020 374 3089 tenetur,
408 3017 439 3074 in
473 3032 531 3089 qna
561 3017 712 3088 reliquerit
739 3017 847 3074 amicos
877 3021 937 3074 tam
959 3021 1106 3090 amantes,
1136 3021 1196 3075 mm
1218 3013 1372 3090 officiosos,
1403 3021 1461 3074 tam

245 3120 402 3196 jucundos,
425 3121 551 3193 denique
574 3122 616 3178 sie
638 3121 675 3179 de
699 3137 731 3179 ae
754 3120 902 3193 meritcs3‘
925 3121 985 3179 illic
1007 3135 1096 3194 prope
1119 3124 1212 3178 totum
1233 3121 1265 3178 in
1284 3120 1409 3194 Anglum
1430 3137 1461 3178 se

248 3223 483 3283 transformatum
519 3240 583 3284 esse
611 3225 660 3285 ait.
706 3226 839 3298 Italiam,
870 3225 1061 3298 principalem
1091 3229 1160 3282 tunc
1189 3223 1328 3283 bonarum
1357 3225 1461 3283 artium

249 3328 365 3402 sedem,
384 3330 485 3389 videre
508 3330 679 3406 adolescens
703 3329 805 3389 eodem
824 3331 913 3388 animi
936 3329 1039 3388 ardore
1062 3330 1229 3404 cupiverat,
1258 3346 1315 3402 qno
1336 3330 1462 3403 flagrans

249 3447 316 3488 cum
354 3433 471 3491 andem
501 3435 571 3492 illuc
600 3432 831 3507 proficiscentem
858 3434 1042 3493 Hermannus
1071 3435 1195 3508 amicus,
1232 3435 1309 3507 quod
1337 3435 1399 3493 sine
1431 3451 1461 3493 se

249 3534 327 3592 solus
349 3536 445 3594 abiret
466 3543 598 3612 questus,
621 3537 752 3597 versibus
775 3538 835 3596 suis
857 3544 1028 3610 prosecutus
1050 3543 1111 3597 eat:

467 3674 599 3750 Italiam,
622 3675 740 3734 Italiam
761 3676 856 3734 laetus
878 3677 1046 3749 penetrabis
1069 3676 1234 3736 amoenam!

247 3824 365 3886 Revera
391 3842 491 3886 omnes
512 3825 576 3886 iere
599 3829 662 3901 eJ'us
683 3833 783 3901 partes
804 3830 981 3902 peragravit.
1018 3828 1113 3902 Saepe
1134 3835 1239 3902 postea
1253 3827 1338 3902 hujus
1352 3828 1463 3888 itineris

247 3932 389 3991 meminit.
438 3931 542 4005 Populi
564 3931 669 4006 Italici,
692 3933 803 3990 alienos
826 3949 942 4006 semper
962 3933 1092 3992 dominia
1112 3935 1263 4010 mutantis,
1285 3936 1383 3995 tristia
1405 3935 1465 3994 fata

248 4037 329 4107 quasi
358 4051 411 4094 sua
438 4037 555 4109 saepius
587 4035 728 4109 deplorat.
780 4037 896 4096 Nullam
928 4035 1074 4095 fortunam
1103 4043 1163 4096 tam
1193 4039 1350 4113 benignam
1381 4055 1464 4113 posse

248 4137 399 4211 obtingere
426 4141 483 4215 ait,
507 4156 582 4214 qnae
604 4137 714 4199 Romae
737 4143 828 4200 semel
850 4141 1021 4215 degustatae
1041 4141 1218 4201 desiderium
1239 4144 1347 4203 eximat
1369 4144 1463 4202 animo

248 4259 315 4318 suo;
344 4261 403 4303 non
430 4246 522 4304 solnm
551 4261 619 4305 suaa
649 4246 763 4306 litteras
786 4243 906 4305 Romam
928 4247 971 4306 ire
994 4247 1076 4320 qnasi
1099 4249 1223 4324 gestire,
1249 4265 1350 4307 verum
1371 4249 1462 4321 ipsum

249 4408 504 4422 Ἦ

335 4513 361 4578 1)
376 4513 474 4564 Ibidem
493 4533 531 4566 nr.
551 4522 600 4568 298
621 4517 654 4582 (a.
678 4525 767 4588 1517),
794 4525 882 4580 einr.
903 4533 960 4580 272.
982 4517 1040 4582 28ἕ.

333 4600 360 4669 2)
378 4599 476 4654 Ibidem
496 4619 534 4656 nr,
552 4609 611 4658 855.
