3176 5064
685 299 772 353 Curua
790 299 837 353 Iv.
1337 302 1372 356 43

1005 395 1371 405 --.--,---.ή----

143 500 194 578 010
225 501 416 577 contemplati
449 519 566 576 sumus,
600 501 795 577 excogitatae,
833 503 1024 562 manifestum
1056 503 1203 581 quendam
1235 505 1373 563 eflectum

142 609 351 686 praestiterant
377 613 408 668 et
435 609 473 668 ad
501 627 536 668 ea
562 609 739 686 applicanda
766 611 832 686 ipse
856 610 979 670 Carolus
1009 610 1116 671 Caesar
1142 610 1313 671 alacriorem
1340 629 1373 672 se

143 717 282 793 praebere
305 721 447 793 coeperat.

250 823 318 882 Non
349 829 417 882 ante
449 823 529 884 enim
558 824 724 884 Concilium
755 829 948 885 convocatum
981 831 1039 900 est,
1071 844 1160 903 quam
1187 825 1265 885 inter
1291 827 1373 903 ipsos

144 931 234 990 Italos
257 949 382 1007 magnus
410 949 512 990 eorum
539 949 695 1006 numerus,
728 933 792 1009 qui,
825 951 893 992 eum
915 932 1038 992 Erasmo
1066 935 1239 1008 sentientes,
1272 951 1373 992 veram

143 1058 177 1098 ac
209 1039 354 1098 sinceram
387 1038 493 1098 Curiae
529 1044 559 1098 et
595 1039 737 1099 ecelesiae
772 1040 1010 1100 reformationem
1047 1046 1160 1100 servato
1192 1041 1373 1101 hierarchiae

143 1145 245 1205 ordine
281 1146 493 1206 instituendam
530 1145 699 1222 cupiebant,
737 1165 898 1224 oppressus
930 1154 959 1207 et
990 1149 1087 1208 medio
1120 1148 1254 1208 sublatus
1286 1153 1372 1208 esset.

143 1253 213 1330 lpse
236 1253 364 1314 Joannes
387 1254 494 1314 Petrus
519 1253 632 1313 Oaraffa
655 1254 720 1329 ille,
748 1255 798 1314 cui
820 1255 976 1315 conciliata
1002 1275 1020 1315 a
1043 1257 1205 1316 Centareno
1230 1257 1373 1332 justifica·

142 1362 233 1421 tionis
256 1362 389 1420 doctrina
416 1367 532 1420 tantum
560 1362 709 1420 horrorem
737 1363 914 1436 incusserat,
942 1363 1019 1422 haud
1048 1364 1158 1423 frustra
1180 1363 1277 1440 Papae
1304 1383 1372 1423 con-

144 1469 244 1528 silium
258 1469 351 1542 dedit,
375 1474 409 1527 ut
422 1469 459 1527 ad
473 1469 567 1528 instar
581 1469 760 1545 Hispanicae
774 1470 982 1548 Inquisitionis
996 1471 1158 1530 Romanam
1173 1471 1372 1530 constitueret.

143 1574 207 1649 Quo
230 1577 307 1635 10010
330 1575 420 1634 simul
443 1575 609 1652 Principes,
633 1595 707 1653 quoa
731 1577 821 1636 Ornia
840 1578 903 1654 jam
925 1583 1012 1638 antea
1039 1578 1077 1636 ad
1099 1578 1245 1638 violenter
1267 1578 1373 1638 exstir-

143 1683 274 1759 pandum
301 1683 564 1742 Lutheranismum
592 1684 783 1759 excitaverat,
811 1686 849 1744 ad
876 1703 986 1746 norum
1009 1686 1143 1762 ejusdem
1169 1687 1213 1746 rei
1241 1687 1374 1746 studium

143 1790 263 1850 excitati
286 1795 364 1850 sunt.
410 1790 446 1849 ln
468 1791 555 1849 Italia
579 1791 686 1850 Caesar
709 1797 738 1852 et
760 1793 841 1869 Papa
864 1793 1091 1870 Inquisitionem
1118 1793 1220 1853 invitis
1248 1793 1373 1852 eivitati-

142 1899 198 1957 bus
230 1897 384 1958 obtrudere
415 1898 549 1958 certatim
582 1899 763 1973 nitebantur,
796 1901 851 1959 hac
883 1901 915 1959 in
951 1919 984 1960 re
1020 1901 1108 1977 plane
1145 1901 1372 1974 eonsentientes,

142 2024 320 2083 quamquam
343 2005 417 2064 alias
440 2006 629 2065 acerbissimo
651 2006 726 2066 alter
748 2007 871 2066 alterius
894 2007 960 2066 odio
983 2008 1130 2067 ardebant.
1182 2008 1373 2084 Reipublicae

142 2113 305 2172 rationibus
328 2113 435 2173 ductus
460 2113 584 2172 Carolus
603 2113 638 2172 V.
663 2114 751 2172 etiam
769 2114 801 2172 id
819 2115 966 2190 patienter
984 2115 1067 2188 tulit,
1091 2115 1169 2192 qood
1187 2115 1295 2188 libelli,
1319 2133 1373 2174 sno

142 2221 260 2280 nomine
287 2221 515 2280 collocutoribus
543 2221 809 2280 Ratisbonensibus
836 2222 993 2298 propositi,
1026 2227 1161 2282 auctores
1193 2222 1328 2282 catholici
1355 2241 1374 2280 0

142 2327 235 2387 Paulo
258 2327 310 2386 Ill.
334 2328 469 2388 homines
493 2328 577 2404 impii
601 2333 631 2387 et
654 2328 788 2387 scelerati
812 2329 956 2388 nominati
985 2333 1063 2388 snut.
1114 2329 1235 2389 Scilicet
1258 2330 1371 2403 Curiae,

143 2435 169 2494 si
196 2435 263 2512 quis
291 2453 359 2494 cum
386 2435 436 2509 iis,
465 2454 540 2512 quos
568 2440 602 2494 ut
629 2436 794 2496 haereticas
822 2437 1067 2496 condemnaverat
1089 2436 1175 2496 aliter
1197 2441 1285 2514 atque
1307 2437 1372 2496 vin-

142 2543 231 2617 culis,
249 2543 342 2619 rogis,
360 2544 451 2602 armis
470 2562 556 2619 agere
575 2545 720 2620 suscepit,
739 2543 865 2620 impium
889 2543 988 2603 scelus
1007 2545 1191 2604 committere
1211 2544 1371 2604 videbatur.

141 2649 207 2708 lam
230 2651 331 2710 eadem
356 2651 576 2726 justificationis
610 2652 753 2725 doctrina,
782 2669 859 2728 quae
886 2652 975 2728 paulo
1002 2657 1071 2712 ante
1098 2657 1166 2728 post
1193 2651 1372 2730 colloquium

141 2757 218 2816 illud
232 2757 446 2818 Ratisbonense
464 2759 497 2816 in
516 2758 716 2818 Cardinalium
735 2776 877 2818 consessu
896 2760 1017 2818 detensa
1035 2763 1110 2833 erat,
1133 2759 1287 2819 haereseos
1305 2761 1373 2818 lun·
1424 2825 1425 2830 1

142 2865 312 2924 damentrrm
334 2865 556 2943 certissimaque
580 2871 647 2925 1011
674 2865 904 2926 existimabatur.
956 2867 1079 2943 Propter
1102 2867 1225 2926 eandem
1244 2868 1373 2926 1110111110

141 2973 343 3032 Bernardinns
370 2971 502 3046 Ocellus,
534 2991 627 3049 aeque
654 2991 688 3032 ae
717 2973 842 3048 Martyr,
874 2978 905 3032 et
932 2974 1021 3033 Curio
1048 2973 1204 3032 clarissimi
1237 2974 1306 3048 viri,
1338 2979 1372 3033 ut

142 3080 301 3139 imminens
335 3079 392 3140 sibi
425 3081 550 3140 carceris
582 3085 612 3140 et
644 3081 748 3140 mortis
779 3079 946 3157 periculum
977 3081 1112 3154 evitaret,
1145 3080 1247 3139 relicta
1277 3081 1373 3157 patria

143 3187 387 3263 septentrionales
411 3193 503 3258 terras
526 3187 639 3264 petivit.
691 3187 892 3246 Bernardinns
920 3188 952 3246 in
979 3188 1067 3262 fugae
1094 3187 1199 3246 itinere
1223 3187 1372 3246 Bononiae

143 3294 744 3368 00110101100011011111011111111111,
773 3312 862 3370 quem
889 3294 947 3354 sibi
974 3295 1143 3353 confessum
1166 3312 1231 3354 esse
1254 3294 1307 3368 ait,
1340 3295 1372 3352 in

141 3401 194 3460 illo
221 3402 344 3462 articulo
372 3421 404 3462 se
432 3403 528 3462 100010
551 3419 619 3461 0111
643 3401 893 3475 Protestantibus,
921 3401 993 3460 lieet
1020 3401 1052 3459 in
1079 3401 1147 3460 aliis
1169 3403 1206 3460 ab
1229 3402 1267 3460 iis
1289 3421 1371 3460 aver-

143 3508 237 3567 sum.1
281 3509 393 3568 Eodem
415 3514 547 3585 tempore
570 3509 675 3568 fratres
698 3507 805 3568 Veneti
829 3509 972 3582 Luthero,
996 3489 1198 3584 ¹gratissimum
1216 3527 1286 3586 erga
1304 3528 1371 3570 eum

142 3616 275 3675 animum
302 3621 458 3691 testantes,
488 3616 697 3693 scripserant,2
724 3633 830 3692 urgere
857 3615 920 3676 illic
947 3616 1122 3676 Anticluisti
1150 3616 1371 3691 immanitatem,

142 3741 218 3800 quae
240 3724 372 3801 quotidie
395 3724 490 3801 magis
513 3725 732 3800 incrudesceret
750 3724 893 3784 adversus
912 3724 1021 3784 electos
1040 3723 1110 3784 Dei:
1134 3725 1276 3800 proscribi
1294 3724 1371 3783 mul-

142 3835 200 3904 tos,
224 3849 350 3908 quorum
373 3831 466 3910 aliqui
489 3832 520 3890 in
544 3831 722 3908 longinquas
745 3836 838 3890 terras
861 3832 1020 3891 secessisse
1043 3831 1221 3904 dicerentur,
1249 3831 1371 3908 plurimi

141 3943 328 4014 caperentur,
361 3943 395 3998 ut
431 3943 572 4016 perpetuo
609 3939 728 3998 tandem
760 3956 875 3997 carcere
911 3939 1165 3998 contabescerent‘
1217 3938 1372 3998 Crescebat

142 4045 334 4122 sequentibus
366 4045 452 4106 annis
484 4046 654 4105 immanitas
686 4045 740 4104 illa
770 4045 947 4122 perpetratis
974 4064 1027 4121 per
1053 4049 1141 4104 totam
1170 4045 1371 4104 10101101ἰο11

141 4153 274 4212 cruentis
297 4153 486 4213 facinoribus.
531 4153 600 4212 Non
622 4153 745 4212 minoris
768 4151 1101 4229 01100110110011011010,
1125 4171 1200 4229 quae
1218 4169 1371 4230 nunquam

141 4277 180 4318 011
207 4259 328 4319 humani
356 4261 473 4337 generis
501 4261 642 4320 memoria
668 4260 754 4320 tollet
780 4259 900 4334 oblivio,
929 4279 967 4319 ex.
994 4259 1091 4320 Gallia
1118 4264 1148 4320 et
1174 4259 1371 4320 Nederlandia

250 4507 276 4569 l)
295 4506 391 4560 M'Crie
410 4506 427 4559 1.
447 4523 469 4559 0.
490 4523 514 4574 p.
530 4506 590 4561 220.

249 4591 276 4668 2)
295 4596 393 4650 Datum
413 4596 531 4650 Venetiis
550 4597 587 4649 VI
612 4595 670 4651 Kal.
691 4596 754 4648 Due.
776 4595 844 4652 1542
862 4596 895 4649 01.
915 4595 1078 4650 Seelendorf
1093 4595 1111 4650 1.
1131 4613 1153 4649 0.
1173 4595 1226 4666 111,
1246 4596 1306 4651 401.
