3194 5042
669 205 756 261 Carur
775 203 835 260 un.
1314 203 1363 257 ‘201

982 299 1098 306 ’.μ-.-

122 412 268 471 medium
291 412 369 470 inter
390 417 536 470 certantes
559 415 658 486 partes
680 408 778 468 locrrm
802 425 919 468 servare
942 407 1074 482 student,
1098 425 1186 484 quem
1206 405 1367 466 Ειιιειιιιιιε1

123 519 195 578 sibi
222 518 337 596 privato
365 517 479 577 homini
506 516 728 577 desiderabilem
756 516 805 574 his
827 515 925 575 verbis
949 513 1139 591 significavit:
1173 511 1297 589 ,Quodsi
1320 531 1367 573 res

125 625 274 686 deveniet
301 625 338 684 ad
365 631 531 684 extremum
558 623 734 698 tumultum,
762 627 796 682 nt
822 627 948 700 vinoque
975 625 1060 681 nutet
1086 620 1237 681 Ecclesiae
1264 625 1367 699 statiis,

126 751 192 809 ego
215 751 264 792 me
285 732 404 792 interim
428 731 460 790 in
488 730 581 791 solida
603 730 654 790 illa
677 735 761 808 petra
784 731 886 808 figam,
914 730 1007 790 donec
1029 729 1117 788 rebus
1141 728 1252 806 pacatis
1274 727 1368 806 lique·

127 841 194 914 bit,
222 840 274 902 ubi
301 839 341 899 sit
367 838 514 914 Ecclesia,
542 842 631 915 atque
658 837 721 897 illie
748 838 804 896 erit
831 837 973 898 Erasmus
1001 835 1171 913 ubicunque
1198 835 1254 896 erit
1280 852 1368 894 evan-

129 947 233 1024 gelica
255 949 345 1025 pars‘.
461 980 463 984 ·
495 984 499 992 -

244 1053 295 1115 llli
327 1053 419 1130 igitur
444 1052 703 1130 Palacocatholici,
736 1053 788 1130 qni
816 1051 958 1129 peculiari
991 1069 1081 1112 sensu
1108 1051 1225 1112 Erasrm
1253 1067 1369 1109 sucees-

132 1179 220 1220 sores
247 1161 399 1234 dicuntur,
427 1178 552 1237 quorum
580 1159 792 1236 antesignanus
817 1159 1024 1236 Deellingerus
1050 1159 1192 1220 Erasmus
1219 1157 1370 1217 redivivus

132 1270 172 1328 ab
197 1268 374 1328 adversariis
397 1272 519 1327 vocatus
543 1272 603 1342 est,
626 1271 710 1326 extra
733 1266 887 1327 ecelesiam
906 1267 1068 1326 Romanam
1091 1266 1265 1326 consistunt.
1312 1263 1370 1324 Sed

24 1419 30 1426 -
133 1377 228 1435 etiam
255 1374 334 1434 intra
360 1393 424 1435 eam
452 1375 567 1452 plures,
596 1392 685 1452 quam
713 1375 780 1452 quis
808 1375 1037 1451 exspectaverit,
1064 1373 1177 1451 aliquid
1204 1371 1370 1432 Erasmiani

5 1507 18 1542 ε.
134 1483 253 1560 ingenii
284 1481 420 1542 retinent.
471 1482 682 1560 Praepotentes
710 1481 830 1560 quidem
863 1480 925 1541 illic
957 1481 1045 1540 hodie
1076 1481 1098 1540 ii
1127 1485 1210 1554 sunt,
1243 1479 1294 1558 qni
1322 1478 1369 1538 vel

136 1590 266 1650 fanatico
288 1589 448 1650 Jesuiticae
475 1590 568 1666 partis
594 1589 692 1648 furore
720 1589 877 1662 ecceecati,
904 1588 952 1648 vel
976 1593 1097 1666 propter
1122 1587 1318 1664 ignorantiam
1341 1591 1371 1646 et

9 1735 23 1748 --
137 1697 372 1774 imprudentiam
398 1697 435 1757 ab
458 1696 541 1756 illius
569 1695 662 1774 partis
691 1696 861 1756 hominibus
888 1695 1005 1773 decepti
1028 1696 1059 1754 in
1083 1694 1172 1756 Curia
1194 1699 1224 1754 et
1246 1693 1371 1754 ecclesia

137 1805 272 1864 Romana
294 1804 393 1863 omnia
416 1803 487 1863 talia
509 1821 575 1864 esse
598 1804 655 1862 sibi
679 1807 903 1880 persuaserunt,
930 1807 964 1862 ut
986 1801 1192 1862 reformatione
1213 1819 1273 1860 nen
1296 1817 1371 1878 opus
1428 1825 1432 1832 ¹

4 1974 21 1984 ..
138 1917 227 1972 esset.
282 1911 338 1970 His
371 1911 536 1970 subsidium
573 1911 674 1970 lemni
705 1909 887 1988 quicunque,
925 1910 994 1970 dum
1028 1911 1067 1969 iis
1100 1915 1135 1969 ut
1165 1907 1371 1968 instrumentis

10 2053 31 2092 3,
139 2023 279 2093 nummu,
303 2017 408 2078 frivolo
430 2018 529 2077 animo
551 2017 726 2094 religionem
749 2017 824 2076 nihil
847 2016 905 2076 nisi
929 2017 1198 2076 machinamentum
1217 2013 1372 2092 politicum

31 2137 34 2144 '
141 2143 207 2186 esse
239 2130 357 2202 putant,
395 2143 486 2202 quaro
517 2124 576 2202 ipsi
609 2123 735 2184 diversis
766 2124 948 2202 temporibus
981 2129 1010 2184 et
1042 2123 1115 2184 locis
1147 2120 1371 2194 diversissimae,

4 2287 24 2314 ..-
35 2275 49 2302 -„
141 2238 229 2310 prout
246 2231 321 2292 utile
339 2232 469 2306 videtur,
492 2249 634 2309 personas
652 2237 746 2308 agunt
768 2237 798 2292 et
819 2230 986 2308 opiniones,
1009 2248 1083 2308 quas
1101 2235 1241 2307 tanquam
1260 2229 1372 2305 gravis·

143 2341 232 2400 simae
259 2345 290 2400 et
317 2339 519 2399 sanctissimas
549 2355 621 2415 prae
649 2355 681 2398 se
709 2338 855 2412 tulerunt,
887 2338 1039 2398 celerrime
1066 2335 1276 2414 levissimeque
1307 2353 1373 2412 per-

142 2452 264 2507 mutant.
311 2446 369 2508 Sed
388 2447 524 2525 quamvis
546 2445 578 2505 hi
596 2463 699 2506 omnes
716 2445 873 2522 ‚conjuncti
891 2443 1084 2504 durissimum
1103 2445 1212 2521 jugum
1229 2443 1373 2503 Romano-

26 2583 28 2586 ·
50 2583 57 2622 ;
143 2555 303 2616 catholicae
325 2554 405 2632 plebi
429 2554 595 2631 imponant,
618 2569 669 2612 ees
692 2570 761 2612 vero
780 2552 831 2630 qui
854 2557 1010 2634 propterea
1032 2557 1210 2630 quenmtur,
1233 2555 1373 2628 tanquam

144 2662 296 2722 haeresees
324 2666 478 2739 suspectos
505 2661 669 2734 incessant,
701 2665 800 2720 tamen
830 2677 947 2738 semper
973 2659 1070 2722 denuo
1101 2657 1212 2734 singuli
1240 2661 1374 2734 surgunt,

5 2813 60 2860 1:2³
146 2769 195 2845 qui
214 2769 331 2845 publice
354 2769 439 2846 queri
457 2768 595 2829 audent¹
641 2768 713 2828 Plus
736 2785 808 2828 sane
826 2767 990 2842 efficerent,
1013 2767 1072 2826 nisi
1095 2765 1204 2843 agnitis
1222 2764 1375 2824 Vaticanis

147 2873 284 2948 decretis,
317 2893 442 2950 quorum
474 2875 670 2951 perniciosam
702 2874 832 2934 indolem
863 2874 1031 2934 artificiosis
1062 2872 1245 2949 argumentis
1276 2877 1376 2947 tegere

149 2981 278 3056 student,
306 2980 440 3040 veritatis
463 2981 495 3039 in
523 2981 617 3040 iisse
644 2980 785 3056 erigentis
808 2981 869 3038 vim
897 2980 1109 3040 debilitassent.
1155 2978 1218 3054 Ipsi
1242 2978 1375 3037 sentiunt

149 3087 300 3148 ecclesiam
323 3087 629 3147 Romauocatholicam
652 3086 858 3146 reformatione
881 3103 980 3161 egere,
1007 3077 1157 3144 neminem
1179 3101 1248 3142 vero
1275 3089 1376 3160 aperte

4 3260 68 3294 a
150 3195 319 3272 f⁰ltstffll¹1e
350 3213 385 3254 ἃ
415 3193 566 3272 postulare
597 3210 698 3271 posse,
736 3209 811 3270 quae
845 3192 883 3250 ad
914 3191 1129 3268 assequendam
1161 3189 1251 3249 talem
1285 3191 1375 3248 refor-

150 3303 305 3362 mationem
327 3315 449 3362 neoesse
472 3305 579 3361 essent
625 3301 760 3361 Fortasse
782 3317 861 3358 unus
887 3297 998 3358 alterve
1020 3315 1134 3372 eorum,
1163 3298 1189 3357 si
1212 3297 1377 3375 perceperit

4 3389 67 3473 wa·
151 3428 236 3487 quam
254 3409 392 3469 audacter
410 3409 563 3469 Desiderio
581 3407 703 3468 Erasmo
722 3425 776 3466 sua
798 3406 903 3465 aetatis
921 3405 1067 3465 desideria
1084 3404 1233 3465 declarare
1250 3404 1376 3480 licuerit,

4 3478 69 3613 Ἥ
152 3535 215 3576 οιιιιι
237 3516 344 3576 Latino
366 3516 494 3594 quodam
516 3515 643 3592 Angliae
664 3518 751 3592 poeta
773 3512 962 3573 exclamabit:

4 3613 6 3625 Ι
25 3612 46 3631 ‘²'
414 3635 493 3691 Nunc
513 3633 681 3690 Desiderinm
700 3633 833 3688 desiderat
851 3633 922 3688 orbis
940 3633 1091 3701 Erasmum,

415 3725 463 3780 Cui
482 3724 531 3780 soli
550 3724 627 3779 licuit
644 3723 759 3779 scabere
779 3739 846 3792 quae
864 3723 949 3777 libuit.

255 3835 405 3912 Quaenam
429 3834 520 3914 igitur
542 3837 608 3911 ille,
632 3835 659 3896 si
681 3837 832 3897 redivivus
851 3841 943 3910 esset,
967 3836 1113 3896 severiora
1135 3852 1206 3894 sane
1228 3833 1279 3908 iis,
1303 3849 1378 3909 quae

35 3897 70 3928 ,lib

12 3961 14 3976 ¹
40 3953 73 4040 ’ὦ
155 3943 296 4021 quondam
324 3944 453 4005 Adriano
480 3944 528 4004 Vl.
556 3944 647 4018 dixit,
679 3961 760 4004 mmo
786 3943 823 4002 ad
850 3943 1023 4003 Pontificem
1052 3942 1210 4001 scriberet?
1250 3937 1378 3996 Videant

4 4030 74 4136 ἶ,
155 4050 285 4126 lectores,
322 4069 420 4110 annon
451 4051 523 4111 talia
560 4050 660 4130 qualia
690 4049 769 4110 infra
803 4069 919 4128 ponam.
972 4047 1053 4123 erae
1088 4046 1187 4106 omnia
1218 4062 1277 4104 non
1313 4061 1378 4104 meo

156 4158 268 4218 nomine
287 4158 452 4236 scriptume
476 4177 556 4234 sum,
580 4157 632 4220 sed
655 4176 693 4218 ex
716 4158 849 4234 ejusdem
872 4155 1004 4234 ingenio,
1027 4171 1116 4231 quem
1134 4157 1195 4211 toto
1218 4151 1273 4210 hoc
1290 4167 1378 4228 opere

4 4241 70 4368 ³¹³⁴,
156 4265 187 4324 ab
216 4264 337 4343 injustis
369 4271 399 4326 et
430 4265 630 4326 Romanorum
661 4271 691 4326 et
722 4265 954 4326 Pmtestantium
983 4259 1104 4337 judiciis
1136 4277 1196 4319 11⁰ss
1227 4257 1313 4318 modo
1344 4263 1378 4318 ut

259 4495 285 4564 1)
304 4493 343 4550 Cf.
362 4508 445 4564 supra
461 4510 487 4564 p.
507 4495 560 4550 306
579 4495 606 4564 (a
623 4492 766 4564 MDXXI).
