3144 5092
693 281 783 336 Carur
800 281 847 335 IV.
1351 289 1384 339 55

154 487 197 546 rit
218 483 375 560 dubitabit,
404 484 476 561 quin
500 488 616 544 tantum
638 483 809 562 Principem
830 484 949 561 publice
971 489 1031 543 tam
1055 485 1158 545 acerbe
1181 487 1385 564 perstringens

154 594 288 671 privatae
310 592 458 651 vindictae
480 596 512 652 ct
532 591 685 652 ambitioni
709 610 741 652 se
764 591 935 652 satisfacere
957 593 1078 668 gavisus
1102 593 1148 652 sit.
1196 592 1293 654 Simul
1315 614 1384 656 vero

155 700 255 760 omnia
285 700 323 758 ad
356 699 402 758 sui
434 699 551 776 imperii
584 699 742 759 utilitatem
775 718 864 776 quam
895 699 1078 760 astutissime
1104 702 1382 773 accommodaverat.

155 808 341 885 Quamquam
365 807 445 866 enim
468 825 566 866 rerum
590 807 780 866 Constantiae
802 809 954 883 gestarum
975 825 1128 885 nunquam
1151 809 1306 868 immemor
1329 811 1383 870 Ca-

154 915 265 988 rolum,
289 914 315 974 si
339 931 407 974 cum
431 913 563 974 Concilio
586 914 748 974 universali
770 914 819 974 vel
842 933 911 974 cum
934 915 1046 990 synodo
1069 897 1211 976 nationali
1233 918 1272 976 ad
1294 918 1384 977 refor-

154 1021 293 1082 mandam
311 1021 467 1081 eeclesiam
485 1021 662 1097 conjunctus
680 1027 772 1097 esset,
796 1039 984 1099 summopere
1002 1023 1135 1098 timebat,
1155 1027 1253 1084 tamen
1272 1025 1383 1102 optime

154 1133 331 1206 cognoverat
353 1128 452 1203 illum,
475 1128 535 1188 nisi
558 1128 662 1188 fulcris
684 1129 748 1189 illis
771 1129 980 1204 sustineretur,
1004 1149 1099 1189 unum
1122 1131 1218 1191 solum
1243 1132 1275 1191 in
1293 1134 1383 1193 rebus

153 1238 192 1296 ad
227 1237 402 1314 religionem
434 1235 651 1312 pertinentibus
683 1237 760 1295 nihil
793 1237 872 1296 intra
899 1237 1055 1298 ecclesiam
1087 1239 1250 1298 Romanam
1281 1245 1382 1300 contra

153 1346 266 1422 Papam
294 1344 405 1416 valere,
433 1361 530 1420 neque
557 1361 626 1402 eum
653 1343 702 1403 vel
729 1363 782 1422 pro
805 1344 1010 1422 imperatoriae
1032 1346 1187 1421 dignitatis
1209 1346 1380 1420 rationibus

153 1452 203 1512 vel
225 1469 279 1528 pro
301 1451 489 1528 praevalente
512 1451 645 1526 gentium
669 1452 854 1511 subditarum
876 1452 1027 1529 opinione,
1051 1453 1100 1512 vel
1122 1472 1176 1529 pro
1199 1471 1253 1512 sua
1275 1453 1381 1530 ipsius,

154 1559 274 1637 qrralem
301 1558 476 1636 saepissime
503 1563 629 1618 testatus
655 1559 765 1633 fuerat,
794 1559 941 1618 sententia
969 1559 1006 1618 ad
1029 1559 1260 1620 Protestantinm
1283 1565 1382 1637 partes

153 1683 276 1744 pmrsus
303 1666 429 1726 mansue
451 1683 547 1743 posse.
594 1665 650 1726 His
678 1667 766 1726 rebus
789 1667 884 1726 fretus
907 1667 1046 1726 Pontifex
1069 1685 1167 1727 coram
1189 1669 1258 1727 orbe
1280 1669 1382 1728 adver-

156 1792 209 1834 sus
237 1792 306 1833 eum
329 1773 462 1833 inaudita
490 1773 543 1833 illa
565 1773 698 1834 convicia
719 1773 927 1852 postulataque
950 1775 1082 1851 proferre
1104 1791 1196 1834 ausam
1219 1779 1277 1850 est,
1307 1783 1382 1852 quae

154 1899 247 1960 quum
275 1881 328 1942 ille
350 1882 414 1958 pari
437 1881 598 1941 acrimonia
614 1881 739 1958 publice
761 1899 898 1942 recusare
920 1901 981 1940 non
1003 1887 1117 1958 posset,
1141 1882 1279 1959 vulgatae
1302 1883 1381 1943 litte-

153 2007 203 2048 rae
236 2007 289 2066 pro
318 1989 448 2066 ,papalis
481 1989 664 2049 auctoritatis
692 1988 843 2066 tropaeo‘l
875 2009 894 2047 a
925 1989 1028 2048 multis
1056 1989 1251 2064 habebantur,
1279 1991 1380 2051 Pmte-

153 2096 301 2156 stantibus
324 2114 393 2155 vero
416 2101 446 2156 et
468 2096 501 2155 in
524 2097 724 2176 suspicionem
746 2095 934 2156 adduxerunt
952 2097 1041 2156 fidem
1059 2097 1250 2174 Imperatoris
1269 2103 1382 2158 tantam

152 2203 421 2280 expostulationem
444 2203 532 2264 tacite
554 2223 589 2264 ac
611 2205 758 2282 patienter
781 2204 916 2278 ferentis,
940 2208 970 2263 et
992 2222 1109 2264 omnem
1134 2223 1231 2282 spem,
1256 2206 1282 2266 si
1306 2225 1381 2284 quae

153 2314 319 2388 supererat,
347 2311 555 2387 praeciderunt
579 2309 704 2371 Concilii
731 2311 814 2370 illius
842 2310 997 2370 christiani
1026 2330 1060 2372 ao
1082 2312 1182 2388 liberi,
1206 2314 1292 2390 cujus
1315 2333 1381 2390 par-

152 2421 214 2478 tem
244 2419 327 2495 ipsos
359 2419 470 2495 pariter
502 2423 591 2495 atque
619 2423 705 2478 antea
737 2418 951 2496 colloquiorum
978 2419 1016 2479 de
1043 2419 1187 2496 religione
1214 2421 1380 2480 habitorum

152 2525 269 2585 futuros
296 2543 364 2586 essa
388 2527 495 2586 Caesar
522 2525 704 2602 promiserat
750 2526 855 2603 Itaque
877 2527 1017 2588 Pontifex
1044 2547 1162 2605 pacem,
1190 2547 1278 2606 quam
1301 2528 1380 2587 inter

153 2632 310 2692 Caesarem
347 2637 377 2692 et
408 2633 611 2693 Protestantes
648 2631 818 2692 conclusam
852 2634 1138 2710 periculosissimam
1171 2653 1225 2695 suo
1256 2635 1381 2712 imperio

152 2745 343 2816 cognoverat,
368 2741 442 2800 satis
465 2741 573 2800 callide
595 2741 732 2800 turbavit.

259 2847 347 2908 Errat
366 2866 438 2908 sane
455 2848 658 2908 Pallavicinus
677 2867 771 2926 quum
789 2849 876 2924 dicit,
895 2849 1026 2927 diploma
1044 2851 1122 2909 illud
1139 2869 1157 2909 a
1172 2851 1296 2910 Caesare
1315 2851 1381 2910 sine

150 2955 243 3014 animi
265 2955 487 3033 perturbatione
509 2961 668 3032 exceptum
691 2973 771 3030 esse,
795 2957 908 3034 quippe
931 2957 984 3034 qui
1003 2958 1065 3034 jam
1083 2961 1183 3032 antea,
1206 2975 1283 3034 quac
1307 2957 1377 3016 Pro-

150 3063 330 3123 testantibus
353 3063 457 3140 Spirae
479 3062 657 3137 indulserat,
681 3081 719 3122 ex
743 3082 776 3123 se
798 3064 976 3122 damnasset.
1022 3063 1142 3122 Etenim
1165 3063 1197 3122 in
1219 3063 1376 3136 mandatis,

151 3189 228 3247 quae
256 3176 399 3248 sequente
430 3189 507 3230 anno
535 3170 682 3230 ministris
715 3171 779 3230 suis
807 3171 844 3229 de
872 3169 1008 3229 Comitiis
1036 3169 1205 3228 vormatiae
1233 3169 1378 3229 habendis

152 3277 247 3351 dedit,
270 3277 301 3336 in
325 3278 452 3338 decretis
472 3277 664 3355 Spirensibus
688 3277 837 3352 subsistit,
861 3296 879 3336 a
901 3275 1097 3336 clandestinis
1116 3276 1214 3352 Papae
1236 3277 1378 3350 consiliis,

152 3385 261 3462 quibus
279 3390 436 3461 praetenso
457 3385 589 3444 Concilio
606 3403 711 3462 pacem
730 3386 848 3445 turbare
867 3389 983 3462 pergat,
1002 3384 1167 3444 cavendum
1187 3402 1253 3443 esse
1271 3391 1378 3456 monet,

150 3491 189 3551 de
211 3493 397 3552 reformanda
418 3492 545 3552 ecclesia
567 3497 598 3552 et
619 3511 637 3551 a
655 3492 892 3552 Protestantibus
915 3497 945 3552 et
967 3491 1289 3552 aRomanoeatholicis
1313 3511 1379 3552 sen·

150 3599 260 3658 tentius
283 3599 354 3658 ferri
377 3599 456 3676 valt3
479 3599 608 3677 denique
631 3599 722 3658 etiam
745 3599 782 3658 de
804 3599 966 3676 diplomate
988 3599 1054 3674 illo,
1077 3617 1136 3658 non
1160 3599 1261 3659 minus
1281 3599 1379 3676 Impe

151 3705 189 3764 rii
217 3705 344 3766 statibus
373 3725 462 3784 quam
490 3706 546 3766 sibi
574 3707 634 3784 ipsi
661 3707 797 3782 moleste,
832 3707 864 3765 in
897 3706 1032 3766 Comitiis
1059 3705 1108 3782 agi
1136 3723 1224 3783 posse
1252 3707 1380 3765 censet²

150 3813 232 3872 Haec
259 3813 358 3872 omnia
384 3814 527 3872 nimirum
553 3813 704 3874 nesciebat
727 3813 936 3873 Pallavioinus.
982 3813 1109 3872 Prorsus
1138 3833 1207 3874 voro
1234 3812 1378 3872 ridiculus

150 3925 212 3994 est,
241 3921 292 3980 ubi
324 3921 429 3980 multis
457 3921 554 3981 verbis
577 3922 799 3996 magnanimem
827 3920 961 3981 Caesaris
988 3921 1128 3998 pietatem
1156 3919 1286 3995 extollit,
1320 3939 1379 3997 qua

150 4028 269 4103 ,acerba
296 4028 350 4088 illa
376 4029 488 4088 monita
515 4047 535 4088 a·
557 4029 670 4089 Christi
692 4029 803 4089 vicario
827 4028 883 4088 sibi
906 4028 1080 4089 denuntiata
1102 4032 1271 4088 reverenter
1293 4045 1378 4087 exce

150 4135 228 4212 perit
255 4140 286 4196 et
309 4136 505 4214 obsequenter
532 4136 746 4216 servaverit.‘³)
796 4136 968 4196 Ridiculum
995 4136 1073 4210 dico,
1102 4135 1172 4213 quia
1199 4135 1379 4213 paulopost

257 4311 286 4468 C}
303 4307 660 4455 {ffllohltvoc'ssmmumsi
679 4401 744 4455 haec
762 4399 925 4468 doprompsit
942 4398 1046 4470 Ranke:
1065 4399 1200 4452 Deutsche
1216 4398 1311 4452 Gesch.
1326 4401 1376 4452 eto.

149 4488 201 4556 IV,
221 4489 281 4544 255.

257 4578 285 4647 3)
304 4577 337 4647 V,
357 4579 386 4646 5,
406 4579 430 4632 5.
