3194 5042
297 305 350 364 200
827 303 915 361 Carur
933 303 993 360 vn.

1159 399 1255 408 ——o-

297 511 370 588 quin
392 510 430 570 ad
448 528 481 570 se
503 529 538 570 ea
556 529 673 590 quoquc
695 511 784 570 verba
801 511 984 586 pertinerent
1002 527 1083 590 quae
1095 509 1176 586 apud
1198 509 1371 586 prophetam
1388 512 1505 586 proxime

297 623 475 696 sequuntur:
503 617 708 696 Deraanuite
730 636 803 678 eam.

402 726 450 785 Ad
487 726 566 785 idern
602 726 761 786 consilium
797 725 908 784 nostris
944 725 1049 784 diebus
1081 723 1338 800 Palaeocatholici,
1374 725 1508 804 iidemque

296 833 405 893 iterum
427 833 731 893 excommunicatione
753 833 909 892 Pontificia
930 832 1086 908 admoniti,
1114 837 1315 909 pervenerant.
1361 831 1415 906 Qui
1435 834 1509 892 simi-

296 941 365 1000 liter
391 945 481 1018 atquc
502 940 645 1000 Erasmus
672 940 801 1000 confessi
828 945 912 1014 sunt,
939 939 1110 999 aLuthero
1137 939 1261 1017 ejusque
1287 939 1401 1014 amicis,
1425 949 1510 999 secta·

296 1047 422 1122 toribus,
455 1048 676 1108 suecessoribus
703 1047 791 1124 longe
823 1047 943 1124 quidem
974 1046 1103 1124 plurima
1133 1047 1182 1106 vel
1209 1065 1278 1107 cum
1309 1048 1394 1107 verbo
1419 1048 1512 1107 dirimo

296 1173 425 1232 congmm
452 1154 601 1232 praeclare
624 1155 735 1228 doceri,
762 1155 811 1214 val
835 1160 870 1214 ut
896 1154 943 1213 illi
970 1155 1166 1232 repugnantia
1192 1155 1224 1214 in
1247 1154 1370 1216 ecclesia
1390 1155 1514 1214 Rommia

296 1263 472 1340 plenissimo
491 1263 559 1339 jura
581 1262 732 1339 castigari,
761 1261 906 1321 nonnulla
927 1280 997 1322 vero
1019 1261 1052 1320 in
1073 1262 1136 1322 illis
1158 1281 1218 1322 non
1241 1263 1447 1339 probaverunt,
1475 1265 1515 1322 in-

297 1371 402 1448 primis
428 1371 585 1446 rationem,
618 1389 677 1447 qua
703 1371 908 1430 reformatores
935 1388 1040 1430 novam
1068 1369 1281 1452 quodammodo
1307 1369 1473 1445 eeclesiam,
1503 1391 1519 1429 a

297 1478 405 1538 veteris
428 1478 665 1538 institutionibus
690 1477 810 1552 longius
833 1496 923 1554 quam
950 1495 1072 1538 necesse
1099 1478 1206 1537 fuisset
1229 1477 1423 1552 recedentem,
1452 1497 1520 1538 mox

297 1591 327 1644 et
349 1586 472 1646 eandem
499 1585 532 1644 in
555 1586 687 1645 diversas
710 1590 809 1662 partes
831 1585 1000 1660 discissam,
1028 1585 1247 1660 fundavissent,
1275 1603 1308 1644 se
1329 1586 1409 1662 ipsos
1436 1589 1522 1664 sequi

297 1699 327 1752 ct
352 1693 385 1751 in
412 1693 640 1770 protestantium
667 1697 764 1752 castra
790 1693 916 1752 transire
938 1692 1021 1752 salva
1047 1692 1228 1752 conscientia
1255 1711 1314 1752 non
1341 1711 1427 1769 posse
1456 1713 1526 1753 cen-

297 1798 448 1859 suerunt¹
502 1799 606 1877 Neque
637 1805 737 1860 tamen
769 1800 854 1877 sequi
885 1805 1046 1877 potuerunt
1077 1799 1301 1876 Docllingerum
1332 1818 1527 1877 praemonen-

296 1913 369 1982 tem,
403 1925 441 1967 ne
468 1925 547 1966 aram
575 1912 677 1966 contra
703 1925 783 1965 aram
810 1911 966 1984 ponerent,
994 1907 1055 1984 sed¹
1073 1906 1249 1967 necessitate
1276 1907 1401 1985 quadam
1428 1909 1530 1969 adacti

297 2015 367 2074 licet
402 2015 490 2092 pauci
521 2032 644 2074 numero
676 2015 760 2091 quasi
796 2015 913 2074 tertiam
945 2015 1093 2091 quandam
1124 2014 1264 2074 ecelesiae
1296 2015 1420 2075 formam
1459 2035 1530 2076 con·

297 2122 470 2198 stituerunt,
497 2122 576 2182 intcr
602 2122 826 2182 Romanismum
854 2128 885 2181 ct
909 2122 1187 2182 Protestantismum
1214 2123 1348 2182 mediam.
1399 2122 1470 2182 Huc
1496 2145 1530 2186 em

296 2236 379 2306 parte
401 2229 490 2306 longe
512 2230 713 2290 discesserunt
735 2230 771 2288 ab
798 2229 934 2304 Fbasmo,
963 2229 1014 2307 qui
1038 2248 1154 2308 semper
1175 2230 1272 2290 noluit
1293 2249 1311 2290 a
1334 2230 1398 2289 suis
1422 2233 1530 2292 amicir

296 2338 374 2396 iuter
396 2337 567 2397 Pontificios
590 2341 620 2397 et
642 2337 827 2397 Lutheranos
850 2337 978 2412 tertiam,
1001 2337 1215 2398 moderatorum
1238 2342 1351 2415 partem
1375 2341 1530 2400 constitui

297 2463 372 2522 quae
399 2450 429 2503 et
456 2449 597 2523 utrosque
624 2445 813 2522 impugnaret
838 2449 868 2504 et
897 2445 933 2503 ab
961 2445 1095 2522 utrisque
1121 2445 1352 2522 impugnaretur.
1404 2445 1529 2506 Niholo

296 2553 396 2610 minus
428 2570 496 2611 curn
528 2553 593 2628 ipso
627 2551 748 2611 llrasmo
780 2571 917 2628 magnam
949 2553 1088 2611 fovebant
1119 2569 1215 2629 spem,
1248 2553 1333 2629 quasi
1365 2553 1529 2628 adjuvant

297 2659 359 2718 Deo
386 2665 487 2718 contra
515 2659 621 2718 Curiae
648 2659 795 2719 Romanae
826 2659 987 2719 obnitentis
1019 2659 1200 2719 voluntatem
1226 2659 1352 2719 ecclesia
1378 2660 1529 2721 Romano

296 2765 440 2825 catholica
462 2767 492 2824 vi
511 2765 643 2824 veritatis
666 2766 844 2825 christianae
861 2767 903 2825 ita
924 2767 1075 2826 reformari
1093 2773 1206 2844 posset,
1229 2771 1264 2825 ut
1281 2767 1417 2844 impletis
1440 2769 1529 2844 justi

296 2873 433 2934 omnibus
460 2873 692 2932 Protestantium
723 2873 877 2933 desideriis
904 2891 973 2932 rera
1000 2874 1054 2933 illa
1080 2883 1168 2952 atque
1195 2873 1286 2934 libera
1313 2879 1420 2934 coetus
1457 2878 1529 2938 chri

297 2980 385 3040 stiani
404 2981 516 3056 unitas,
539 2999 628 3059 quam
648 2981 784 3041 Christus
803 2982 867 3040 suis
885 2982 1050 3059 proposuit,
1074 2982 1192 3042 tandem
1211 2982 1430 3042 restitueretur.
1482 2985 1529 3044 Ita

297 3107 354 3167 que
377 3091 433 3149 snb
455 3089 559 3148 umbra
583 3089 728 3149 libertatis
751 3089 861 3165 civilis,
890 3107 1056 3168 quaecum
1084 3089 1191 3150 sinceri
1218 3091 1463 3167 protestantismi
1502 3093 1528 3152 ir

296 3198 382 3274 genic
410 3215 539 3274 congrua
565 3198 645 3275 apud
676 3215 730 3257 nos
757 3197 972 3275 praevaluerat,
1005 3215 1115 3257 novum
1142 3197 1271 3258 schisma
1301 3215 1355 3275 per
1384 3197 1528 3260 Vaticar

295 3305 411 3365 decreta
438 3305 476 3364 iis
504 3305 675 3382 impositum
704 3305 803 3365 subire
829 3309 889 3365 non
913 3303 1000 3364 veriti
1028 3309 1111 3380 sunt,
1143 3305 1233 3383 idque
1260 3323 1294 3365 eo
1322 3305 1475 3380 consilio,
1520 3329 1528 3366 r

296 3430 349 3490 pro
372 3412 435 3472 suis
458 3412 571 3472 viribus
598 3413 740 3488 lacerent,
769 3411 913 3490 quidquid
940 3412 1081 3489 adjuvare
1107 3413 1255 3490 quondam
1279 3417 1384 3489 posset
1408 3413 1455 3472 ad
1491 3421 1528 3476 tc

296 3519 417 3578 landum
445 3537 531 3580 omna
554 3520 683 3580 schisma
709 3520 799 3580 etad
825 3520 1038 3580 restituendam
1060 3537 1160 3579 veram
1182 3519 1323 3580 ecclesiae
1346 3520 1528 3582 christiana

295 3627 480 3686 concordiam
501 3633 531 3687 et
553 3628 704 3688 unitatem.
751 3628 835 3688 Hauc
858 3627 937 3688 enim
959 3645 1133 3705 praeparare
1155 3627 1369 3705 quodammodo
1396 3633 1433 3688 et
1455 3649 1528 3706 pra

294 3735 410 3794 mimire
437 3733 494 3794 sibi
520 3735 707 3812 videbantur,
734 3737 761 3796 si
787 3753 981 3814 quaecunque
1007 3753 1077 3794 vcra
1104 3741 1134 3795 et
1155 3735 1280 3812 pulchra
1293 3735 1495 3812 judicarent

295 3847 437 3920 utraquaa
458 3842 596 3918 ecclesia,
624 3847 843 3918 conservarent,
871 3861 1064 3921 quaecunque
1087 3842 1163 3902 falsa
1189 3847 1220 3902 et
1241 3843 1331 3918 mala,
1359 3845 1527 3921 rejicerer

294 3949 398 4028 Itaque
425 3950 496 4009 dum
524 3956 554 4012 et
581 3951 718 4026 ,solidam
744 3953 870 4027 petram‘
903 3969 963 4010 non
990 3951 1088 4011 fictam
1115 3950 1196 4010 Petri
1224 3951 1323 4011 sedern
1350 3951 1527 4014 Romana]

294 4058 347 4118 sed
365 4058 465 4135 ipsum
484 4058 637 4118 Christum
655 4075 721 4118 ease
739 4075 807 4118 cum
825 4057 1061 4118 Protestantibus
1078 4058 1241 4134 declarant,
1262 4063 1292 4119 at
1310 4059 1527 4137 episcopatui

293 4165 329 4224 ab
348 4165 429 4224 omni
448 4165 645 4225 hierarchicae
665 4163 874 4225 dominationis
891 4165 957 4226 labe
975 4165 1144 4241 liberatum,
1167 4171 1202 4225 ut
1218 4165 1458 4226 institutionem
1482 4188 1527 4232 ve

294 4273 524 4347 oecumenicam,
556 4291 615 4350 qua
641 4273 774 4332 omnium
801 4273 936 4349 gentium
962 4272 1105 4334 acclesiae
1132 4273 1360 4350 conjungantur,
1401 4276 1527 4338 rctine

294 4377 365 4436 dum
393 4397 459 4439 esse
485 4381 603 4454 docent,
631 4380 669 4439 ad
695 4383 814 4457 tempus
842 4380 901 4458 ipsi
927 4381 960 4439 in
986 4379 1172 4441 ecclesiolam
1198 4381 1366 4458 congregati
1403 4387 1526 4446 eund<

402 4603 428 4670 1)
446 4603 486 4656 Jo.
507 4603 609 4656 Alborti
628 4603 740 4657 Fabricii
759 4605 947 4673 opusculorum
967 4604 1070 4676 sylloge
1089 4624 1114 4675 p.
1134 4607 1195 4662 389.
