3144 5092
661 341 748 397 Curua
766 341 799 395 V.
1307 343 1343 399 83

103 545 205 604 traria
227 545 325 605 inesse
348 545 476 622 putabat
518 544 560 604 Eo
583 545 681 604 animo
704 563 781 605 auno
804 549 872 622 post
894 544 997 622 paucis
1020 549 1089 605 aute
1111 549 1236 604 mortem
1259 563 1343 606 suam

104 651 268 712 mensibus
292 650 451 728 Georgium
474 651 637 727 Vicelium,
665 651 717 728 qui
744 670 762 711 a
790 651 923 711 consiliis
951 652 978 711 ei
1006 656 1081 728 erat,
1109 652 1342 712 honorificentis-

107 761 192 820 sima
218 759 356 836 epistola,
384 765 418 818 ut
446 758 556 836 scripto
582 759 685 819 libello
713 759 873 819 consilium
900 759 995 835 daret,
1022 759 1161 818 invitavit
1188 759 1343 837 filiumque

106 865 354 926 Maximilianum
375 884 476 943 regem
500 866 664 926 Romanum
686 871 721 926 ut
742 867 822 926 idem
844 867 881 926 ab
903 867 955 928 illo
978 867 1086 926 litteris
1109 871 1223 944 peteret
1245 867 1343 926 admo-

106 975 189 1034 nuit.
234 973 364 1034 Noverat
386 973 589 1034 Eerdinaudus
613 978 710 1034 totum
732 973 818 1032 illum
841 975 877 1034 ab
896 973 1013 1034 Erasmi
1035 974 1183 1050 theologia
1205 975 1342 1052 pendere,

108 1099 205 1160 quem
237 1081 360 1159 propius
387 1100 476 1160 quam
503 1081 585 1141 ullus
613 1081 782 1160 aequalium
809 1086 930 1142 secutus
957 1087 1004 1141 est
1031 1099 1179 1160 quemque
1206 1081 1343 1142 omnibus
1417 1121 1421 1128 -

109 1191 177 1249 sere
204 1190 294 1249 etiam
320 1189 429 1249 veteris
457 1189 600 1250 ecclesiae
627 1189 795 1249 doctoribus
822 1189 1013 1266 praeferebat.
1059 1187 1186 1266 Scripsit
1208 1187 1342 1249 Vioelius

109 1297 338 1356 memorandum
360 1296 510 1373 libellum,
533 1297 582 1357 cui
605 1297 712 1356 titulus
735 1300 794 1356 est:
820 1295 876 1356 Via
898 1297 979 1372 regia
1002 1295 1066 1356 sive
1087 1296 1124 1356 de
1147 1296 1342 1356 controversis

109 1403 267 1480 religionis
299 1405 446 1482 capitibus
478 1404 671 1464 conciliandis
704 1403 878 1464 sententia.1
901 1425 903 1429 ’
928 1403 1042 1464 Verum
1069 1403 1185 1464 Erasini
1212 1404 1343 1464 imitator

111 1513 213 1572 media
244 1531 298 1572 sua
324 1511 402 1571 inter
429 1516 584 1590 utramque
611 1517 725 1589 partem
752 1511 900 1588 thwlogia
927 1511 996 1588 plus
1025 1511 1142 1572 efficere
1164 1529 1225 1571 non
1248 1511 1343 1570 valuit

112 1638 206 1697 quam
232 1624 318 1679 antea
339 1619 489 1679 Erasmus.
535 1619 623 1679 Haud
650 1619 758 1678 mirum
785 1619 889 1696 igitur,
917 1619 995 1697 quod
1023 1618 1246 1678 Maximiliauus
1271 1618 1341 1678 Cae-

113 1745 165 1786 sar
186 1727 295 1801 factus,
323 1745 410 1806 quem
436 1727 498 1804 jam
520 1726 598 1787 inter
621 1727 786 1787 Concilium
809 1725 1016 1786 'tridentinum
1038 1726 1119 1804 Papa
1141 1726 1342 1786 Lutheranum

113 1839 281 1910 vocaverat,
313 1835 409 1911 magis
436 1835 590 1912 magisque
616 1834 851 1894 Protestantibus
878 1834 952 1893 favit
979 1834 1016 1893 ad
1045 1851 1155 1912 eosque
1182 1833 1340 1894 acceleret.

113 1941 155 2000 Et
186 1941 306 2018 longius
338 1947 372 2001 ut
402 1942 519 2002 videtur
549 1941 700 2019 profectus
728 1946 818 2016 esset,
855 1941 913 2000 nisi
946 1941 1085 2001 continua
1111 1940 1342 2000 Protestantium

114 2048 253 2124 discidia,
274 2049 340 2125 jum
363 2047 589 2125 pridemetiam
611 2049 689 2109 inter
710 2048 792 2126 ipsos
810 2048 996 2108 Luthsrauos
1018 2052 1133 2124 exorta,
1156 2048 1262 2107 horum
1279 2065 1342 2107 rem

115 2159 286 2233 suspectam
308 2156 336 2214 ei
359 2155 565 2214 reddidissent.

195 2299 197 2304 ,
224 2260 305 2336 Quae
331 2262 447 2322 iuterna
474 2261 707 2322 Protestantium
735 2261 871 2336 discidia,
899 2280 938 2322 ex
964 2261 1106 2320 laudabili
1134 2261 1254 2339 quidem
1280 2261 1342 2322 veri

116 2369 214 2429 studio
245 2369 449 2447 libertatisque
481 2369 668 2446 evangelicae
701 2387 759 2428 usu
790 2374 904 2444 exorta,
942 2369 994 2428 sed
1026 2387 1086 2428 non
1118 2369 1183 2428 sine
1214 2369 1343 2428 humana

115 2478 245 2537 vanitate
267 2495 302 2537 ac
324 2477 486 2554 pertinacia
509 2477 631 2554 agitata,
661 2477 750 2538 etiam
773 2475 906 2536 Tridenti
929 2477 1097 2554 pontificiae
1119 2477 1240 2536 factioni
1263 2477 1342 2535 harad

116 2603 206 2662 parvo
237 2585 349 2644 auxilio
376 2585 501 2645 hremnt.
552 2583 689 2646 Patribus
717 2585 796 2644 inter
823 2602 856 2644 se
883 2583 1093 2644 altercantibus
1115 2584 1148 2643 in
1171 2583 1342 2661 exemplum

117 2692 169 2751 illa
200 2711 218 2751 a
245 2691 381 2770 pluribus
409 2692 498 2752 etiam
525 2692 562 2751 ab
588 2691 786 2770 imperatoriis
813 2691 933 2768 legatis,
962 2692 1112 2770 proposita
1140 2697 1217 2752 sunt.
1263 2691 1342 2751 Inte

118 2799 236 2874 gemimi
262 2799 332 2875 riri,
360 2804 459 2860 unns
486 2800 518 2858 in
545 2799 688 2876 religione
715 2799 859 2860 libertatis
886 2801 997 2860 abusus
1020 2804 1201 2877 spectantes,
1229 2799 1343 2876 aliquid

120 2907 269 2966 servitutis
301 2905 426 2966 tolerare
458 2906 676 2984 optabilemque
709 2907 948 2967 reformationem
980 2907 1013 2966 in
1045 2912 1197 2984 posterum
1225 2907 1343 2966 differre

119 3015 315 3092 praestantius
338 3015 512 3074 habuerunt
559 3013 692 3073 Similem
716 3013 904 3092 aliquatenus
927 3014 1117 3088 seutentiam,
1145 3013 1216 3073 licet
1238 3013 1269 3071 in
1293 3011 1342 3071 de·

118 3121 250 3198 tegendis
264 3121 415 3182 Ecclesiae
433 3121 550 3180 damnis
569 3120 635 3198 ipse
648 3119 793 3194 audacior,
814 3120 956 3180 Erasmus
970 3119 1138 3197 protulerat.
1167 3119 1246 3178 Huic
1264 3137 1341 3193 vero,

120 3229 174 3288 etsi
202 3247 270 3290 eum
297 3247 367 3289 cum
394 3228 531 3288 omnibus
559 3227 679 3304 scriptis
707 3227 771 3287 suis
796 3227 908 3286 Pardus
930 3226 986 3286 ΠΙ.
1014 3226 1169 3286 dmoonica
1197 3225 1343 3285 sententia

120 3336 368 3412 condemnaverat
387 3336 474 3396 multi
493 3335 596 3395 Patres
611 3334 783 3410 Tridentini,
802 3333 940 3412 inprimis
958 3333 1197 3410 archiepiscopus
1212 3332 1341 3408 Pragen·

121 3444 172 3520 sis,
200 3443 376 3504 Fenlinandi
399 3441 588 3520 Imperatoris
612 3440 749 3518 Orator,²
779 3441 937 3501 admodum
965 3441 1109 3500 favebant.
1155 3439 1199 3500 Ea
1221 3439 1341 3518 quidem

121 3551 260 3627 libertate,
281 3569 340 3630 qua
357 3551 410 3610 ille
428 3551 465 3611 de
483 3550 602 3610 amabili
621 3549 772 3611 Ecclesim
789 3549 944 3610 concordia
961 3548 1127 3626 scripserat,
1146 3547 1206 3626 ipsi
1223 3547 1342 3624 publice

121 3659 199 3738 loqui
221 3677 282 3718 non
305 3659 458 3719 audebant
500 3658 602 3735 Longe
624 3657 676 3717 illo
699 3656 860 3716 timidiores
883 3660 973 3716 erant.
1015 3655 1119 3734 Neque
1141 3659 1241 3714 tamen
1262 3653 1342 3732 apud

122 3767 172 3826 hos
194 3785 313 3845 quoque
336 3767 368 3826 in
387 3765 511 3826 unitatis
529 3771 619 3844 atque
642 3765 813 3825 concordiae
832 3781 941 3838 amore,
966 3781 1145 3841 quamquam
1164 3781 1233 3822 cum
1252 3779 1342 3839 prava

123 3873 244 3952 quadarn
267 3873 386 3951 ignavia
403 3879 434 3933 et
456 3873 512 3932 viri
531 3872 713 3949 negligentia
732 3871 908 3948 conjunctus
927 3875 1001 3946 erat,
1025 3870 1137 3948 aliquid
1155 3869 1247 3928 animi
1265 3868 1342 3928 chri-

123 3982 206 4041 stiani
229 3981 323 4040 luisse
345 3999 496 4057 negamus.
538 3978 688 4058 Quidquid
710 3979 742 4038 in
765 3979 831 4056 ipsa
850 3977 956 4054 synodi
974 3977 1163 4038 conclusione
1178 3977 1246 4054 jure
1264 3976 1341 4034 vitu-

123 4090 300 4174 peravimus,
332 4087 477 4167 quidquid
508 4087 698 4165 turpissimae
729 4087 862 4146 maculae
889 4086 1027 4146 universo
1059 4085 1141 4163 operi
1172 4083 1342 4143 adhaesisse

124 4196 313 4272 ostendimus,
337 4195 531 4256 nihilomiuus
554 4195 711 4256 admodum
733 4195 936 4272 imperfectam
954 4211 1040 4253 verae
1058 4192 1182 4252 unitatis
1204 4189 1342 4252 eeclesia-

225 4391 252 4459 1)
271 4389 361 4444 Edidit
378 4389 450 4444 hanc
468 4387 589 4442 libellum
608 4403 669 4440 cum
688 4385 746 4442 aliis
765 4385 847 4440 variis
865 4401 988 4440 summus
1006 4383 1048 4438 vir
1065 4383 1099 4438 H.
1115 4383 1229 4454 Conriug
1247 4380 1341 4436 Hebu-

125 4477 195 4532 stadii
216 4480 292 4534 1360.
330 4477 472 4533 Praemisit
489 4476 649 4532 Ferdinandi
667 4475 807 4545 epistolam
825 4493 850 4545 p.
866 4475 883 4528 2
901 4491 937 4530 ss.
957 4477 985 4528 et
1001 4472 1177 4528 Maximiiiani
1195 4490 1220 4542 p.
1236 4474 1261 4528 5.

225 4567 253 4638 2)
272 4568 311 4623 cf.
331 4568 452 4637 ejusdem
471 4565 584 4636 epistola
601 4566 635 4620 ad
653 4565 850 4620 Ferdinandum
863 4565 1056 4634 Imperatorem
1074 4563 1145 4634 apud
1158 4561 1266 4618 Rerrsch
1285 4561 1344 4632 (der

124 4657 201 4713 ludex
219 4657 244 4728 1)
262 4675 287 4728 p.
303 4657 369 4726 320;
387 4657 518 4712 sententia
536 4655 647 4712 Concilii
665 4655 698 4710 da
716 4655 827 4711 Erasmo
846 4653 901 4710 lata
918 4672 943 4724 p.
960 4655 1020 4709 347.

1146 4745 1182 4800 6*
