3156 5056
651 302 742 352 Cunus
759 303 793 354 X.
1277 300 1327 354 227

104 515 342 590 promovendis.l
387 518 574 592 Quantopere
602 518 687 576 anim
714 519 915 578 commercium
938 519 1060 592 fugerit,
1089 533 1177 590 supra
1199 516 1329 576 vidimus.

106 624 153 682 Se
183 640 276 694 neque
307 621 450 680 factiones
482 622 593 680 ambire
622 639 707 696 posse
735 624 791 696 ait,
821 640 915 696 neque
942 624 1076 698 ingerere
1102 629 1208 702 semet,
1235 639 1328 696 neque

107 727 203 784 ulium
233 726 329 785 cubito
362 723 551 800 protudere.²
610 726 669 786 Sed
702 727 751 786 ubi
782 729 954 813 vocabatur,
996 727 1083 786 officii
1115 745 1224 788 memor
1256 733 1328 788 erat.

107 831 182 888 Jam
212 830 248 889 de
282 830 452 904 quibusnam
485 830 573 889 rebus
606 831 772 906 suffragium
806 836 869 908 ejus
899 834 1079 892 Wormatiae
1112 839 1331 908 exspectaretur

109 937 194 994 clare
217 937 359 1010 apparuit.
405 936 516 1010 Quippe
536 953 621 996 nemo
644 937 809 1013 dubitabat,
830 941 900 1013 quin
923 939 1052 998 futurum
1074 945 1166 1013 esset,
1189 947 1221 996 ut
1241 941 1329 998 etiarn

109 1041 236 1099 Lutberi
259 1057 346 1098 causa
368 1041 429 1098 illio
451 1047 596 1113 ageretur.
634 1041 679 1100 De
702 1043 757 1100 hac
778 1045 874 1116 palam
897 1061 996 1102 eoram
1012 1043 1138 1102 Caesare
1158 1044 1329 1116 imperiique

110 1146 264 1204 ordinibus
293 1145 467 1204 sententiam
498 1146 597 1206 dicere
625 1163 696 1220 prae
727 1121 834 1206 ceteris
857 1148 1010 1207 Erasmnm
1038 1149 1143 1224 decere
1171 1147 1330 1206 videbatur.

110 1251 222 1308 Verum
252 1251 329 1310 enim
358 1267 428 1308 vero
458 1256 527 1310 tunc
556 1252 680 1310 maxime
709 1253 819 1326 patuit,
857 1261 996 1325 quantum
1026 1252 1123 1310 indole
1154 1269 1173 1310 a
1201 1251 1330 1310 Lutbero

109 1353 254 1415 differret.
299 1355 355 1412 Hic
377 1356 414 1413 ab
437 1354 623 1414 infestissimo
640 1357 821 1428 Imperatore
845 1358 935 1416 veluti
953 1373 1020 1416 rens
1035 1357 1226 1415 Wormatiam
1245 1371 1330 1414 voca·

110 1465 177 1531 tue,
202 1460 308 1532 spretis
330 1459 462 1517 omnibus
483 1460 621 1533 periculis
645 1476 710 1518 eam
732 1477 841 1546 vocem
854 1467 991 1535 tanquam
1014 1462 1105 1536 ipsius
1127 1461 1184 1519 Dei
1207 1476 1330 1534 sequen·

110 1563 183 1622 dam
211 1563 265 1622 sibi
297 1564 480 1622 existimavit
539 1563 693 1639 Euasmm,
725 1582 898 1640 quamquam
927 1583 1036 1626 summo
1065 1583 1130 1626 oum
1159 1565 1268 1624 honore
1299 1569 1331 1621 ut

106 1667 203 1741 judex
233 1673 351 1726 vocatus
382 1675 460 1744 erat,
490 1670 590 1728 venire
623 1671 777 1730 recusavit.
827 1672 922 1730 Multa
951 1671 1088 1731 videlicet
1116 1671 1331 1744 impedimenta,

112 1789 193 1845 qnae
216 1789 355 1846 superare
381 1775 459 1832 nullo
481 1774 565 1834 modo
583 1780 695 1848 posset,
724 1775 823 1834 videre
848 1775 902 1834 sibi
925 1777 1004 1836 visus
1027 1781 1098 1836 erat.
1144 1774 1279 1834 Timebat
1300 1773 1330 1830 in

113 1881 201 1934 tanto
229 1877 376 1936 hominnm
405 1877 537 1937 confluxu
566 1879 778 1954 pestilentiam,
809 1896 866 1952 qua
895 1881 982 1954 panlo
1010 1886 1078 1939 ante
1100 1881 1131 1938 in
1154 1879 1242 1938 simili
1264 1893 1331 1934 con-

113 1986 207 2038 ventu
226 1979 405 2057 Coloniensi,
427 1983 458 2042 fn
472 2000 529 2057 quo
548 1984 684 2042 invitatus
698 1981 847 2058 adfuerat,
869 1983 1095 2058 perterrefactus
1115 1989 1187 2044 erat.
1219 1981 1332 2040 (londo-

113 2084 245 2144 nandum
268 2092 313 2146 est
334 2086 443 2160 aliquid
464 2089 542 2163 seni,
572 2105 629 2147 non
651 2094 735 2148 tanta
757 2083 845 2147 animi
872 2091 901 2147 vi
923 2090 1071 2163 praedito,
1101 2096 1134 2148 ut
1158 2086 1333 2162 aegrotanti,

114 2190 196 2263 qnod
224 2207 313 2264 saepe
343 2193 488 2266 queritur,
516 2194 685 2266 corpusculo
714 2194 880 2266 imperaret
925 2193 983 2252 Sed
1005 2193 1178 2267 imperasset
1199 2191 1332 2262 fortasse,

115 2295 176 2353 nisi
206 2295 298 2354 multa
320 2313 432 2370 quoque
461 2297 521 2356 alia
547 2315 614 2356 eum
640 2298 836 2357 retinuissent
882 2297 1069 2357 Intolerabile
1091 2299 1153 2356 viro
1175 2296 1333 2356 umbratico

117 2406 187 2459 erat
217 2400 263 2458 vel
287 2401 415 2473 cogitare
438 2401 475 2460 de
498 2400 596 2458 futura
618 2401 761 2474 qnondam
783 2402 957 2461 necessitate
979 2403 1011 2460 iu
1032 2403 1225 2462 illustrissimo
1248 2405 1333 2460 coetu

116 2505 330 2564 sermocinandi
353 2505 400 2562 vel
419 2504 591 2578 disputandi.
637 2505 713 2564 Nam
733 2507 758 2564 si
781 2505 818 2565 de
835 2506 1002 2566 Lntherano
1025 2507 1143 2579 negotio
1158 2506 1219 2564 illic
1235 2504 1333 2562 diceu-

115 2610 187 2667 dnm
207 2609 261 2668 sibi
284 2615 376 2682 esset,
398 2610 506 2683 optime
529 2609 641 2668 sciebat
663 2609 726 2669 fore
748 2616 781 2668 nt
802 2611 880 2670 baud
899 2627 993 2685 pauca
1015 2627 1047 2670 se
1068 2611 1167 2670 dicere
1186 2613 1334 2684 oporteret

116 2714 270 2786 permultis
300 2714 511 2788 ingratissima;
541 2719 611 2772 tunc
638 2713 832 2790 Aleandrum,
862 2733 947 2789 qnam
973 2717 1081 2790 optime
1110 2721 1246 2788 noverat,
1276 2731 1333 2772 non

116 2819 218 2890 aliter,
249 2833 335 2890 qnam
357 2819 540 2878 stultissimos
561 2819 729 2894 monachos,
758 2820 862 2892 probro
891 2820 947 2878 sibi
973 2837 1124 2880 versurum
1150 2835 1228 2894 esse,
1257 2819 1334 2894 quod

116 2922 249 2980 Lutbero
269 2923 332 2995 ipse
355 2929 386 2981 et
407 2923 483 2980 viam
504 2928 711 2997 praeparasset
732 2929 763 2982 et
785 2924 882 2996 elogio
903 2924 1030 2983 favisset
1075 2924 1121 2982 Ea
1146 2940 1227 2998 vero,
1258 2941 1332 2996 quae

118 3028 150 3084 in
172 3025 293 3084 Lntheri
316 3028 468 3086 sententiis
491 3027 686 3103 improbabat,
710 3030 740 3087 in
760 3029 865 3088 scholis
886 3035 974 3102 atque
996 3031 1073 3089 inter
1095 3030 1172 3086 viros
1194 3029 1333 3100 eruditos,

118 3146 208 3203 uuam
239 3147 335 3188 coram
365 3132 501 3190 universo
522 3132 628 3206 populo
649 3134 772 3192 tractari
795 3134 910 3208 maluit;
940 3134 976 3192 de
1000 3133 1144 3192 nonnullis
1166 3133 1234 3207 quid
1257 3132 1335 3204 judi-

119 3233 242 3294 candum
274 3242 367 3310 esset,
394 3235 449 3294 sibi
478 3237 533 3310 ipsi
563 3236 689 3296 nondum
719 3243 853 3298 constare
884 3238 1075 3298 familiaribus
1104 3235 1250 3316 coufessus
1281 3243 1333 3296 est.

119 3339 218 3409 Quare
247 3341 271 3398 si
300 3341 368 3400 huic
398 3342 516 3414 negotio
541 3342 721 3403 Wormatiae
751 3360 891 3417 praesens
921 3359 953 3402 se
982 3345 1159 3418 involveret,
1189 3341 1244 3402 sibi
1267 3359 1334 3416 per·

119 3445 214 3502 suasit
241 3442 302 3503 fore
332 3450 365 3503 ut
395 3461 489 3518 neque
519 3446 649 3506 Luthcro
679 3449 798 3520 ejusque
830 3464 934 3507 causae
965 3447 1117 3522 prodesse,
1147 3464 1241 3522 neque
1271 3447 1334 3522 ipse

120 3564 264 3606 summurn
292 3549 451 3621 periculum
483 3549 611 3622 effugere
639 3557 746 3624 posset
801 3551 901 3624 Iunge
932 3557 963 3612 et
992 3554 1101 3625 majore
1131 3552 1277 3628 sapientia
1305 3555 1335 3610 et

120 3653 242 3710 meliore
265 3670 317 3726 spe
339 3659 456 3712 acturus
479 3653 534 3712 sibi
557 3654 724 3728 videbatur,
754 3656 780 3714 si
807 3672 863 3714 non
887 3671 1007 3729 corpore
1034 3655 1086 3714 sed
1111 3657 1228 3731 ingenio
1250 3667 1334 3730 prae·

121 3771 191 3814 sens
223 3757 285 3829 ipse
313 3763 451 3830 qnantum
484 3757 548 3818 fieri
582 3765 679 3831 posset
708 3759 868 3832 incognitus
899 3760 960 3818 illic
988 3759 1018 3818 id
1050 3757 1167 3818 efficere
1195 3759 1335 3831 studeret,

121 3861 199 3934 quod
229 3863 318 3929 selum
345 3864 457 3935 justum
486 3868 517 3921 et
543 3861 721 3935 reipublicae
749 3865 925 3923 christianae
955 3865 1083 3922 salutare
1112 3880 1177 3923 esse
1205 3863 1335 3936 putabat.

121 3967 169 4024 De
192 3982 248 4038 qno
269 3965 388 4024 consilio
411 3965 550 4039 quidquid
569 3967 747 4042 judicamus,
778 3967 808 4026 id
831 3968 913 4026 nobis
933 3967 1150 4026 concedendum
1173 3972 1233 4040 ost,
1262 3967 1337 4026 mira

105 4075 191 4129 'eum
214 4071 477 4144 cucumspicientia
498 4070 571 4130 illud
592 4077 776 4144 persecutum
799 4089 872 4130 esse.
925 4072 1009 4130 Viam
1032 4071 1087 4130 sibi
1110 4077 1337 4145 praeparaverat

120 4173 228 4232 litteris
257 4174 295 4232 ad
324 4173 446 4248 Papam,
473 4173 660 4250 Campegium
690 4174 888 4247 Cardioalem,
910 4174 1061 4232 Albertum
1084 4175 1250 4234 Electorem
1273 4171 1337 4233 Μο-

122 4279 284 4352 gnntiuum,
295 4278 489 4337 Gattinarium
502 4277 635 4336 Caesaris
648 4269 877 4346 cancellarium³‚
893 4274 1048 4346 Georgium
1061 4277 1203 4333 Saxoniae
1215 4277 1336 4348 Ducem,

214 4521 240 4584 1)
258 4521 292 4570 Η.
312 4537 362 4570 von
379 4521 424 4572 der
441 4521 536 4584 Hardt,
555 4523 615 4574 hist
633 4522 672 4574 lit.
691 4519 881 4572 reformationis
900 4519 912 4568 1
930 4536 955 4584 p.
973 4522 1026 4571 1οι.

214 4607 241 4670 2)
259 4607 327 4673 Epp.
340 4607 411 4668 xiv,
430 4614 468 4656 11.
574 4606 601 4674 a)
620 4608 722 4657 Erasini
741 4605 955 4672 opp.111,1411.

1054 4691 1120 4758 15*
