3176 5064
666 305 753 359 Caror
770 304 818 358 IV.
1319 308 1354 360 45

1193 399 1354 408 ---——

112 506 290 583 peculiares
326 505 443 565 fuerint.
504 506 598 564 Immo
630 524 698 565 vero
731 507 796 582 ipse
828 505 1010 582 Saripandus
1041 505 1205 565 clarissime
1236 506 1355 580 indicat,

113 632 218 672 novae
242 613 324 672 illius
347 613 553 690 Inquisitionis
576 614 725 672 horrorem
749 613 887 672 universo
910 612 1020 690 populo
1042 631 1228 673 communem
1251 613 1353 674 luisse.

114 721 219 799 quue
242 720 399 798 permultis
419 721 505 780 lactis
524 720 654 780 indubiis
672 725 855 798 compertum
874 721 1070 780 confirmatur.
1116 719 1252 798 Namque
1270 721 1355 780 initio

116 847 229 888 omnes
254 830 315 888 fere
337 828 440 888 Italiae
462 833 566 904 gentes
589 827 814 906 Inquisitionem
839 827 887 888 vel
909 827 1071 888 Romanam
1097 828 1145 888 vel
1164 828 1355 905 Hispanicam

116 943 315 1013 respuerunt,
340 936 560 1012 magistratibus
578 936 677 995 invehi
698 953 762 995 eam
781 935 983 1009 molientibus,
1007 935 1115 1013 partim
1133 936 1355 1010 tumultuantes,

118 1045 304 1104 restiterunt
361 1044 443 1103 Idem
476 1044 508 1102 in
539 1043 749 1119 Nederlandia,
781 1043 869 1104 etiarn
901 1063 920 1102 a
951 1048 1034 1120 parte
1065 1061 1180 1118 eorum,
1216 1044 1268 1121 qui
1301 1045 1356 1104 sub

117 1152 223 1229 Papae
245 1152 388 1228 regimine
411 1169 529 1211 manere
548 1151 717 1226 voluerunt,
741 1151 851 1211 facturn
871 1169 937 1211 essa
951 1155 1077 1211 constat
1123 1151 1227 1228 Ipsum
1247 1151 1356 1228 vulgus

120 1259 292 1318 Romanum
310 1263 519 1336 postmortem
540 1258 683 1334 Caratiae,
707 1259 759 1336 qui
777 1263 930 1336 assumpto
945 1259 1030 1318 Pauli
1047 1258 1099 1318 IV.
1119 1259 1237 1319 nomine
1258 1261 1356 1319 cathe-

121 1369 210 1427 dram
234 1367 413 1442 obtinuerat,
442 1385 510 1426 cum
538 1367 570 1425 in
598 1367 728 1443 effigiem
756 1367 820 1444 ejus
849 1367 965 1440 saeviit,
998 1373 1062 1426 tum
1090 1385 1128 1426 ex
1151 1367 1357 1444 Inquisitionis

122 1493 244 1536 carcere
267 1475 455 1551 septuaginta
477 1475 551 1538 duos
574 1475 706 1552 captivos
730 1475 758 1533 vi
783 1474 917 1534 liberavit
940 1480 970 1534 et
993 1475 1087 1551 ipsam
1116 1475 1172 1533 diri
1200 1474 1357 1534 tribunalis

122 1583 228 1642 aedem
251 1583 373 1656 invasit,
397 1582 534 1659 diriprrit,
557 1581 661 1658 diruit,
685 1583 908 1658 improbandum
934 1599 1005 1641 sane
1028 1582 1180 1660 popularis
1209 1582 1357 1642 vindictae

123 1690 256 1764 facinus,
280 1690 333 1750 sed
351 1708 389 1749 ex
407 1689 495 1765 longe
510 1690 636 1766 justiore
655 1689 737 1750 illius
760 1690 816 1750 loci
840 1691 958 1750 honore
981 1690 1152 1764 oriundum,
1180 1708 1269 1767 quam
1298 1709 1357 1767 quo

124 1799 221 1858 multo
240 1803 308 1875 post
326 1797 434 1873 vulgus
449 1797 617 1857 Parisiense
634 1797 790 1858 castellum
808 1797 897 1872 illud,
921 1798 977 1857 suh
995 1797 1153 1857 mitissimo
1171 1815 1241 1874 rege
1259 1797 1357 1856 Ludo·

125 1905 191 1966 vico
214 1905 296 1964 XVI.
325 1905 388 1964 sola
416 1905 566 1982 praeteriti
593 1905 734 1982 temporis
762 1905 902 1964 memoria
924 1905 1055 1964 terribile
1077 1904 1144 1964 dolo
1167 1909 1198 1964 et
1220 1905 1250 1963 vi
1273 1907 1357 1964 effre-

126 2013 179 2090 git.
242 2013 380 2072 Ceterum
417 2011 553 2071 nonnulli
586 2012 689 2074 Italiae
720 2013 923 2088 magistratus,
961 2030 1054 2089 quum
1086 2030 1195 2072 novum
1228 2012 1358 2072 tribunal

126 2120 234 2198 papale
253 2120 401 2197 prohiberi
420 2137 541 2196 prorsus
560 2137 618 2178 non
638 2137 725 2196 posse
746 2124 894 2196 putarent,
919 2119 1023 2179 saltem
1045 2119 1221 2196 inspiciendi
1245 2120 1310 2196 ejus
1328 2125 1358 2178 et

128 2229 319 2305 aliquatenus
347 2227 501 2286 coercendi
525 2227 577 2303 jus
604 2227 786 2304 aliquamdiu
814 2227 870 2287 sibi
899 2232 1093 2287 reservanmt
1139 2227 1225 2286 Unde
1247 2227 1358 2286 sactum

128 2342 162 2394 ut
184 2353 281 2412 usque
303 2335 341 2394 ad
365 2335 516 2412 sequentis
540 2334 631 2394 seculi
655 2334 741 2394 initia
762 2334 840 2394 inter
853 2333 984 2394 Venetos
1006 2334 1138 2394 mascula
1156 2334 1241 2394 Pauli
1261 2334 1357 2412 Sarpii

128 2443 232 2518 oratio,
255 2442 341 2520 quasi
365 2441 470 2504 ultima
492 2443 525 2500 in
548 2442 643 2519 patria
666 2441 769 2502 Italica
791 2441 935 2502 libertatis
959 2443 1136 2502 christianae
1159 2461 1230 2518 vox,
1253 2442 1358 2501 inirin-

129 2555 247 2627 geretur
268 2549 401 2628 quidem,
425 2549 477 2609 sed
495 2568 555 2609 non
572 2550 783 2628 consopiretur.
830 2548 944 2624 Quibus
962 2551 1098 2610 omnibus
1117 2550 1173 2610 rite
1190 2550 1359 2627 ponderatis

130 2663 262 2736 apparet,
282 2657 401 2717 Curiam
417 2657 577 2716 Romanam
592 2657 772 2734 pedetentim
787 2657 907 2717 demum
921 2657 1094 2718 educatione
1113 2676 1167 2718 sua
1186 2656 1359 2718 sacerdotali

130 2766 282 2825 universas
300 2765 435 2840 gentium
454 2765 637 2842 quarundam
655 2766 859 2842 generationes
877 2783 912 2825 eo
930 2766 1120 2842 perduxisse,
1143 2771 1177 2826 ut
1191 2783 1359 2843 perversam

131 2878 356 2951 corruptamque
388 2872 612 2947 conscientiam,
645 2873 764 2951 qualem
792 2874 824 2932 in
851 2873 1014 2933 Laderchio
1041 2879 1072 2933 et
1098 2873 1219 2934 Lanario
1250 2873 1359 2933 descri-

132 2981 258 3056 psimus,
282 2999 335 3057 pro
359 2997 431 3041 sana
453 2979 502 3039 vel
523 2980 665 3040 haberent
686 2979 735 3040 vel
758 2980 864 3040 habere
887 2997 919 3040 se
942 2985 1022 3040 metu
1046 2981 1260 3057 profiterentur.
1347 3005 1348 3010 ¹

236 3087 341 3167 Itaque
369 3089 478 3148 mirum
506 3105 566 3146 non
594 3091 651 3162 est,
680 3087 758 3164 quod
782 3087 845 3162 jam
868 3087 1014 3164 incipiens
1037 3087 1095 3146 ista
1117 3087 1202 3164 quasi
1225 3086 1359 3147 educabo

133 3195 264 3272 gentium
285 3195 422 3256 nefandis
445 3197 557 3256 artibus
580 3195 705 3268 sancita,
733 3195 765 3252 in
792 3212 851 3270 qua
874 3194 983 3254 summi
1003 3193 1135 3270 magistri
1155 3193 1358 3268 sacerdotales

135 3303 315 3363 vioedeorum
346 3303 551 3364 auctoritatem
582 3306 773 3378 usurpantem
806 3301 930 3378 puerilis
963 3301 1075 3361 terrilae
1101 3300 1164 3360 loco
1192 3301 1294 3361 restim
1325 3319 1360 3360 ac

135 3429 235 3487 rogrun
253 3411 439 3486 adhibebant,
462 3411 551 3470 etiarn
565 3409 707 3470 Italorum
726 3409 988 3486 praestantissimis
1002 3409 1075 3468 viris
1089 3413 1150 3468 tam
1167 3408 1361 3469 abominanda

41 3595 44 3598 Ι
135 3536 180 3578 res
206 3535 272 3579 osse
299 3518 463 3593 videbatur,
491 3523 525 3577 ut
552 3517 589 3578 de
611 3521 736 3595 papatu,
764 3535 853 3595 quem
880 3521 966 3576 antea
992 3535 1061 3577 curn
1082 3515 1206 3577 Erasmo
1238 3516 1360 3577 imitatis

136 3625 308 3686 christianae
334 3625 482 3686 vindicem
510 3625 586 3685 tueri
614 3624 750 3702 impense
777 3625 963 3700 studuerunt,
995 3625 1139 3702 paulatim
1170 3625 1361 3702 desperarent

137 3737 175 3807 et,
197 3733 342 3810 quidquid
364 3733 396 3792 in
414 3751 448 3792 eo
466 3731 682 3792 antichristiani
701 3732 813 3808 ingenii
832 3731 959 3792 Sanctus
973 3731 1141 3792 Bernartius
1158 3732 1360 3808 castigaverat,

138 3841 288 3901 immodice
310 3841 428 3900 interim
451 3845 571 3900 auctum
590 3840 822 3917 longissimeque
840 3840 995 3914 diffusum,
1019 3840 1116 3899 solum
1133 3839 1361 3916 augustissimae

138 3949 280 4026 quondam
312 3947 466 4023 dignitatis
497 3947 649 4008 residuum
681 3965 747 4008 esse
778 3946 996 4006 arbitrarentur.
1051 3946 1136 4007 Unde
1167 3947 1286 4022 accidit,
1319 3951 1360 4022 ut,

139 4060 288 4134 postquam
317 4055 401 4115 fatali
429 4055 607 4116 constitutae
629 4072 722 4115 novae
744 4053 952 4131 inquisitionis
979 4071 1056 4114 anno
1079 4053 1191 4114 Paulus
1214 4053 1268 4113 llI.
1292 4072 1360 4114 oon-

139 4163 235 4224 cilium
254 4163 388 4224 Tridenti
406 4163 573 4224 habendum
593 4161 714 4237 indixit,
737 4161 821 4222 illius
840 4161 1068 4221 fraudulentiam
1083 4161 1195 4221 Aonius
1209 4161 1360 4220 Paleariua

140 4289 193 4331 non
224 4272 324 4332 minus
356 4289 445 4350 quam
471 4270 620 4331 Luthems
648 4274 783 4330 accurate
810 4269 991 4347 perspiceret
1017 4270 1177 4346 acerbeque
1205 4268 1359 4345 judicaret.

141 4379 228 4456 Cujus
260 4379 303 4439 rei
330 4377 496 4438 immortale
522 4383 745 4438 monumentum
773 4376 893 4436 libellus
924 4377 1045 4454 quidam
1076 4375 1274 4436 accusatorius
1306 4381 1360 4452 eat,

141 4505 192 4564 quo
210 4486 413 4546 nobilissimus
431 4485 484 4545 ille
502 4485 596 4545 Italus
615 4485 778 4546 clarissime
797 4484 922 4562 posteris
941 4484 1135 4559 demonstrat,
1158 4483 1361 4544 incredibilem

142 4595 221 4654 istam
254 4594 360 4654 Curiae
396 4593 618 4670 perversitatem
650 4598 680 4652 et
713 4591 937 4669 malignitatem,
974 4611 991 4651 a
1028 4591 1173 4668 sanguine
1209 4609 1361 4670 nunquam
