3156 5056
228 227 280 284 248
715 228 817 280 Pasrrs
837 228 949 280 Parosta

228 443 389 504 audiretur.
424 444 562 516 Queritur
582 459 686 503 causae
707 443 761 502 sibi
781 442 951 502 commissae
971 443 1121 502 adversem
1140 444 1251 502 coelum
1272 449 1303 502 et
1321 448 1453 514 terram,
1553 434 1554 439 ’

228 549 401 623 praesertim
430 564 499 608 vero
527 553 617 606 totam
648 547 849 620 Germaniam,
879 563 915 605 ex
945 547 1026 620 cujus
1047 546 1149 606 decem
1176 546 1309 620 partibus
1337 563 1450 605 novem

228 669 334 726 magna
372 667 443 710 voce
482 651 611 711 Luthero
651 653 826 724 acclament,
868 649 981 709 decima
1018 651 1120 710 saltem
1156 651 1241 709 sulae
1272 649 1449 709 Pontideiae

228 761 348 816 mortem
383 755 519 830 postulet.
570 754 615 814 Ad
650 753 833 814 Oardiualem
866 753 995 813 scribens
1029 753 1147 814 furiosis
1179 753 1277 814 verbis
1309 755 1350 813 uti
1384 771 1448 812 non

228 866 360 933 veretur,
390 859 539 932 negotium
571 863 734 933 susceptum
756 858 963 918 exsecrandum
986 859 1046 918 sive
1070 857 1281 932 ,maledictum‘
1305 858 1448 932 appellat,

228 963 408 1024 Friderieum
428 962 631 1036 probissimum
645 962 812 1022 Electorem
834 961 999 1021 basiliscum
1019 967 1049 1021 et
1063 963 1193 1036 vulpem,
1215 963 1449 1036 spectatissimos

229 1069 320 1142 viros,
350 1067 399 1140 qui
428 1067 562 1125 similiter
591 1067 772 1140 sentiebant,
802 1066 925 1141 bestiam
956 1067 1082 1126 omnium
1112 1063 1325 1125 Germanorum
1355 1068 1447 1140 capiti

228 1171 381 1232 Diabolum
404 1171 506 1230 stultas
529 1175 559 1230 at
582 1170 789 1231 abominandas
812 1171 961 1246 opiniones
982 1169 1120 1230 indidisse
1141 1171 1302 1244 praedicat
1340 1171 1448 1230 Geram

230 1275 462 1350 nequeatissimo
492 1274 679 1335 Comitiomm
710 1282 853 1334 conventu
883 1291 915 1334 se
944 1276 1106 1336 orationem
1137 1273 1275 1334 habuisse
1304 1276 1448 1349 gloriatur

229 1387 289 1438 tam
311 1380 549 1454 imperterritum,
569 1380 652 1453 quasi
674 1379 828 1439 lectionem
851 1379 971 1452 legisset
985 1379 1087 1452 viginti
1108 1379 1245 1452 puerulis.
1282 1379 1448 1454 Exagitatis

231 1483 343 1543 scilicet
357 1482 479 1541 Lutheri
501 1483 631 1542 articulis
653 1483 838 1557 quibusdam,
861 1501 932 1558 quos
954 1485 1062 1543 mereri
1083 1483 1138 1557 ait,
1161 1487 1194 1540 ut
1209 1488 1327 1542 centum
1341 1483 1449 1542 baere-

231 1589 354 1646 ticorum
376 1587 467 1644 millia
489 1586 525 1644 ob
547 1586 612 1644 illos
634 1587 871 1646 comburerentur
892 1593 924 1647 et
945 1589 1042 1646 allatis
1057 1587 1236 1660 argumentis
1252 1587 1359 1661 partim
1374 1587 1448 1646 satis

233 1696 328 1751 astute
360 1689 543 1764 excogitatis,
579 1691 685 1764 partim
714 1691 912 1765 parsimoniis,
949 1691 1068 1751 Caesari
1096 1691 1267 1765 imperiique
1298 1691 1448 1751 ordinibus

231 1795 409 1870 persuadere
440 1799 560 1853 conatus
590 1801 648 1869 est,
684 1811 742 1853 uon
771 1797 920 1868 pertinere
950 1795 988 1855 ad
1018 1811 1068 1854 eos
1095 1795 1216 1854 Lutberi
1245 1811 1362 1855 causam
1393 1794 1446 1854 sed

232 1899 365 1960 Pontifici
395 1899 613 1973 relinquendam
644 1915 725 1976 esse,
754 1901 926 1974 praesertim
955 1899 1074 1959 Caesari
1104 1899 1282 1974 ignominiae
1312 1897 1388 1972 iore,
1421 1900 1448 1957 si

232 2007 302 2076 iste,
325 2001 501 2064 aPoutifiee
523 2003 743 2078 condemnatae,
766 2020 785 2062 a
807 2004 905 2063 Laicis
928 2021 1024 2063 coram
1047 2003 1203 2062 audiretur.

319 2109 405 2169 Hunc
433 2113 533 2168 mmen
562 2107 649 2168 linem
671 2109 820 2168 Alcander
842 2111 973 2168 oratioue
996 2123 1063 2183 sua,
1094 2107 1166 2166 lieet
1186 2107 1299 2181 singula
1322 2107 1446 2166 fortasse

235 2215 409 2288 singulorum
433 2213 610 2272 audientium
630 2215 740 2272 animos
762 2213 952 2287 permoverit,
975 2229 1033 2272 uon
1051 2217 1201 2272 assecutm
1219 2217 1274 2272 est.
1319 2211 1447 2284 Fortior,

233 2333 318 2390 quam
356 2323 388 2375 ut
424 2334 542 2391 prorsus
578 2317 759 2390 eluderetur,
795 2318 949 2376 universae
982 2316 1044 2377 fere
1077 2316 1252 2377 Germaniae
1286 2333 1341 2375 rex
1373 2320 1447 2389 ersi,

233 2420 394 2478 Lutherum
421 2437 517 2480 coram
545 2421 638 2479 audiri
669 2423 849 2495 postulantis.
894 2422 976 2494 Quod
998 2438 1085 2495 quum
1107 2421 1233 2480 Nuntius
1254 2420 1446 2479 intellexisset

233 2523 291 2581 alia
320 2523 368 2580 via
396 2522 534 2582 incedere
563 2525 666 2597 coepit
711 2523 837 2585 Efficere
860 2526 970 2584 studuit
993 2531 1025 2584 ut
1047 2524 1192 2584 Lntherus
1214 2525 1312 2598 specis
1335 2529 1446 2582 tautum

234 2625 395 2698 audiretur,
418 2642 521 2685 revera
536 2645 593 2686 uon
615 2633 812 2687 arcesseretnr
834 2629 889 2687 uisi
910 2629 947 2688 ad
970 2628 1189 2703 pemipieudum
1211 2645 1308 2686 coram
1325 2628 1355 2686 in
1376 2629 1446 2702 ipsis

235 2729 354 2804 Imperii
370 2727 500 2790 Comitiis
519 2732 658 2806 judicium
673 2732 797 2806 Papale,
817 2733 888 2794 nihil
907 2733 1012 2792 scilicit
1034 2732 1253 2808 interrogandus
1270 2733 1326 2792 nisi
1342 2748 1446 2792 suasus

234 2834 393 2893 sententias
422 2841 575 2894 revocaret
603 2852 638 2894 ac
662 2834 795 2896 Pontifici
822 2839 942 2911 ejusque
970 2836 1178 2910 interpretibus
1201 2842 1234 2894 ut
1255 2834 1319 2895 falli
1342 2837 1446 2896 nesciis

233 2957 264 3000 se
285 2937 450 3014 subjiceret.
478 2938 546 2999 Sed
568 2957 606 2999 ne
628 2939 659 3000 id
681 2941 796 3015 quidem
819 2946 879 3000 tam
900 2940 987 3002 facile
1011 2941 1046 3000 ad
1071 2939 1253 3002 efficiendum
1270 2947 1342 3000 erat
1379 2939 1445 3014 lpse

234 3044 352 3105 Carolus
374 3045 524 3105 Friderico
548 3045 677 3106 Electori
703 3063 756 3122 per
782 3045 896 3107 litteras
923 3048 1108 3121 promiserat,
1137 3063 1169 3105 sa
1192 3050 1359 3104 curaturum
1382 3061 1446 3104 esse

232 3155 265 3208 ut
295 3149 452 3224 ,Lntherus
482 3166 500 3209 a
530 3151 624 3211 doctis
650 3157 681 3211 et
707 3152 888 3228 sapientibus
911 3153 979 3210 viris
1002 3149 1181 3211 sufficienter
1202 3150 1377 3224 audiretur‘,
1406 3149 1442 3208 ab

233 3269 325 3327 eoque
355 3257 499 3328 petiverat
529 3261 562 3314 ut
592 3257 672 3315 illum
702 3256 739 3315 ad
771 3257 886 3316 comitia
914 3255 1153 3330 wormatiensis,
1187 3269 1261 3327 quae
1289 3253 1444 3326 instabant,

232 3371 330 3414 seeum
352 3357 519 3417 adduceret.
564 3359 732 3418 Fridericus
754 3361 940 3420 securitatem
962 3359 1091 3419 Lutbero
1118 3359 1154 3418 ab
1182 3359 1246 3432 ipso
1268 3359 1444 3433 Imperatore

234 3457 358 3516 dandam
381 3463 544 3533 postulavit.
580 3463 672 3533 Quam
694 3480 829 3523 recusare
852 3465 900 3524 hic
922 3465 968 3524 vix
987 3465 1098 3540 potuit;
1119 3465 1144 3522 si
1165 3463 1258 3537 dedit,
1277 3468 1396 3538 propter
1411 3477 1445 3520 ea

234 3576 309 3634 quae
339 3563 513 3635 promiserat
541 3565 647 3623 invitus
674 3566 758 3624 simul
783 3571 939 3643 concessit,
970 3569 1067 3643 Papae
1092 3567 1233 3642 Judicium
1262 3583 1316 3640 per
1337 3583 1369 3626 se
1390 3583 1444 3624 nou

234 3682 299 3726 esse
328 3671 422 3726 ratum
454 3667 531 3741 apud
561 3667 735 3744 Germanos,
765 3672 808 3729 sui
830 3689 899 3731 vero
922 3671 1008 3733 officii
1032 3689 1097 3732 esse
1119 3673 1303 3748 prospicere,
1335 3677 1366 3730 ut
1386 3676 1444 3730 tota

234 3787 323 3830 cansa
348 3774 427 3846 juste
457 3778 488 3830 et
518 3789 611 3846 aeque
642 3773 836 3835 dirimeretur.
882 3777 962 3836 Idem
992 3776 1146 3852 Erasmus,
1176 3793 1235 3835 nou
1256 3777 1350 3834 miuus
1372 3774 1443 3849 apud

234 3877 378 3950 Hispanos
409 3893 494 3950 quam
523 3877 599 3951 apud
630 3877 790 3940 Germanos
818 3881 971 3956 immensa,
1002 3898 1087 3955 quam
1117 3897 1205 3954 supra
1235 3879 1444 3952 descripsimus,
1543 3896 1544 3899 ¹

234 3981 408 4040 auctoritate
429 3983 542 4056 vigens,
565 3989 596 4042 et
613 3999 668 4056 per
689 3985 797 4058 scripta
819 3986 954 4050 consilia,
978 3995 1009 4044 et
1029 4002 1083 4058 per
1105 3985 1277 4058 Glapiouem
1292 3983 1444 4042 Caesarem

236 4082 365 4142 modeste
388 4092 555 4160 monuerat;
578 4087 719 4160 quomodo
742 4093 840 4147 tamen
864 4088 955 4148 amice
978 4091 1074 4148 omnia
1094 4107 1157 4148 eum
1174 4085 1314 4146 Pontifice
1334 4086 1445 4158 agenda

235 4193 332 4246 essent
355 4188 530 4250 ostenderat.
575 4191 678 4265 Neque
698 4192 758 4252 tale
782 4193 936 4266 quidquam
952 4193 1067 4252 omniuo
1086 4192 1150 4252 fieri
1176 4209 1234 4252 nou
1255 4204 1342 4265 posse
1364 4191 1442 4248 multi

234 4291 476 4366 praestantissimi
505 4294 560 4353 viri
590 4295 815 4356 arbitrabantur.
860 4297 994 4356 Nondum
1024 4297 1137 4356 seilicet
1164 4293 1382 4356 irreformabilis
1411 4311 1444 4354 eo

235 4403 366 4470 ternpore
388 4397 544 4471 putabatur
564 4401 682 4474 quaevis
702 4399 848 4460 Pontificis
868 4399 961 4476 bulla,
983 4403 1105 4462 honesta
1124 4399 1280 4460 mutandae
1297 4401 1360 4472 ejus
1375 4399 1445 4457 ratio

237 4501 361 4561 inveniri
383 4519 467 4580 posse
490 4505 658 4582 ridebatur3
681 4523 774 4582 neque
797 4505 905 4566 Romae
926 4523 944 4565 a
966 4507 1117 4582 permultis
1139 4506 1213 4566 tanti
1227 4503 1327 4578 quanti
1349 4507 1447 4577 postea
