3188 5086
240 299 293 356 114
727 299 830 353 Paarrs
849 297 964 352 Paroars

1365 389 1448 398 ..oa—-

239 532 295 590 quo
323 530 442 575 uxorum
468 513 627 588 pudicitiae
658 519 797 589 careant,
827 513 996 575 sacerdotes
1016 515 1109 574 nolint
1130 515 1187 574 nisi
1208 515 1258 588 qui
1281 515 1457 575 concubinas
1572 558 1586 600 3

239 621 381 693 habeant;
403 619 574 680 traditiones
595 618 740 677 humanae
761 620 877 691 majoris
897 619 984 692 pretii
1005 620 1151 679 habentur
1173 636 1258 693 quam
1280 621 1362 694 leges
1384 620 1457 678 divi·
1566 663 1580 702 Ἰ

238 741 309 798 nae,
333 729 497 784 sanctorum
520 723 661 798 legendae
676 740 728 797 pro
744 725 895 797 scripturis
916 725 1006 783 sacris
1020 725 1150 784 intrusae
1172 728 1202 782 et
1220 725 1320 785 Sancti
1333 723 1456 798 proinde
1569 771 1586 811 ἱ,

239 829 270 888 in
296 828 353 888 Dei
380 830 475 888 locum
500 827 629 887 inducti‘
676 827 768 902 ,Male
799 833 830 886 et
852 826 963 901 perfide
992 845 1086 902 paena
1116 829 1223 902 ubique
1251 829 1283 887 iu
1310 829 1456 902 plerisque

238 933 325 992 rebus
361 934 451 992 sentit
485 931 571 991 hodie
610 933 738 1023 vulgum.
763 933 883 1006 magicis
917 933 1008 992 utitor
1042 934 1167 1007 artibus,
1204 931 1457 1006 superstitionibus
1565 905 1586 1024 ’,Ξ

238 1037 327 1097 variis
354 1037 533 1111 implicatur,
563 1036 674 1094 diuinos
704 1041 735 1096 et
761 1037 904 1110 pythones
933 1039 1072 1112 consulit,
1103 1037 1259 1111 sortilegiis
1282 1037 1457 1110 delectatur,
1565 1091 1586 1122 J

239 1142 269 1200 in
291 1142 497 1217 principalibus
520 1147 675 1215 praetcrea
701 1141 831 1214 graviter
852 1143 997 1200 claudicet
1018 1140 1087 1202 fidei
1109 1143 1248 1201 articulis.
1301 1143 1332 1201 si
1355 1147 1457 1200 contra

237 1247 311 1307 baec
355 1246 502 1306 subtiliter
541 1247 572 1305 in
611 1245 715 1304 sobolis
761 1245 926 1318 disseritur,
968 1247 1037 1320 quid
1076 1247 1113 1306 ad
1156 1247 1237 1321 illos,
1280 1248 1329 1320 qui
1368 1247 1456 1320 longe

238 1352 326 1426 positi
359 1367 417 1410 non
448 1351 570 1410 audiunt
600 1367 654 1408 nec
686 1357 844 1424 noverunt,
877 1351 916 1408 ad
944 1367 1016 1423 quos
1045 1352 1117 1410 nulli
1148 1351 1290 1409 accedunt
1318 1351 1458 1424 theologi,
1576 1421 1579 1426 ¹

238 1457 287 1528 qui
309 1472 360 1514 eos
381 1456 546 1515 instruant?
590 1455 694 1513 Nonne
723 1454 822 1512 utilior
855 1461 901 1514 cst
925 1455 1069 1530 medicus,
1103 1457 1151 1528 qui
1181 1461 1331 1528 postquam
1361 1461 1457 1514 artem

239 1559 353 1634 didicit,
390 1564 525 1634 aegrotos
561 1559 659 1618 visitat
696 1564 727 1618 et
756 1557 907 1618 'medendo
941 1565 1041 1634 sanat,
1078 1576 1163 1634 quarn
1195 1561 1245 1633 qui
1277 1560 1314 1618 ds
1349 1559 1458 1618 morbis

240 1680 274 1722 ac
317 1663 497 1735 vulneribus,
545 1679 690 1737 nunquam
734 1661 827 1722 ortem
874 1665 1068 1739 experiendo,
1118 1681 1232 1738 semper
1280 1665 1310 1722 in
1357 1664 1458 1723 schola

238 1767 401 1844 disputati‘

325 1891 409 1950 Talia
442 1891 491 1964 qui
524 1889 689 1950 sentiebant
724 1895 811 1964 atoue
844 1889 1055 1964 profitebantur
1085 1891 1198 1950 concilii
1225 1889 1456 1950 Constantiensis

238 2001 368 2056 rectores
391 2001 482 2055 eraut.
520 1995 632 2054 Aderat
652 1995 688 2054 iis
710 1993 810 2054 lavore
833 2013 886 2054 suo
908 2012 1047 2069 praesens
1069 1997 1226 2070 imperator
1248 1995 1456 2069 sigismundus.

237 2101 283 2161 Ad
294 2117 363 2161 vere
379 2101 576 2175 evangelicam
593 2101 735 2160 ecclesiae
751 2099 987 2160 reformationem
1002 2118 1092 2175 prope
1105 2102 1262 2160 accessisse
1273 2100 1455 2160 ridebantur.

238 2205 264 2264 h
293 2206 479 2266 terrestribus
504 2205 542 2266 ad
577 2207 729 2280 coelestia,
757 2219 775 2262 a
804 2207 910 2265 sanctis
941 2205 978 2264 ad
1008 2206 1115 2280 Deum,
1147 2221 1165 2264 a
1193 2205 1397 2265 traditionibus
1425 2212 1457 2264 et

236 2311 342 2370 tabulis
374 2310 412 2370 ad
444 2325 557 2370 sacram
589 2311 762 2385 scripturam
796 2310 942 2370 hominurn
974 2312 1084 2370 animos
1117 2311 1300 2370 revocabant.
1351 2310 1455 2368 Nonne

236 2416 400 2489 speraveris
429 2414 509 2489 fore,
541 2420 589 2489 ut,
618 2415 644 2472 si
671 2415 720 2487 qui
751 2411 827 2473 sorte
850 2417 935 2487 paulo
966 2415 1079 2490 longius
1100 2431 1184 2489 quarn
1207 2416 1263 2490 ipai
1285 2417 1317 2473 in
1338 2413 1454 2488 praedi-

238 2519 330 2578 cando
359 2517 499 2578 invisibili
529 2517 587 2576 Dei
617 2534 708 2592 regno
742 2523 772 2577 et
802 2519 833 2576 in
864 2516 1049 2578 reformanda
1079 2519 1236 2579 secundum
1272 2517 1454 2594 evangelium

238 2629 358 2684 externa
377 2623 501 2682 ecclesia
525 2622 683 2697 procedere
703 2623 807 2697 velint,
830 2627 914 2682 cauta
937 2628 1024 2697 atque
1048 2624 1209 2683 elementer
1223 2641 1321 2683 eorum
1337 2627 1455 2682 senten-

237 2729 296 2787 tias
320 2727 509 2787 examinent?
542 2725 747 2802 Consentiunt,
769 2743 862 2800 aeque
881 2733 968 2801 atque
989 2744 1092 2802 papam
1112 2729 1264 2788 concilium
1279 2727 1456 2800 unversale,

238 2838 462 2908 repraesentans
487 2832 654 2907 ecclesiam,
685 2831 747 2890 falli
768 2833 897 2891 nescium
920 2849 978 2891 non
1000 2850 1073 2893 csse.
1117 2833 1152 2892 Id
1175 2833 1284 2893 diserte
1307 2850 1370 2892 cum
1392 2832 1458 2890 aliis

238 2938 406 3012 pronuntiat
434 2933 608 2996 Nicolaus:¹
646 2937 730 3011 ,licet
761 2937 838 2996 enim
870 2937 1012 2998 ecclesiae
1045 2939 1195 2998 militantis
1234 2938 1390 2997 auctoritas
1419 2937 1460 2994 sit

238 3043 378 3118 maxima,
405 3043 473 3116 quia
500 3039 622 3101 fundata
651 3043 689 3101 sit
715 3058 803 3115 supra
830 3039 941 3100 firmam
964 3041 1095 3117 Petram,
1125 3059 1184 3102 non
1212 3043 1255 3101 illi
1284 3047 1382 3102 tamem
1404 3057 1458 3100 nos

243 3153 379 3222 oportere
398 3147 602 3222 triumphantis
629 3147 728 3205 titulos
751 3145 932 3221 adscribere,
960 3147 1039 3205 illam
1067 3147 1143 3205 eninr
1165 3162 1254 3222 saepe
1276 3145 1338 3205 ialli
1359 3146 1390 3204 in
1412 3145 1459 3218 iis,

241 3269 317 3325 quae
339 3253 387 3311 vel
409 3250 479 3312 iacti
502 3254 560 3311 sint
581 3252 627 3311 vel
648 3268 760 3310 morum
781 3251 827 3310 val
847 3249 1038 3324 judiciorum}
1073 3251 1189 3326 Excipit
1209 3267 1283 3326 quae
1305 3248 1373 3309 fidei
1391 3265 1459 3308 esse

240 3356 407 3431 arbitratur,
429 3357 593 3415 universam
616 3355 775 3414 doctrinam
793 3371 811 3414 a
832 3355 964 3428 patribus
985 3353 1134 3431 traditam,
1156 3355 1252 3415 omnia
1267 3369 1457 3428 quaecunque

240 3457 276 3516 de
313 3474 350 3516 ea
377 3459 503 3518 ecclesia
533 3459 660 3517 militans
689 3459 819 3533 legitime
850 3460 896 3518 vel
925 3460 1098 3520 decreuerat
1124 3461 1171 3519 vel
1200 3460 1354 3520 decretura
1384 3463 1458 3520 erat.

239 3561 350 3620 Harum
376 3578 474 3621 rerum
502 3563 550 3621 vel
572 3563 719 3621 minimam
747 3563 871 3637 rejicere
900 3569 930 3623 et
955 3565 1019 3638 ipse
1043 3569 1073 3623 et
1095 3565 1166 3624 socii
1189 3565 1251 3638 eiua
1272 3562 1335 3624 fere
1357 3579 1459 3623 omnes

239 3665 406 3726 horrebant
461 3665 497 3724 ln
528 3667 574 3726 his
609 3665 710 3741 rebus,
746 3669 828 3742 quasi
868 3668 965 3727 obruti
997 3674 1042 3728 tot
1074 3675 1256 3743 sanctmum,
1288 3673 1457 3741 martyrum,

239 3775 366 3845 petrum,
395 3769 580 3830 conciliorum
608 3787 764 3847 consensu,
792 3787 879 3845 quem
904 3774 984 3847 jnsto
1012 3772 1218 3847 perfectiorem
1244 3770 1458 3844 existimabant,

241 3881 380 3935 externae
411 3875 554 3934 ecclesiae
586 3876 791 3935 auctoritatem
830 3875 893 3935 falli
924 3877 1067 3952 nesciam,
1095 3893 1180 3951 quam
1213 3878 1244 3936 in
1278 3877 1342 3935 aliis
1371 3875 1460 3934 rebus

240 3980 337 4040 teneri
365 3995 424 4038 non
444 3995 528 4054 posse
549 3979 697 4054 viderant,
729 3979 890 4042 firmissime
917 3982 1073 4042 tenendam
1095 3982 1288 4043 crediderunt
1331 3980 1461 4040 Joaunes

240 4081 354 4142 Gerscn
383 4089 414 4144 et
434 4083 538 4144 Petrus
570 4083 608 4144 de
629 4083 743 4144 Alliaco
774 4084 959 4160 hypothetice
987 4085 1104 4160 quidem
1126 4103 1191 4146 oum
1213 4084 1358 4144 nonnullis
1378 4082 1461 4142 dixe·

240 4191 325 4262 runt,
347 4185 523 4262 ,Concilium
543 4189 683 4263 generale
705 4205 791 4264 posse
814 4195 916 4250 contra
937 4187 1021 4250 iidem
1046 4207 1146 4251 errare
1154 4191 1172 4266 ,‘
1194 4189 1247 4250 sed
1268 4188 1299 4248 id
1321 4189 1376 4248 nisi
1398 4192 1461 4246 tam

239 4290 305 4352 dira
329 4292 481 4352 universae
512 4293 656 4354 ecclesiae
686 4295 883 4370 corruptione,
910 4295 1025 4369 qualem
1050 4295 1082 4354 in
1111 4295 1260 4370 praesenti
1290 4293 1461 4367 conspicere

331 4591 357 4659 1)
374 4591 407 4642 In
422 4595 534 4643 necata
552 4600 641 4646 contra
658 4609 725 4647 nora
743 4593 895 4645 Sanctorum
913 4594 991 4646 iarn.
