3194 5042
235 316 288 370 156
788 317 876 372 Garun
894 316 928 370 V.

234 523 269 578 ut
296 523 413 579 exterae
440 519 575 580 nationes
603 517 642 579 ad
668 537 770 580 omnes
798 520 860 580 iere
887 520 1019 580 omnium
1052 523 1197 580 terrarum
1230 539 1264 580 ac
1296 525 1470 599 temporum

234 625 361 702 litteras,
389 631 454 686 tum
482 627 560 704 quod
587 628 624 686 ad
652 631 859 704 argumentum
886 632 951 687 tum
979 629 1058 706 quod
1085 628 1123 688 ad
1154 629 1279 688 formam
1310 629 1470 707 pertineat,

234 734 349 794 aditum
372 733 429 794 sibi
451 735 591 795 discenda
613 753 673 794 una
694 735 797 812 lingua
821 735 994 796 Germanica
1016 754 1119 814 parare
1141 736 1264 814 possint

341 841 405 902 Hae
437 860 539 902 omnes
571 843 717 902 humanae
748 843 881 904 culturae
912 849 1024 921 partes,
1062 862 1155 922 quum
1186 843 1229 905 ita
1264 845 1472 922 procederent,

240 967 324 1010 suam
356 967 490 1028 quaeque
521 950 582 1010 vim
614 955 811 1010 exercuerunt
842 951 879 1010 ad
910 951 1096 1012 efficiendam
1134 970 1212 1026 earn,
1249 970 1338 1030 quarn
1376 971 1471 1030 supra

236 1057 482 1134 significavimus,
509 1057 665 1118 historicae
687 1064 860 1118 cunctarum
883 1058 1078 1118 humanarum
1100 1077 1199 1119 rerum
1222 1059 1473 1138 contemplandae

235 1165 321 1243 quasi
352 1165 612 1242 regenerationem.
670 1165 764 1244 Cujus
796 1167 949 1244 proprium
980 1166 1012 1226 id
1043 1185 1160 1245 quoque
1193 1173 1267 1242 erat,
1300 1173 1335 1228 ut
1367 1185 1470 1228 rerum

235 1277 385 1348 gestarum
404 1273 560 1351 scriptores
579 1273 770 1351 popularibus
784 1273 897 1351 linguis
915 1279 1076 1334 uterentur.
1109 1273 1360 1339 Praeclarissimis
1378 1276 1469 1336 etiam

234 1379 267 1438 in
286 1398 320 1439 ea
341 1397 373 1440 re
397 1380 542 1457 exemplis
565 1385 789 1458 praecesserunt
811 1382 918 1442 ceteris
941 1382 1080 1459 gentibus
1102 1382 1178 1442 Itali.
1224 1383 1360 1443 Accessit
1382 1389 1415 1444 et
1437 1385 1469 1444 in

235 1488 445 1547 confirmandis
463 1487 550 1548 iactis
573 1489 680 1564 acrior,
704 1507 793 1566 quam
816 1507 892 1567 quae
913 1508 1046 1568 unquam
1069 1489 1101 1548 in
1124 1490 1255 1549 omnium
1279 1508 1337 1550 usu
1361 1492 1469 1566 iuerat,

234 1595 352 1656 criticae
374 1595 446 1655 artie
469 1596 622 1670 severitas,
646 1602 677 1657 et
698 1597 730 1656 in
753 1597 962 1675 conquirendis
985 1597 1129 1672 fontibus,
1156 1597 1240 1658 velut
1261 1597 1466 1676 inscripb'oni·

234 1703 290 1762 bns
318 1707 349 1762 et
375 1701 448 1761 varii
475 1704 593 1780 generis
620 1705 833 1779 monumentis,
861 1705 956 1782 major
981 1705 1197 1782 permultorum
1223 1706 1300 1766 inter
1333 1723 1367 1764 se
1397 1724 1469 1766 con·

232 1809 405 1886 junctorum
426 1810 588 1887 diligentie
634 1811 684 1872 Sic
706 1816 750 1871 tot
772 1817 892 1890 tamque
914 1813 1048 1873 diversae
1070 1812 1180 1892 indolis
1201 1813 1371 1873 hominibus
1389 1813 1470 1874 inter

234 1917 336 1995 plures
359 1922 462 1994 gentes
484 1918 697 1993 laborantibus,
725 1919 797 1979 dum
824 1920 857 1979 in
879 1923 961 1979 tanta
983 1919 1061 1980 mole
1083 1920 1153 1980 novi
1176 1937 1287 1980 errores
1310 1929 1469 1998 emergunt
1580 1951 1581 1984 l

235 2025 355 2104 quidem
387 2025 452 2101 sed,
489 2026 561 2087 lieet
592 2027 672 2086 haud
703 2027 745 2086 ita
776 2027 864 2087 facile
895 2027 1058 2102 interdurn,
1091 2033 1192 2088 tamer
1224 2027 1343 2087 facilius
1377 2047 1469 2106 quam

235 2138 323 2193 antea
345 2133 547 2211 corriguntur,
570 2134 667 2194 verior
684 2134 828 2211 paulatim
847 2139 877 2194 et
894 2134 1000 2195 certior
1018 2135 1214 2195 humanarum
1232 2153 1332 2194 rerum
1349 2136 1468 2212 effigies

235 2241 419 2318 exprimitur.
449 2239 513 2316 Qua
527 2242 656 2302 maxime
674 2242 705 2300 in
723 2260 757 2302 re
774 2242 864 2318 illud,
883 2243 961 2322 qpod
979 2242 1124 2318 diximus,
1143 2242 1211 2302 novi
1229 2243 1294 2302 aeri
1311 2243 1468 2320 ingenium

234 2349 428 2426 conspicuum
450 2353 503 2410 est
550 2348 635 2423 Quod
657 2350 802 2428 quomodo
825 2351 857 2409 in
880 2350 1047 2411 exhibenda
1068 2350 1210 2410 historica
1236 2368 1335 2411 rerum
1361 2351 1468 2412 huma-

236 2473 340 2516 narum
362 2457 476 2517 ratione
498 2457 608 2517 nostris
631 2457 735 2517 diebus
763 2457 973 2535 praevaluerit,
1001 2457 1102 2518 videre
1129 2457 1199 2518 licet
1222 2459 1284 2536 jam
1311 2477 1351 2518 ex
1377 2459 1467 2520 certis

235 2563 410 2641 quibusdam
435 2565 579 2624 sermonis
604 2564 741 2625 formulis
763 2565 858 2625 nostri
876 2565 1019 2642 temporis
1037 2566 1173 2643 propriis.
1212 2565 1247 2626 Id
1266 2569 1301 2626 ut
1317 2573 1467 2644 appareat,

234 2688 303 2731 eum
331 2671 481 2747 praeteriti
509 2671 602 2732 seerrh
630 2672 714 2732 libris
741 2673 764 2731 ii
796 2678 1014 2750 comparentur,
1047 2673 1099 2751 qui
1131 2673 1168 2732 ad
1199 2673 1278 2733 idem
1309 2673 1468 2734 historicae

234 2777 490 2854 contemplationis
522 2797 617 2855 genus
647 2781 830 2856 pertinentes
858 2785 959 2841 nostro
987 2780 1087 2840 seculo
1115 2781 1196 2858 apud
1223 2799 1278 2840 nos
1304 2781 1354 2840 vel
1380 2781 1468 2842 docte

235 2885 283 2945 rel
305 2885 486 2963 populariter
508 2887 663 2964 compositi
687 2893 765 2948 sunt
817 2887 896 2961 Quos
919 2888 1010 2948 libros
1035 2888 1062 2948 si
1085 2887 1154 2966 quis
1176 2893 1245 2948 ante
1267 2889 1322 2948 hos
1345 2893 1468 2948 centum

234 3011 328 3053 annos
351 2998 485 3054 mortuus
509 2995 541 3052 in
563 2994 656 3053 vitam
682 2995 778 3054 redux
807 2994 906 3072 legere
938 3000 1051 3072 posset,
1083 2995 1240 3056 miraretur
1271 2995 1336 3055 sine
1366 2995 1467 3071 dubio,

234 3101 313 3179 quod
327 3101 359 3161 in
373 3101 511 3162 omnibus
526 3102 588 3162 lere
605 3107 649 3162 tot
666 3103 755 3162 rerba
772 3103 809 3162 ab
827 3103 981 3179 organicae
999 3103 1077 3164 vitare
1095 3103 1291 3162 similitudine
1308 3103 1469 3181 desumpta

234 3209 321 3269 toties
339 3209 512 3284 offenderet,
531 3209 630 3287 qualia
648 3215 719 3270 sunt
737 3227 907 3288 processus,
926 3209 1067 3285 evolutio,
1086 3211 1207 3286 reactio,
1226 3211 1284 3270 alia
1297 3211 1466 3286 innumera,

235 3335 310 3394 quae
333 3317 460 3394 eleganti
483 3322 616 3377 veterum
638 3317 785 3377 latinitate
807 3317 935 3395 exprimi
957 3317 1010 3376 vix
1028 3323 1161 3395 possunt.
1204 3319 1346 3378 Adhiberi
1366 3318 1466 3378 solent

235 3423 379 3498 ejusmodi
412 3425 500 3484 verba
531 3425 620 3484 etiam
652 3425 703 3484 ubi
736 3425 871 3502 singulae
902 3425 980 3484 vitae
1013 3431 1125 3502 partes,
1157 3426 1266 3504 quibus
1298 3425 1465 3486 humanum

235 3530 389 3606 ingenium
408 3549 440 3590 se
458 3532 581 3608 exserit,
600 3531 740 3593 historica
758 3533 871 3592 ratione
889 3537 1072 3610 spectantur,
1091 3538 1126 3592 ut
1144 3535 1176 3592 in
1190 3533 1312 3608 artium,
1331 3551 1464 3610 poeseos,

231 3636 322 3714 juris,
350 3637 566 3716 philosophiae,
594 3639 747 3716 religionis
775 3640 904 3699 historia.
951 3639 1055 3718 Neque
1082 3640 1114 3699 id
1137 3647 1257 3718 propter
1279 3641 1464 3718 quorundam

234 3746 360 3805 abusum
392 3746 553 3824 vituperari
585 3747 630 3807 fas
662 3753 715 3807 est.
770 3746 869 3806 Etiam
900 3747 932 3806 in
964 3748 1080 3824 magnis
1111 3747 1299 3825 ingeniorum
1335 3748 1463 3808 motibus

235 3853 337 3929 legum
368 3855 530 3914 necessitas
562 3854 706 3932 quaedam
737 3855 931 3932 conspicitur,
964 3873 1022 3933 qua
1050 3855 1301 3916 circumscribitur
1327 3859 1357 3914 et
1383 3855 1462 3914 limi-

234 3965 314 4022 tatur
332 3960 463 4038 quidem,
484 3961 535 4021 sed
554 3979 613 4021 non
631 3961 746 4021 tollitur
764 3960 876 4021 arbitrii
894 3961 1021 4022 libertas.
1056 3961 1141 4022 Licet
1158 3961 1238 4022 enim
1256 3962 1461 4022 universarum

234 4067 367 4144 gentium
390 4068 451 4127 fata
473 4087 511 4128 ex
533 4073 616 4147 parte
638 4069 786 4146 pendeant
808 4069 844 4128 ab
867 4069 1029 4129 inevitabili
1052 4087 1207 4130 causarum
1230 4087 1323 4144 nexu,
1346 4069 1395 4128 vel
1417 4069 1460 4128 in·

234 4193 452 4252 corporearum,
482 4193 556 4253 quas
583 4175 709 4236 morales
736 4176 840 4236 latiore
869 4193 959 4236 sensu
986 4195 1091 4237 vocare
1117 4177 1200 4251 lieet,
1232 4176 1282 4236 vel
1309 4175 1355 4256 (id
1383 4177 1459 4254 quod

235 4281 367 4342 doctrina
381 4283 576 4360 geographica
590 4282 681 4343 altius
696 4289 815 4361 sumpta
829 4283 997 4362 exponitur)
1012 4283 1216 4361 physicarum,
1231 4289 1331 4343 tamen
1345 4301 1460 4360 semper

234 4389 413 4466 relinquitur
435 4389 548 4468 aliquid
567 4387 736 4450 mortalium
754 4390 882 4450 libertati
902 4390 965 4450 sive
983 4390 1076 4450 indoli
1096 4391 1216 4451 etlricre.
1263 4389 1459 4467 Quaecunque

234 4513 304 4554 vero
331 4513 365 4556 ea
392 4497 550 4572 adjuvante
577 4501 661 4573 gesta
690 4501 772 4571 sunt,
805 4516 839 4557 ea
865 4497 963 4557 omnia
986 4497 1075 4557 etiam
1102 4497 1203 4558 eadem
1235 4497 1393 4573 adjurante
1424 4499 1459 4556 ab

234 4601 423 4660 historiamrm
446 4603 639 4679 scriptoribus
661 4603 936 4679 apprehenduntur,
959 4609 1135 4680 nectantur,
1158 4603 1346 4682 explicantur
1363 4621 1459 4682 neque
