3202 5058
256 301 291 364 20
738 305 836 367 Pharus
854 303 969 366 Patronus

261 405 344 411 ...—
348 405 710 412 ——.----.-.--—-n-.—-
1093 407 1261 414 ——--.....-
1266 408 1449 420 ...s--u--m-——n
1454 413 1468 418 -

255 529 307 599 das
337 545 434 587 coram
471 527 629 587 Germania
665 526 847 587 liberaliores
881 525 1041 587 sententias
1075 544 1142 586 suas
1177 531 1372 606 appellentur,
1413 551 1471 592 non

254 633 435 692 muliebriter
460 634 658 706 episcoporum
686 633 778 692 instar
806 633 948 692 animatos
972 649 1004 691 se
1026 633 1196 706 praebeant
1241 636 1288 696 Sic
1311 637 1470 697 simulando

255 745 285 798 et
307 737 510 798 dissimulando
533 737 688 796 concordia
710 738 770 796 illic
785 738 932 811 bucusque
956 743 1097 811 servatur,
1119 755 1194 810 quae
1216 757 1280 798 cum
1302 741 1470 801 sinceritate

255 843 412 902 christiana
424 849 502 900 stare
517 859 576 900 non
586 847 710 916 poterat.
749 843 783 900 ln
796 841 953 901 Germania
965 842 1042 900 enim
1053 842 1139 915 longe
1150 842 1266 916 plurimi
1278 845 1471 905 Ultramonta-

254 964 368 1022 norum,
399 949 424 1006 si
446 947 515 1021 quid
537 947 687 1006 doctrinae
709 947 874 1021 possident,
898 963 963 1005 cum
981 946 1018 1004 iis
1040 944 1165 1022 faciunt,
1187 950 1236 1020 qui
1258 949 1471 1009 horridissimas

253 1051 430 1112 Jesuitarum
443 1052 612 1125 sententias,
635 1052 706 1110 licet
717 1051 826 1110 Romae
842 1050 988 1126 probatas,
1011 1049 1058 1109 vel
1073 1051 1228 1123 sophistice
1244 1059 1348 1126 tegunt
1364 1061 1395 1113 et
1410 1057 1470 1113 elu-

253 1156 324 1216 dunt
346 1159 393 1216 vel
407 1174 472 1214 cum
487 1157 600 1215 Bavaro
617 1155 666 1215 illo
686 1156 886 1229 ephemerides
907 1157 1048 1228 scriptore
1069 1163 1183 1228 pestem
1198 1157 1341 1218 ecclesiae
1353 1157 1470 1218 ducunt.

253 1262 379 1335 Quorum
401 1263 532 1320 intimum
547 1261 688 1336 judicium
710 1263 734 1320 si
758 1261 890 1320 veniatis
910 1261 940 1319 vi
964 1261 1104 1335 paulatim
1126 1278 1181 1334 per
1204 1267 1295 1320 totam
1318 1265 1471 1323 ecclesiam

251 1365 555 1425 Romanocatholicam
577 1367 775 1440 praevaleret,
799 1381 849 1424 suc
872 1371 1001 1437 tempora
1026 1371 1195 1424 eventurum
1220 1373 1313 1441 esset,
1336 1375 1368 1427 ut
1389 1368 1470 1440 Papa

252 1471 368 1544 quidam
393 1471 514 1545 iterum,
544 1470 783 1544 quemadmodum
812 1477 900 1528 antea
924 1468 1058 1528 Clemens
1075 1468 1171 1544 xlv„
1194 1469 1231 1528 ad
1255 1471 1468 1531 dissolvendam

253 1575 432 1634 Jesuitarum
456 1575 625 1634 societatem
644 1575 770 1632 omnium
793 1590 934 1633 consensu
955 1579 1119 1646 cogeretur.
1162 1574 1243 1646 Quae
1267 1576 1360 1635 altera
1379 1575 1469 1635 dissc-

252 1680 325 1738 lutio
341 1681 439 1754 priore
454 1681 540 1754 longe
556 1680 671 1753 gravior
686 1685 716 1738 et
730 1679 820 1737 multo
842 1679 959 1753 majoris
981 1680 1118 1737 momenti
1135 1685 1221 1754 esset,
1244 1681 1377 1753 quoniam
1400 1687 1468 1739 tunc

252 1785 315 1843 sine
348 1784 435 1843 dubio
467 1783 589 1843 Consilii
612 1783 747 1842 Vaticani
768 1783 888 1842 decreta
911 1782 947 1842 ab
969 1783 1028 1842 illis
1050 1783 1193 1856 inspirata
1215 1783 1299 1842 simul
1321 1784 1469 1844 rescinde·

252 1895 363 1963 rentur,
397 1895 483 1962 atque
517 1889 585 1947 inde
615 1888 790 1948 necessitate
824 1887 947 1960 quadam
971 1887 1102 1946 Romana
1135 1888 1259 1947 ccclesia
1286 1889 1321 1947 ad
1353 1889 1468 1963 longius

252 1993 482 2068 persequendam
505 2011 570 2052 eam
593 1991 809 2052 reformationis
823 1993 898 2050 viem
918 1991 1149 2067 protruderetur,
1168 2009 1225 2065 qua
1239 2009 1316 2051 nunc
1330 1993 1467 2052 incedere

252 2098 380 2158 videmus
395 2098 669 2158 Palaeocatholicos.
716 2096 797 2168 Quod
812 2095 967 2170 prohibere
985 2095 1116 2154 Romana
1137 2097 1219 2154 curia
1241 2115 1357 2171 semper
1378 2115 1467 2170 quan·

250 2209 309 2262 tum
332 2203 442 2262 valebit
464 2205 583 2277 nitetur,
606 2203 659 2262 sed
681 2203 743 2274 ejus
758 2201 868 2261 viribus
879 2199 982 2261 fortior
995 2200 1149 2274 aliquando
1166 2201 1254 2260 etiam
1272 2202 1348 2260 inter
1362 2201 1468 2260 Rorna-

249 2325 303 2366 nos
325 2309 483 2367 christiana
505 2309 614 2367 veritas
635 2323 699 2366 esse
720 2308 835 2380 poterit.
865 2305 945 2376 Quae
966 2305 1099 2380 quidem,
1120 2311 1152 2362 ut
1173 2307 1291 2365 taudem
1312 2306 1467 2380 aliquando

249 2413 360 2487 vincat,
393 2412 532 2471 mundani
565 2412 682 2484 imperii
714 2412 821 2470 auxilio
854 2427 1000 2484 nunquam
1037 2410 1152 2484 egebit,
1183 2411 1235 2470 sad
1269 2412 1399 2470 civitates
1432 2428 1467 2470 ac

249 2517 436 2591 magistratus
455 2515 548 2590 magis
572 2515 720 2589 magisque
735 2516 917 2591 intellegent,
940 2515 1084 2574 ecclesiae
1099 2515 1214 2574 morbos
1229 2515 1366 2588 quosdam
1378 2516 1466 2575 etiam

249 2619 305 2680 sibi
328 2621 398 2694 ipsis
420 2619 598 2694 perniciosos
622 2635 686 2679 esse
709 2637 804 2694 neque
826 2620 869 2694 id,
900 2619 976 2693 quod
997 2621 1066 2679 inde
1089 2621 1158 2678 mali
1182 2621 1237 2678 sibi
1257 2621 1379 2695 oriatur,
1402 2623 1466 2680 sine

248 2725 338 2799 ipsius
364 2724 496 2783 veritatis
524 2723 698 2784 christianae
722 2725 830 2784 auxilio
852 2726 946 2784 averti
968 2725 1015 2784 vel
1037 2725 1134 2784 sanari
1156 2741 1225 2783 vere
1246 2741 1338 2797 posse.
1384 2725 1466 2796 Quod

248 2829 389 2903 quomodo
413 2832 475 2904 jam
505 2845 582 2888 nunc
604 2830 687 2902 quasi
707 2830 804 2889 divina
826 2829 950 2902 quadam
979 2830 1157 2888 necessitate
1177 2829 1310 2903 intellegi
1331 2836 1466 2903 coeptum

249 2935 302 3008 sit,
329 2933 599 2993 demonstrabimus.

336 3039 399 3096 lam
421 3038 556 3096 nimirum
579 3043 611 3096 ut
633 3037 817 3096 candidiores
834 3037 899 3096 illos
918 3035 1065 3097 Pontificis
1081 3043 1255 3112 sectatores,
1279 3039 1321 3097 ita
1339 3039 1466 3114 sagacis·

247 3144 334 3203 simos
357 3159 486 3216 quosque
508 3158 606 3202 rerum
629 3142 808 3216 publicarum
831 3143 1040 3217 gubernatores
1062 3159 1121 3201 non
1143 3141 1232 3217 iugit,
1252 3148 1322 3216 quot
1342 3151 1464 3217 quanto·

246 3265 366 3322 rumque
393 3249 533 3306 malorum
562 3246 645 3306 radix
674 3247 834 3308 Jesuiticas
867 3249 959 3322 partis
985 3249 1017 3306 in
1045 3247 1188 3306 Vaticano
1216 3247 1339 3306 victoria
1366 3245 1464 3307 buerit.

247 3353 361 3427 Quippe
384 3351 515 3412 omnibns
540 3349 603 3411 lere
626 3352 791 3412 civitatibus
815 3352 997 3426 christianis,
1021 3351 1110 3410 etiam
1132 3353 1182 3427 iis,
1208 3367 1283 3424 quae
1304 3351 1464 3411 Romanam

250 3457 404 3516 ecclesiam
426 3453 576 3515 beneficiis
598 3458 832 3531 cumulaverant,
850 3458 918 3530 jura
939 3473 992 3515 sua
1006 3456 1146 3516 adversus
1167 3455 1348 3516 immodicam
1365 3456 1462 3515 curiae

247 3563 444 3637 arrogantiam
466 3559 652 3619 defendenda
675 3566 768 3620 erant.
813 3561 934 3620 Auauia
956 3562 1054 3620 statim
1076 3567 1142 3634 post
1164 3559 1323 3619 Concilium
1345 3568 1464 3634 propter

247 3671 373 3726 mumtas
401 3665 438 3724 ab
466 3667 519 3724 illa
540 3665 622 3739 leges
644 3666 797 3739 pristinum
819 3665 1046 3740 Concordatum,
1071 3664 1148 3739 quod
1168 3665 1282 3740 dicitur,
1305 3682 1363 3724 non
1384 3671 1463 3724 stare

246 3771 412 3831 declaravit.
458 3771 492 3827 In
514 3769 629 3844 imperii
644 3768 811 3829 Germanici
834 3769 964 3830 Comitiis
985 3771 1079 3842 prima
1094 3769 1218 3829 Bavaria
1240 3775 1341 3829 contm
1362 3771 1463 3828 imma·

245 3893 313 3937 nem
339 3875 411 3935 cleri
440 3875 484 3933 sui
518 3875 710 3948 petulantiam
739 3875 835 3948 legem
870 3875 1013 3948 quandam
1039 3876 1159 3949 rogavit.
1211 3874 1281 3933 Mox
1309 3869 1462 3934 Borussiae

246 3981 349 4041 eidem
382 3977 429 4040 via
462 3977 665 4054 progrediendi
691 3981 850 4039 necessitas
879 3997 910 4039 se
937 3977 1049 4038 obtulit.
1094 3980 1180 4038 Italia
1206 3985 1301 4038 terras
1332 3979 1463 4054 papales,

245 4085 349 4158 qrribus
371 4083 409 4142 ad
432 4083 686 4142 consummandum
707 4099 828 4156 regnum
850 4090 880 4142 et
902 4081 1078 4142 stabilienda
1093 4083 1191 4141 civilia
1213 4083 1345 4142 instituta
1360 4097 1461 4142 carere

244 4205 303 4248 nou
329 4188 440 4261 potuit,
473 4186 578 4246 iisdem
605 4187 667 4247 lere
697 4187 808 4246 artibus
837 4187 972 4262 arripuit,
1001 4187 1104 4261 quibus
1129 4187 1223 4246 Julius
1248 4187 1286 4246 ll.
1318 4185 1462 4260 quondam

244 4309 364 4367 regnum
401 4289 572 4350 Pontificum
609 4294 739 4352 seculare
777 4292 815 4351 ad
852 4292 1104 4351 consummationis
1147 4289 1233 4351 finem
1270 4291 1462 4364 perduxerat,

243 4397 382 4470 deinceps
404 4395 494 4453 nimia
517 4395 580 4455 fere
604 4402 634 4454 et
651 4398 730 4470 justo
751 4399 862 4470 majore
885 4395 1075 4470 obsequentia
1097 4397 1207 4455 curiam
1232 4395 1288 4454 sibi
1303 4395 1461 4454 conciliare

192 4561 198 4572 ,
243 4501 351 4561 frustra
379 4500 502 4571 studuit3
534 4501 673 4574 paulatim
702 4506 803 4559 contra
829 4500 963 4559 hostilem
993 4502 1056 4573 ejus
1078 4502 1204 4559 animum
1227 4516 1348 4574 surgere
1371 4501 1463 4558 iuvita

243 4606 364 4682 cogitur.
409 4605 506 4666 Etiam
541 4606 618 4679 apud
653 4607 726 4664 alias
759 4613 862 4677 gentes
885 4605 1070 4682 Neolatinas,
1104 4611 1165 4664 tum
1197 4605 1367 4680 Europaeas
1400 4611 1462 4664 tum
