3156 5056
664 311 755 362 Garun
773 311 821 363 IX.
1302 309 1354 363 219

134 537 217 580 mare
247 522 293 581 vel
319 523 475 583 noluerunt
497 525 543 584 vel
566 542 624 584 non
645 526 708 584 ausi
730 531 813 599 sunt,
842 524 1004 585 Guilelmus
1026 525 1169 586 Bavariae
1190 523 1247 584 dux
1269 540 1354 585 revo-

136 624 261 684 candum
289 625 360 686 illud
390 644 454 686 esse
485 628 574 688 Eeeio
604 629 779 702 declaravit,
808 636 987 704 quantopere
1013 629 1118 690 Curiae
1149 629 1246 690 odium
1276 630 1354 688 inter

136 729 299 790 Germanos
329 733 379 790 illo
408 739 525 792 auctum
553 741 644 808 esset,
674 735 730 808 ipsi
753 735 869 810 Nuntii,
897 751 963 794 cnm
985 735 1092 794 Eccins
1114 741 1174 794 tum
1196 735 1354 809 Aleander‚

136 839 229 894 testes
252 841 344 894 erant.
389 837 458 911 Hie,
482 854 542 897 una
564 855 628 896 cum
644 837 771 898 Caesare
795 838 1001 913 iterfaciens,
1023 841 1088 914 plus
1103 839 1194 899 semel
1209 839 1355 898 neminem

137 945 255 1014 nactus,
279 942 328 1014 qui
347 941 470 1001 auderet
490 943 585 1016 ipsum
601 943 753 1018 excipere,
777 944 814 1003 ad
836 927 906 1004 vilia
929 943 1102 1017 sordidaque
1121 943 1248 1018 hospitia
1267 959 1356 1017 aegre

137 1043 281 1102 divertit¹
326 1044 470 1105 Lutherus
502 1063 586 1122 vero,
617 1064 790 1121 quamquam
820 1049 963 1122 ejusmodi
993 1048 1197 1124 indignationis
1221 1048 1355 1122 publicae

138 1150 313 1208 testimoniis
336 1151 449 1224 gavisus
472 1157 530 1224 est,
550 1157 649 1211 tamen
670 1151 742 1210 nibil
764 1153 862 1226 magni
885 1153 921 1211 iis
943 1151 1020 1212 effici
1036 1169 1122 1228 posse
1136 1153 1217 1212 vidit.
1252 1153 1355 1226 Neque

138 1255 261 1312 multum
284 1251 386 1327 profici
407 1257 520 1328 putavit
545 1257 808 1328 jureconsultorum
829 1257 1009 1330 quorundam
1032 1257 1160 1317 arbitriis
1182 1275 1200 1316 a
1223 1256 1357 1316 Caesaris

139 1364 224 1433 parte
247 1361 399 1434 stantium,
425 1359 474 1433 qui
497 1365 589 1419 totum
610 1358 751 1434 pontificii
770 1362 845 1435 juris
866 1362 995 1420 codicem
1024 1368 1119 1422 ratum
1139 1361 1297 1436 babentes,
1325 1361 1357 1419 in

139 1463 247 1522 Leonis
277 1463 357 1522 bulla
386 1464 500 1538 singula
525 1469 638 1524 tantum
660 1474 693 1525 ut
715 1464 860 1528 Caesareo
879 1467 940 1540 juri
962 1467 1158 1540 repugnantia
1180 1468 1356 1540 rejecerant,

140 1567 209 1642 Ipse
235 1568 428 1628 Decretorum
454 1569 710 1644 Decretaliumque
742 1587 858 1630 errores
889 1577 920 1630 et
948 1576 1113 1630 commenta
1143 1571 1180 1629 ad
1212 1570 1356 1630 ecelesiae

140 1673 292 1733 historiam
318 1675 498 1748 pertinentia
527 1677 689 1735 accuratius
719 1693 804 1750 quam
835 1676 878 1736 illi
905 1681 1025 1762 noverat
1048 1683 1136 1749 atque
1159 1675 1358 1736 vehementius

142 1777 260 1852 oderat,
283 1785 374 1838 totum
391 1781 438 1853 jus
452 1779 525 1840 illud
541 1781 729 1855 canonicum,
747 1786 891 1855 quatenus
906 1781 970 1840 istis
985 1782 1109 1840 maxime
1124 1781 1212 1840 rebus
1226 1779 1358 1839 Romana

141 1884 273 1957 tyrannis
305 1883 526 1944 antichristiana
559 1887 717 1960 niteretur,
752 1903 818 1945 cum
851 1887 967 1946 saniore
1000 1887 1149 1946 societatis
1183 1884 1358 1943 christianae

142 1987 312 2048 condicione
335 1995 413 2048 stare
434 2006 491 2049 non
513 2005 614 2064 pesse,
634 2007 805 2064 persuasum
827 1989 967 2062 habebat,
990 1989 1165 2063 quodquam
1184 1993 1265 2046 reete
1281 1986 1359 2060 judi·

142 2093 265 2167 caverit,
289 2109 353 2151 eum
375 2093 471 2152 omnia
494 2095 647 2167 sequentia
668 2100 812 2168 tempora,
834 2099 895 2152 tum
918 2099 1018 2154 nostra
1039 2091 1203 2152 ostendunt
1240 2091 1358 2150 Etenim

142 2215 181 2257 ne
194 2195 281 2271 ‘apud
302 2197 500 2257 Romanenses
522 2197 638 2270 quidem
662 2203 766 2272 gentes
789 2213 914 2257 canones
937 2199 1002 2257 illos
1024 2213 1124 2255 omnes
1139 2196 1258 2255 tolerari
1272 2211 1377 2270 posse,

142 2301 281 2360 videmus.
328 2301 429 2374 Itaque
451 2300 595 2360 Lutberus
618 2307 708 2360 totum
728 2304 777 2377 jus
799 2299 981 2361 Pontificium
1007 2300 1181 2360 abolendum
1204 2313 1269 2359 esse
1291 2315 1359 2358 oen-

142 2406 202 2464 snit
223 2404 311 2479 idque
333 2404 450 2479 publice
473 2405 626 2465 declarare
649 2406 799 2466 ohnsdani
823 2403 910 2466 officii
934 2406 1024 2465 duxit.

230 2510 294 2568 Hoc
324 2511 419 2569 anime
446 2515 543 2568 actum
565 2509 647 2568 illum
669 2511 839 2570 sollemnem
865 2512 980 2584 peregit
1003 2515 1034 2570 et
1053 2515 1169 2584 postero
1191 2508 1239 2568 die
1252 2523 1359 2567 coram

143 2615 313 2674 academiae
332 2613 455 2688 civibus,
474 2613 579 2686 quibus
593 2615 726 2688 psalterii
742 2615 846 2674 librum
862 2615 1041 2689 explicabat,
1058 2615 1123 2674 viva
1134 2629 1206 2673 voee
1220 2613 1362 2686 interpre-

143 2725 222 2779 tatus
246 2725 299 2779 est.
338 2717 452 2777 Eodem
468 2718 589 2777 consilio
604 2719 744 2793 seriptum
761 2719 1028 2780 commentariolum
1045 2717 1144 2778 edidit.
1181 2717 1243 2790 Quo
1262 2716 1360 2776 libello

145 2829 239 2884 tetum
255 2827 303 2899 ius
318 2821 498 2898 pontificium
516 2839 552 2881 eo
570 2824 692 2884 tendere
709 2824 901 2895 demonstrat,
924 2829 958 2882 ut
973 2822 1054 2897 Papa
1067 2823 1105 2882 sit
1118 2822 1190 2882 deus
1205 2822 1362 2896 terrestris,

142 2930 202 2988 vim
224 2945 364 2988 exercens
388 2929 477 2986 etiam
501 2929 531 2984 in
555 2927 744 3002 coelestibus,
766 2944 856 3002 super
874 2929 970 2986 omnia
985 2927 1148 3001 spiritualia
1169 2931 1200 2986 et
1218 2925 1362 2986 secularia

144 3035 254 3106 elatus,
284 3033 411 3091 omnium
432 3047 530 3092 rerum
552 3031 698 3106 domiuus,
728 3033 774 3090 cui
796 3048 882 3091 neme
904 3031 1010 3092 audeat
1033 3031 1148 3090 dicere:
1177 3029 1247 3103 quid
1268 3027 1362 3088 lacis?

143 3138 179 3199 Id
202 3139 366 3197 luculenter
387 3137 492 3209 probat
514 3135 634 3210 triginta
653 3135 896 3210 propositionibus
913 3152 948 3194 ex
961 3135 1036 3207 juris
1051 3134 1130 3192 illius
1145 3133 1228 3192 libris
1243 3133 1362 3206 egregie

144 3243 261 3316 electis,
283 3242 383 3315 plures
406 3239 516 3299 addere
536 3245 670 3314 paratum
693 3257 724 3300 ee
745 3255 808 3299 esse
825 3237 997 3312 significans.
1033 3239 1098 3296 lllic
1113 3236 1213 3296 doceri
1229 3235 1361 3306 ostendit,

143 3347 264 3407 Petrum
292 3345 523 3419 oboedientiam,
555 3361 641 3418 quam
671 3343 887 3420 magistratibus
918 3343 1020 3402 deberi
1051 3347 1163 3417 monet,
1191 3357 1249 3402 non
1272 3341 1309 3401 ad
1331 3359 1364 3401 se

143 3455 238 3528 ipsum
268 3458 300 3512 et
329 3465 513 3510 successores
536 3467 603 3510 snos
625 3449 753 3524 reterre,
785 3449 836 3510 sed
858 3450 897 3510 ad
919 3451 994 3509 solos
1016 3449 1071 3508 sibi
1091 3447 1236 3522 subditos,
1264 3446 1363 3522 Papae

146 3573 212 3616 esee
244 3561 418 3630 potestatem
446 3555 598 3629 jndioandi
630 3554 667 3614 de
697 3555 844 3629 omnibus,
873 3556 980 3629 ipsum,
1011 3555 1126 3614 etiamsi
1153 3552 1282 3628 peccatis
1306 3551 1365 3610 suis

145 3661 311 3721 innumeros
338 3660 471 3719 homines
498 3659 536 3718 ad
565 3659 674 3719 inferos
700 3659 812 3734 trahat,
840 3660 878 3719 ab
900 3660 1026 3719 omnium
1046 3658 1155 3733 judicio
1178 3673 1242 3716 esse
1268 3669 1363 3714 exem-

146 3771 241 3840 ptum,
272 3765 397 3824 eundem
420 3765 518 3824 omnia
539 3766 605 3838 jura
629 3765 739 3825 babere
761 3765 792 3823 in
815 3766 922 3824 scrinio
944 3765 1085 3837 pectoris,
1115 3778 1205 3836 quare
1228 3757 1365 3832 quidquid

148 3869 335 3928 constitnerit
358 3875 454 3930 ratum
479 3885 552 3928 esse.
597 3867 728 3941 Castigat
749 3869 973 3941 impudentiam,
995 3883 1052 3938 qna
1078 3867 1139 3924 illic
1165 3881 1201 3923 ax
1226 3861 1365 3921 ementita

148 3973 331 4034 Constantini
354 3972 511 4032 donatione
535 3973 687 4046 imperium
709 3971 807 4031 mundi
830 3972 933 4045 papale
957 3970 1114 4029 derivetur.
1151 3965 1240 4025 Addit
1261 3964 1366 4038 Papae,

147 4078 179 4138 id
199 4078 274 4152 quod
296 4079 430 4151 inprimis
450 4095 481 4138 se
497 4077 589 4151 ipsum
606 4077 644 4136 ad
656 4078 764 4150 justam
779 4077 853 4134 iram
868 4075 1002 4146 moverit,
1025 4089 1170 4146 nunquam
1185 4069 1366 4130 aduersarios

148 4199 215 4242 suos
245 4183 442 4256 apostolorum
472 4182 605 4256 exemplo
637 4197 721 4240 sacra
750 4181 894 4253 scriptura
917 4185 947 4237 et
969 4178 1083 4237 ratione
1106 4175 1267 4248 relutaese;
1297 4175 1367 4248 quin

149 4287 236 4345 inuno
266 4304 302 4346 ex
332 4286 460 4347 historiis
490 4303 521 4345 se
553 4285 726 4346 convincere
755 4301 805 4344 eos
834 4299 934 4358 posse,
965 4283 1078 4356 quoties
1108 4279 1291 4350 adversaries
1320 4278 1367 4336 vel

238 4522 264 4588 1)
282 4520 408 4574 Pallarir.
428 4521 450 4583 I,
470 4526 516 4584 at,
537 4527 582 4585 ta,
609 4519 653 4586 qui
670 4520 733 4570 base
752 4525 777 4568 et
794 4515 891 4568 similia
908 4519 997 4566 narrat
1015 4530 1045 4564 ex
1064 4512 1187 4564 alcandri
1206 4509 1323 4577 epistolia
1340 4510 1369 4560 in

151 4609 277 4662 Vaticano
296 4608 404 4658 serratis
425 4608 469 4673 (el.
488 4607 510 4670 1,
525 4613 565 4668 23,
579 4607 621 4674 l),
639 4623 720 4672 nuper
739 4603 904 4656 aFriedrieh
923 4602 1007 4657 editis.
