3144 5092
244 277 279 331 titi
782 277 870 331 Clrur
887 277 934 330 IV.

243 479 370 557 perlegit
393 481 430 540 dc
452 497 546 557 ecque
566 479 723 556 judicavit,
748 480 774 540 si
792 480 881 539 verba
898 497 1002 557 aspera
1020 483 1270 556 expungerentur,
1294 477 1389 537 haud
1417 479 1506 536 male

243 593 340 646 cetera
362 607 379 646 a
402 587 533 646 Lutlrero
556 587 666 664 scripta
689 587 778 646 esse¹
824 586 906 661 Quae
928 605 1019 664 quare
1041 586 1261 664 perplacuerint
1281 585 1367 662 Regi
1403 585 1507 644 facile

242 695 279 754 nd
303 695 536 772 intellegendum
559 701 612 754 est
654 694 710 754 Ille
733 695 813 754 enim
835 713 906 772 prae
928 694 1066 772 plurimis
1088 693 1155 753 aliis
1178 699 1208 754 et
1225 693 1340 752 sciebat
1365 697 1406 752 et
1428 711 1505 752 sen-

242 802 332 861 tiebat
360 821 449 880 quam
477 808 555 862 recte
583 820 615 861 se
643 803 797 876 haberent,
830 821 905 880 quae
932 802 1082 862 Lutherus
1109 801 1146 862 de
1174 801 1261 862 Curia
1292 806 1331 860 ut
1359 801 1503 859 officina

242 909 391 986 nequitiae
414 909 462 968 his
485 910 582 969 vorbis
605 909 733 968 dixerat:
757 909 993 984 ,llaximiliauus
1016 909 1092 968 nihil
1114 909 1209 985 magis
1231 909 1502 986 conquerebatur,
1556 889 1557 896 ἵ

243 1034 332 1094 quam
360 1015 439 1094 quod
466 1035 552 1076 nemo
575 1017 752 1076 Pontificum
775 1017 864 1076 fidem
887 1017 943 1076 sibi
967 1017 1133 1076 servaverit.
1179 1015 1283 1094 Neque
1311 1015 1500 1074 mediocres

242 1123 382 1200 perfidiae
400 1123 551 1183 machinas
566 1123 703 1183 Carolum
718 1124 797 1183 hunc
812 1125 949 1201 quintum
963 1123 995 1183 in
1009 1123 1107 1184 leona
1121 1123 1167 1198 X,
1187 1123 1217 1182 in
1233 1122 1396 1182 Clemente
1412 1122 1498 1183 VIL

242 1231 273 1289 in
297 1230 388 1290 Paulo
406 1231 460 1290 ΠΙ.
485 1236 640 1308 expertum
663 1248 729 1290 esse
751 1235 841 1308 puto‘
888 1233 986 1308 Atque
1009 1231 1161 1308 speciatim
1184 1230 1387 1290 demetendis
1418 1231 1498 1289 arti-

242 1340 297 1397 bus
325 1343 354 1397 et
381 1338 470 1412 dolis,
498 1338 607 1415 quibus
636 1338 736 1412 Curia,
764 1339 837 1397 dum
863 1339 945 1416 pacis
973 1337 1220 1399 studiosissimam
1248 1355 1281 1397 se
1309 1337 1495 1397 simularet

243 1445 376 1504 Caesaris
403 1451 433 1505 et
460 1446 551 1522 Regis
580 1445 693 1506 Galliae
725 1446 900 1506 discordiam
933 1445 965 1504 in
993 1464 1081 1506 suum
1107 1445 1292 1505 commodum
1319 1445 1494 1504 vertisset:

241 1551 415 1626 ,Considera
437 1571 542 1612 aroana
565 1553 689 1612 istorum
706 1553 887 1614 nebulonum
905 1553 1040 1630 consilia,
1064 1571 1139 1631 quae
1161 1571 1195 1613 ec
1218 1553 1305 1611 unice
1328 1557 1492 1629 spectant

242 1663 276 1717 ut
307 1658 431 1717 ducrum
463 1661 594 1736 capitum
626 1659 801 1720 discordiam
832 1665 975 1737 perpetuo
1007 1661 1088 1720 alant
1119 1665 1208 1738 atque
1239 1659 1355 1718 duabus
1392 1660 1491 1718 sellis

242 1765 379 1825 sedentes
406 1785 486 1826 nunc
513 1766 582 1826 huic
614 1785 694 1826 nunc
720 1767 765 1826 illi
797 1768 887 1845 parti,
920 1785 1096 1846 quocunque
1123 1773 1230 1828 ventus
1258 1767 1376 1840 tulerit,
1411 1785 1489 1826 sese

240 1873 471 1947 accommodent,
509 1891 547 1932 ne
584 1874 698 1933 scilicet
729 1873 957 1935 Reformationis
988 1874 1036 1934 vel
1069 1873 1194 1934 Concilii
1230 1873 1402 1951 periculum
1444 1875 1486 1933 iis

240 1981 431 2041 metuendum
459 1979 519 2040 sit‘
565 1981 650 2041 Adde
677 1981 754 2058 quod
782 1981 985 2042 Ferdinandus
1012 1982 1163 2060 profanam
1191 1981 1275 2040 illam
1302 1982 1483 2058 superbiam
1557 2027 1558 2036 ,

240 2089 450 2163 detestabatur,
478 2107 536 2166 qua
558 2089 717 2148 Pontifices
740 2089 899 2166 imperium
926 2089 1029 2148 mundi
1053 2090 1202 2149 vindicare
1225 2089 1281 2148 sibi
1305 2088 1479 2148 studebant

240 2193 358 2272 Optime
384 2195 513 2272 denique
539 2201 672 2270 noverat,
706 2197 895 2273 quamobrem
922 2197 1020 2274 Papae
1047 2215 1082 2257 ea
1108 2201 1261 2274 tantopere
1287 2203 1478 2272 respuerent¹
1557 2185 1558 2218 ³

239 2319 315 2380 quae
342 2303 407 2379 ipse
429 2321 497 2362 curn
522 2302 624 2362 Camlo
652 2303 741 2363 fratre
766 2303 828 2380 jam
856 2303 907 2362 diu
935 2305 1129 2380 flagitaverat,
1163 2303 1328 2364 Concilium
1352 2303 1477 2363 unirer·

239 2407 301 2468 sale
323 2409 449 2468 liberum
472 2415 502 2468 et
524 2409 760 2470 reformationem
783 2410 941 2470 Ecclesiae.
986 2411 1031 2472 De
1053 2411 1101 2471 his
1124 2411 1261 2470 omnibus
1283 2411 1387 2470 eadem
1412 2411 1477 2470 fere

240 2515 384 2574 sentiebat
420 2533 495 2592 quae
531 2515 681 2577 Lutherns
723 2517 845 2578 dixerat
902 2517 959 2592 Qui
996 2519 1022 2578 si
1059 2519 1161 2579 eadem
1197 2519 1297 2577 minus
1333 2519 1476 2578 atrociter

238 2621 433 2694 enuntiasset,
465 2622 577 2698 Regem
608 2624 731 2701 propius
762 2625 800 2684 ad
832 2644 899 2686 eum
930 2645 1119 2687 accessurum
1150 2626 1244 2686 tuisse
1275 2626 1356 2685 haud
1383 2627 1473 2702 pauci

237 2729 387 2806 putabant.

343 2835 438 2894 Immo
461 2841 544 2894 orant
567 2835 617 2914 qui
641 2837 784 2912 dicerent,
810 2837 974 2899 Lutherum
997 2841 1053 2901 sibi
1076 2841 1136 2918 ipsi
1158 2841 1317 2901 acerbitate
1340 2859 1395 2900 sua
1418 2841 1470 2900 illa

236 2941 306 3019 plus
324 2942 424 3002 damni
443 2943 559 3017 afferre,
584 2961 672 3021 quam
690 2944 726 3003 ab
745 2944 921 3006 adversariis
939 2951 1094 3023 pateretur.
1137 2945 1269 3022 Quorum
1287 2948 1376 3006 verba
1398 2949 1469 3009 licet

236 3068 358 3126 prorsus
381 3051 585 3111 commenticia
608 3069 668 3110 non
690 3051 830 3127 dixerim,
853 3057 952 3113 tamen
969 3053 1014 3112 illi
1034 3055 1094 3114 vim
1112 3055 1246 3114 veritatis
1265 3055 1297 3113 in
1316 3055 1383 3132 ipsa
1400 3058 1468 3114 rudi

235 3157 359 3218 Lutheri
382 3158 540 3236 asperitate
562 3159 690 3236 positam
712 3179 765 3236 pro
787 3160 892 3220 meritc
918 3179 977 3220 non
999 3161 1207 3238 ponderabant
1255 3161 1352 3236 Quare
1375 3181 1467 3240 quum

234 3265 273 3325 de
295 3265 343 3325 his
366 3265 471 3325 Joanui
495 3266 643 3326 Friderico
665 3265 794 3326 Electori
816 3267 921 3343 Legati
948 3267 1013 3344 ejus
1039 3268 1225 3344 retulissent,
1254 3270 1320 3348 ipse
1343 3287 1398 3347 per
1417 3271 1466 3330 lit·

236 3377 314 3431 teras
337 3373 503 3448 respondit,
528 3373 697 3446 ,Doctorem
719 3373 880 3432 llartinum
902 3374 1009 3434 habere
1032 3375 1171 3452 spiritum
1194 3375 1390 3452 singularem,
1413 3381 1465 3456 qui

234 3478 354 3537 modum
382 3479 439 3538 sibi
466 3479 579 3556 imponi
606 3497 666 3538 non
694 3481 835 3558 patiatur;
864 3480 951 3539 illum
978 3482 1173 3542 abominanda
1194 3483 1326 3560 Papatus
1355 3485 1464 3544 scelera

342 3743 368 3810 1)
388 3741 485 3810 ,chn
505 3741 546 3794 die
566 3741 648 3795 bilsen
663 3741 756 3795 Wcrte
775 3741 872 3795 herous
892 3747 993 3810 wireu,
1016 3743 1089 3796 hiitto
1113 3745 1161 3798 der
1179 3745 1282 3799 Lutber
1304 3746 1379 3800 nicht
1401 3745 1460 3801 iibel

233 3830 423 3901 goschrieben.‘
460 3830 533 3884 Haec
552 3830 747 3884 Ferdinandum
767 3831 878 3898 dixisse,
902 3831 997 3884 Daniel
1015 3831 1149 3900 StibaruS,
1173 3851 1207 3887 ex
1227 3834 1362 3889 nobilitate
1381 3836 1459 3890 Fran·

232 3921 334 3988 ionica,
368 3921 410 3974 uir
437 3921 531 3974 doctus
563 3923 590 3974 ct
617 3921 782 3988 moderatae,
815 3920 922 3990 legatis
950 3920 1087 3975 Saxonicis
1119 3924 1246 3977 narravit.
1293 3925 1461 3980 Saokoudcrtf

231 4009 276 4064 lib.
295 4009 344 4064 III.
369 4027 394 4079 p.
415 4012 476 4064 cod.

338 4115 365 4184 2)
389 4116 421 4171 In
441 4117 597 4171 Germanico
620 4115 710 4170 libello
732 4116 799 4170 hacc
822 4115 874 4170 alin
896 4115 1013 4170 adhibita
1035 4115 1208 4172 similitudine
1231 4119 1270 4173 ita
1292 4119 1365 4175 dicta
1387 4125 1454 4177 sunt:

230 4205 285 4265 ,Da
307 4206 381 4258 siche
405 4205 456 4260 mir
478 4206 520 4260 dic
544 4205 740 4260 verzrrcilolteu
764 4205 858 4258 Buben
881 4221 928 4272 an,
957 4221 1013 4260 was
1036 4205 1075 4259 sio
1097 4206 1134 4259 im
1158 4207 1223 4260 Sion
1247 4209 1302 4262 und
1326 4210 1353 4264 in
1376 4211 1454 4266 ibmm

230 4295 390 4348 lieimliclron
409 4295 461 4349 liat
484 4295 583 4364 haben,
607 4295 724 4348 ntimlich
747 4295 804 4348 dals
827 4295 866 4348 sie
885 4294 979 4347 wellen
1003 4295 1045 4348 dic
1069 4295 1134 4349 rusi
1153 4296 1274 4366 Hiiupter
1296 4299 1391 4354 uneius
1412 4301 1454 4354 bc·

230 4382 319 4436 hulten
344 4385 398 4438 und
421 4385 480 4438 cine
499 4383 680 4438 Zuickmiilrlo
704 4383 803 4452 haben,
828 4383 910 4436 dmnit
929 4383 967 4436 sie
987 4383 1045 4437 sich
1060 4384 1128 4451 jetzt
1152 4403 1186 4439 au
1204 4387 1318 4456 diesem,
1339 4387 1406 4456 jetat
1422 4408 1453 4444 zu

225 4471 328 4540 jorroru,
352 4473 468 4528 darnarlr
493 4474 540 4526 dor
558 4473 640 4526 Wind
664 4474 756 4542 gebat,
781 4471 872 4526 hulten
891 4476 998 4540 miigen,
1023 4473 1080 4526 dass
1099 4475 1137 4527 sic
1156 4475 1260 4528 dioweil
1280 4517 1286 4528 .
1303 4517 1332 4529 ..
1353 4478 1396 4530 ir'rr
1411 4479 1453 4534 der

230 4560 408 4616 liciormaticn
427 4565 490 4616 odor
508 4563 655 4616 Concilium
674 4563 732 4616 sicli
751 4561 826 4615 nicht
845 4561 967 4614 iiimhton
986 4561 1102 4614 diirtou.‘
