3202 5058
254 289 289 344 46
741 297 844 346 Panrrs
866 295 976 346 Puronrs

254 511 385 568 ordinem
404 511 582 569 desultorum
611 509 850 582 exstinguendum
871 509 1048 583 iudicasset,
1066 513 1127 584 jam
1148 511 1179 567 in
1201 509 1262 581 ejus
1284 508 1367 581 quasi
1387 508 1470 566 incu-

255 614 367 672 nabulis
397 614 496 687 detegi
522 629 615 686 posse.

341 721 397 778 Hic
425 719 523 792 Papa,
551 719 647 776 animo
676 723 706 775 et
732 718 848 791 ingenio
878 718 999 791 nobilis,
1034 719 1065 776 in
1089 718 1235 790 theologia
1266 723 1297 774 et
1330 718 1360 774 in
1394 718 1469 790 opti-

253 827 308 885 mis
337 825 497 898 quibusque
533 822 640 880 litteris
676 823 794 895 egregie
831 827 977 895 versatus,
1020 822 1203 895 Principibus
1231 821 1340 881 ordinis
1370 822 1467 881 Jcsui-

253 937 348 990 tarum
375 928 594 988 exstinctionem
621 925 833 1000 postulantibus
856 927 1046 985 obsecuturus
1077 943 1135 984 non
1159 931 1239 1001 erat,
1270 927 1326 984 nisi
1351 931 1381 984 et
1403 927 1467 999 ipse

251 1036 328 1094 illius
361 1033 466 1092 mnne
500 1031 560 1090 alte
586 1031 782 1104 perspexisset
814 1036 845 1090 et
874 1030 911 1088 de
936 1029 1142 1090 reformatione
1169 1032 1231 1104 ejus
1258 1033 1319 1104 jam
1347 1033 1466 1106 jamque

253 1133 462 1212 desperasset.¹
515 1134 724 1194 Celeberimum
759 1136 820 1208 ejus
858 1133 998 1209 edietum,
1031 1135 1106 1209 quod
1139 1141 1289 1209 postquam
1322 1137 1466 1210 apparuit,

252 1259 305 1318 per
343 1242 507 1300 universam
539 1239 685 1313 Europam
722 1238 805 1298 avide
839 1235 1004 1320 legebatur}
1043 1245 1109 1313 post
1141 1241 1256 1314 longam
1287 1241 1466 1312 religiosam-

252 1365 309 1421 que
339 1346 556 1409 meditationem
585 1349 615 1403 et
643 1349 822 1418 accuratam,
849 1349 992 1418 quatenus
1013 1345 1089 1418 apud
1116 1345 1225 1403 curiam
1248 1345 1345 1419 licuit,
1367 1361 1464 1404 rerum

252 1452 453 1536 historicarum
486 1451 738 1523 investigationem
772 1449 809 1508 ab
843 1449 893 1508 illo
922 1450 1110 1522 compositum
1145 1454 1202 1523 est,
1237 1449 1356 1522 dignum
1382 1428 1463 1522 'quod

251 1558 340 1616 etiam
367 1572 444 1615 nunc
472 1556 578 1614 iterum
599 1555 637 1613 ab
661 1555 831 1627 aequalibus
854 1554 1054 1614 consideretur
1085 1559 1116 1612 et
1136 1553 1322 1627 ponderetur.
1363 1555 1463 1626 ⁴Ipsum

252 1661 369 1735 quidem
391 1660 538 1734 Lojolam,
571 1659 683 1717 scilicet
712 1675 731 1716 a
759 1659 841 1718 curia
869 1665 1000 1717 sanctum
1031 1641 1228 1732 declaratum,
1257 1659 1313 1717 nisi
1335 1658 1465 1717 laudabi-

251 1767 320 1824 liter
353 1781 412 1823 non
445 1769 593 1822 memorat
639 1761 696 1820 Sed
731 1764 774 1837 ,in
809 1767 959 1822 aeternam
988 1763 1033 1822 rei
1065 1761 1248 1822 memoriam‘
1276 1762 1463 1836 demonstrat,

251 1871 330 1928 illius
360 1869 528 1928 societatem
551 1866 620 1926 inde
646 1867 683 1926 ab
704 1867 794 1925 initiis
824 1867 883 1925 suis
906 1867 1080 1926 christianae
1103 1868 1282 1941 reipublicae
1305 1883 1406 1940 pacem
1428 1883 1464 1925 ae

251 1974 490 2047 tranquillitatem
512 1972 701 2030 vehementer
722 1971 922 2044 perturbassm
946 1973 1031 2030 etiam
1047 1973 1078 2030 in
1093 1972 1201 2031 ordinis
1220 1972 1360 2030 institutis
1374 1971 1463 2030 fuisse

250 2079 368 2138 nonulla
382 2094 457 2152 quae
472 2077 622 2150 injustam
637 2076 893 2150 reprehensionem
908 2077 1072 2150 inciderint,
1096 2077 1227 2151 inprimis
1242 2075 1461 2150 vituperandam

250 2184 484 2257 Praepositorum
507 2181 694 2240 Generalium
718 2183 896 2255 aliorumque
918 2182 1106 2254 superiorum
1127 2182 1245 2240 nimiam
1268 2186 1356 2254 atque
1379 2180 1462 2238 abso·

249 2290 339 2347 lutam
365 2291 555 2360 potestatem3
582 2286 635 2344 hos
657 2287 831 2360 implicuisse
855 2303 886 2344 se
915 2287 947 2344 in
980 2303 1041 2359 ,res
1064 2287 1226 2360 seculares,
1253 2285 1397 2358 politicas,
1424 2285 1461 2342 ad

248 2399 340 2452 status
372 2390 612 2464 gubernationem
642 2389 853 2462 pertinentcs3‘
880 2395 1034 2463 praeterea
1060 2391 1165 2448 multos
1194 2389 1309 2449 sodales
1344 2393 1461 2448 senten-

249 2498 305 2555 tias
337 2500 367 2553 et
408 2495 665 2566 interpretationes
708 2492 892 2552 scandalosas
932 2495 1114 2567 optimaeque
1146 2510 1257 2553 morum
1291 2493 1460 2567 disciplinae

250 2598 404 2658 manifeste
426 2598 527 2656 noxias
550 2597 719 2672 protulisse;
745 2598 817 2656 alios
843 2599 873 2656 in
901 2599 991 2657 sacris
1013 2598 1198 2658 Missionibus
1221 2599 1257 2657 ad
1281 2597 1460 2656 ethnicorum

251 2706 358 2764 rituum
380 2703 492 2776 praxim
513 2717 602 2776 prave
625 2719 656 2762 se
678 2701 922 2778 accommodasse,
945 2704 1069 2777 denique
1092 2703 1224 2778 ,dissidia
1244 2703 1412 2776 gravissima
1431 2708 1462 2762 et

246 2810 345 2883 jurgia
373 2809 405 2866 in
423 2807 554 2881 Europa,
583 2807 653 2866 Asia
681 2813 711 2864 et
732 2808 868 2866 America
897 2825 956 2866 non
977 2813 1040 2868 sine
1062 2809 1174 2880 ingenti
1194 2808 1353 2866 animarum
1375 2807 1459 2865 ruina

248 2931 283 2974 ac
305 2912 476 2986 populorum
506 2911 696 2970 admiratione
720 2929 738 2970 a
759 2913 900 2972 societate
924 2915 1032 2972 acriter
1061 2913 1188 2972 excitata
1217 2911 1300 2970 esse‘
1351 2910 1460 2970 Narrat

248 3018 383 3078 Clemens
420 3015 528 3075 ibidem
568 3017 684 3090 quinam
718 3015 873 3077 Pontifices
906 3017 1036 3076 ordinem
1069 3017 1232 3092 adjuverint
1268 3023 1299 3074 et
1331 3015 1459 3074 liberali-

247 3128 309 3182 tate
340 3120 594 3195 muniiicentiaque
627 3138 680 3181 sua
711 3123 856 3196 ornarint,
900 3123 1017 3196 quinam
1055 3120 1295 3195 reprehenderint
1325 3136 1389 3177 eum
1428 3124 1459 3176 et

247 3227 458 3288 restrinxerint
503 3225 551 3286 Sic
578 3232 716 3300 utrosque
747 3227 869 3288 diversis
888 3228 1042 3288 sententiis
1064 3228 1094 3284 in
1116 3224 1239 3284 discidia
1261 3224 1459 3284 ecclesiastica

247 3333 412 3392 alesuitis
445 3347 569 3390 accensa
596 3347 627 3390 se
657 3332 847 3390 immiscuisse
883 3332 1000 3391 indicat.
1040 3331 1134 3402 Hujus
1161 3330 1259 3402 magni
1292 3329 1458 3388 certaminis

246 3435 372 3494 indolem
394 3451 428 3492 ac
451 3435 580 3492 rationes
599 3435 661 3507 ipse
684 3441 717 3494 ut
737 3435 819 3509 Papa
839 3441 941 3509 aperte
965 3451 1110 3510 exponere
1133 3435 1241 3493 veritus
1262 3439 1313 3494 est.
1358 3433 1458 3490 Innuit

246 3545 357 3613 tamem
386 3537 562 3596 lesuitarum
581 3537 742 3613 amotores,
771 3555 859 3612 quum
882 3539 1084 3613 ,immoderata
1103 3537 1267 3612 privilegia‘
1289 3537 1347 3595 illis
1369 3537 1457 3595 dede-

246 3643 321 3716 rint,
342 3643 458 3700 incante
480 3641 584 3714 egisse.
628 3641 730 3716 Neque
754 3643 914 3702 dissimulat
936 3659 967 3702 se
991 3660 1056 3702 curn
1078 3645 1114 3702 iis
1136 3643 1251 3717 iacere,
1272 3643 1321 3715 qni
1342 3643 1457 3700 illorum

245 3748 346 3808 noxias
371 3745 517 3805 doctrinas
540 3747 762 3820 proscripserint
784 3754 814 3806 et
836 3746 999 3822 superbiam
1022 3749 1220 3822 coercuerint,
1248 3763 1366 3820 pravam
1389 3763 1456 3804 con·

244 3853 388 3914 dicionem
406 3847 689 3910 reformeretruara
709 3851 880 3911 studuerint.
924 3853 1057 3926 Impense
1075 3851 1175 3911 laudat
1194 3851 1393 3910 Innocentium
1404 3850 1456 3924 XI,

243 3957 348 4018 irenici
373 3957 485 4030 negotii
514 3953 674 4029 fautorem,
702 3957 752 4030 qui
782 3958 958 4016 necessitate
987 3958 1149 4031 compulsus
1172 3972 1207 4016 eo
1230 3956 1393 4030 devenerit,
1424 3961 1457 4012 ut

244 4063 377 4121 societati
398 4061 584 4120 interdixerit
603 4061 727 4120 novitios
751 4061 918 4134 admittere3
948 4063 1081 4120 similiter
1103 4061 1302 4121 Innocentium
1324 4059 1405 4118 Xlll.
1426 4065 1458 4118 et

244 4165 433 4224 Benedictum
454 4165 535 4224 Xlll.
559 4165 696 4224 adversus
724 4165 804 4224 illam
822 4183 854 4224 se
878 4169 1014 4241 gessisse:
1045 4165 1120 4239 quod
1143 4182 1212 4224 vero
1247 4164 1391 4240 ,ejusdem
1412 4163 1456 4220 in-

243 4272 374 4328 stitutum
400 4269 584 4329 immediatus
615 4270 825 4343 praedecessor
858 4287 927 4328 suus
953 4286 1128 4344 magnopere
1155 4268 1399 4328 commendaverit
1427 4271 1457 4326 et

243 4391 341 4432 mrsus
364 4373 583 4447 approbaverit,
613 4374 643 4433 id
663 4373 770 4434 factum
794 4389 858 4434 esse
886 4368 932 4452 (ut
954 4375 1088 4447 Gregorii
1110 4373 1145 4434 X.
1168 4374 1264 4432 verbis
1286 4371 1455 4466 quibusdam

243 4511 393 4518 --—-—--—·-
412 4509 495 4515 --...

332 4595 358 4664 1)
376 4593 415 4644 Oi.
433 4593 464 4642 de
482 4609 512 4642 ea
529 4609 557 4643 ro
576 4594 676 4660 Ranke,
694 4595 787 4648 Geseh.
806 4596 850 4646 der
868 4595 962 4646 Piibstc
980 4593 1016 4646 11.
