3194 5042
259 332 310 384 172
796 331 884 383 Carrr
903 329 949 382 vl.

257 533 422 592 scholarum
451 549 567 610 semper
593 533 798 610 eupidIssima,
826 537 926 591 mmen
954 539 1070 591 cautam
1097 533 1129 590 in
1156 532 1333 592 universum
1364 539 1399 593 et
1429 554 1515 612 pru-

256 641 374 700 dentem
397 658 429 699 sa
452 640 553 716 gessit.
598 639 644 699 Ne
666 639 698 698 in
721 639 892 698 Tridentino
915 639 1036 717 quidem
1060 639 1191 699 Concilio
1214 639 1453 700 Themistarum
1482 653 1514 700 ea

258 747 450 807 Scotistarum
486 747 714 806 controversiam
750 747 888 806 dirimere
924 765 997 806 ansa
1032 751 1091 821 est,
1133 748 1191 806 etsi
1226 747 1302 822 illic,
1341 749 1375 806 id
1418 749 1513 826 quud

257 855 317 914 Leo
339 854 423 914 XIII.
457 873 643 931 summopere
673 854 787 929 laudat,
819 873 886 914 eum
914 853 1066 932 Scriptum
1093 853 1182 914 Sacra
1209 855 1339 915 Thomas
1368 855 1511 916 Summa

257 969 287 1022 et
309 963 386 1022 inter
408 961 540 1022 canonici
564 962 641 1038 juris
664 963 774 1039 scripta
796 961 1044 1021 Pseudo-Isidori
1074 980 1192 1040 quoque
1213 962 1373 1022 decretalia
1405 982 1513 1042 super

257 1069 343 1129 altari
374 1069 470 1147 posita
496 1073 587 1129 erant.
637 1068 741 1146 Nuper
767 1069 861 1128 erevit
887 1069 985 1129 curiae
1017 1069 1139 1128 andacia
1165 1069 1197 1128 in
1224 1069 1372 1129 cudendis
1407 1073 1509 1130 novis

257 1177 402 1254 dogmatis
438 1182 468 1237 et
504 1177 717 1236 sententiamm
753 1176 985 1253 theologicarum
1022 1175 1155 1252 syllabis.
1212 1176 1252 1236 Et
1286 1181 1390 1237 tamen
1430 1180 1508 1256 ipse

257 1284 318 1344 Leo
335 1283 420 1344 XIII.
445 1283 495 1358 ,ln
517 1285 569 1359 iis,
592 1284 701 1362 inquit,
726 1301 801 1360 quae
823 1284 975 1361 percipere
998 1284 1127 1342 humana
1149 1283 1348 1360 intelligentia
1372 1293 1504 1346 natura-
1589 1323 1590 1346 1

257 1391 326 1451 liter
352 1397 462 1470 potest,
494 1410 621 1469 acquum
653 1390 743 1469 plane
770 1397 828 1466 est,
861 1409 915 1450 sna
942 1391 1092 1466 methodo,
1125 1392 1247 1469 suisque
1274 1393 1439 1470 principiis
1465 1400 1503 1454 et

258 1500 440 1576 argumentis
467 1500 510 1558 uti
539 1499 779 1576 philosophiam!
824 1498 905 1558 Num
928 1499 1021 1576 igitur
1043 1499 1141 1559 subito
1165 1499 1228 1558 falli
1254 1500 1378 1559 nescius
1401 1503 1502 1561 etiam
1588 1513 1589 1543 l

258 1607 290 1666 in
313 1607 500 1684 philosophia
522 1607 633 1666 factum
657 1624 690 1666 ss
712 1623 779 1666 esse
799 1611 896 1684 putat,
920 1613 954 1666 ut
977 1607 1145 1667 seculorum
1162 1607 1395 1684 disceptationes
1418 1627 1501 1686 pau-

258 1715 302 1774 cis
329 1713 417 1774 lineis
449 1713 586 1772 dimmere
617 1731 649 1774 ss
681 1731 769 1791 posse
796 1714 991 1790 imaginetur?
1036 1715 1184 1788 Forsitan,
1216 1714 1242 1773 si
1269 1715 1439 1791 longiorem
1468 1718 1499 1776 ei

258 1821 349 1881 vitain
372 1821 454 1882 Deus
476 1820 640 1896 donaverit,
663 1821 834 1899 aliquando,
856 1827 891 1880 ut
913 1821 1062 1882 lunaticus
1085 1822 1118 1880 in
1139 1823 1210 1882 tecti
1233 1821 1363 1882 culmine
1387 1825 1499 1883 ambu-

258 1929 324 1989 lans
348 1929 461 1989 somnio
484 1930 643 1989 exterritus
666 1947 704 1989 ex
726 1929 843 2006 magnis
865 1929 946 1988 ansis
970 1930 1094 1990 excidet.

365 2039 407 2096 At
428 2036 507 2096 dicet
529 2036 690 2114 quispiam,
718 2055 777 2096 non
800 2037 879 2096 demi
901 2036 1087 2114 philosophIs
1110 2057 1128 2097 a
1149 2037 1231 2114 Papa
1257 2055 1376 2097 omnem
1400 2041 1497 2098 cerri-
1588 2068 1589 2089 κ

259 2144 372 2220 gandae
395 2143 592 2204 Themisticas
619 2144 823 2221 philosophiae
846 2144 1029 2220 faeidtatem,
1057 2145 1168 2222 quippe
1191 2145 1243 2223 qui
1270 2145 1345 2204 mira
1367 2146 1496 2223 quidem

259 2251 402 2310 modestia
429 2251 480 2311 sed
504 2251 576 2312 satis
600 2251 678 2312 clare
701 2251 862 2328 significet,
890 2251 1067 2328 Angelioum
1090 2253 1239 2312 doctorem
1260 2252 1325 2311 falli
1352 2255 1496 2313 nescium

259 2359 426 2418 habendum
448 2377 509 2419 non
531 2377 604 2420 esse.
655 2359 695 2420 Et
721 2377 834 2434 revera,
867 2359 918 2418 ubi
945 2359 1101 2436 episcopos
1128 2359 1216 2419 enixe
1243 2360 1428 2436 adhortatur,
1457 2369 1496 2420 nt

259 2484 377 2526 auream
404 2465 533 2526 Thomas
565 2466 739 2544 sapientiam
770 2467 929 2526 restituant
959 2472 990 2527 et
1021 2485 1111 2544 quam
1142 2466 1288 2526 latissime
1314 2477 1494 2544 propagent,

258 2573 331 2633 haec
357 2573 439 2632 addit
461 2574 562 2633 verba:
596 2574 789 2651 ,Sapientiam
813 2574 914 2634 Sancti
937 2573 1066 2634 Thomas
1088 2573 1228 2634 dicimus:
1257 2573 1379 2653 siquid
1407 2577 1494 2634 enim

259 2685 306 2740 est
323 2699 340 2739 a
362 2680 529 2740 doctoribus
548 2681 732 2741 scholasticis
751 2681 799 2741 vel
817 2681 909 2741 nimia
932 2681 1094 2742 subtilitate
1112 2682 1292 2759 quaesitum,
1315 2681 1364 2742 vel
1382 2701 1493 2760 parum

259 2787 440 2848 considerate
463 2787 615 2862 traditum,
644 2789 670 2847 si
693 2789 765 2867 quid
789 2807 857 2848 oum
880 2788 1041 2866 exploratis
1063 2790 1235 2866 posterioris
1257 2790 1321 2849 aevi
1344 2790 1493 2850 doctrinis

259 2895 359 2955 minus
373 2895 541 2970 cohaerens,
559 2895 608 2956 vel
626 2896 754 2974 denique
768 2915 885 2975 quoquo
904 2897 989 2956 modo
1006 2915 1066 2957 non
1080 2896 1237 2975 probabile,
1256 2897 1287 2956 id
1305 2897 1389 2956 nullo
1402 2905 1493 2975 meto

259 3003 292 3063 in
318 3003 416 3063 animo
443 3007 489 3064 est
515 3004 602 3064 aetati
630 3009 747 3064 nostrae
779 3005 816 3064 ad
843 3005 1019 3064 imitandum
1047 3005 1192 3082 proponi.‘
1238 3003 1318 3078 Quae
1345 3023 1363 3063 a
1390 3005 1494 3066 leone

259 3111 382 3172 nonita
405 3112 525 3190 quidem
547 3111 626 3172 diota
649 3117 730 3188 sunt,
759 3117 793 3172 ut
815 3113 880 3190 ipss
903 3112 1030 3172 Thomas
1053 3131 1092 3172 ex
1114 3112 1277 3172 errantium
1299 3111 1492 3173 scholastico-

259 3239 326 3280 rum
352 3237 475 3280 numero
498 3220 596 3298 excipi
623 3220 765 3281 videatur.
811 3219 1023 3280 Verumtamen
1046 3219 1214 3280 levissimos
1236 3223 1352 3278 tantam
1378 3239 1491 3280 naevos

259 3327 291 3386 in
323 3345 357 3388 eo
388 3327 528 3404 agnoscit.
580 3325 661 3402 Quae
687 3347 714 3403 a,
731 3327 925 3388 nobilissimis
957 3331 1000 3388 tet
1027 3327 1194 3388 seculorum
1225 3327 1355 3404 ingeniis
1387 3333 1490 3388 eonha

260 3434 450 3495 scholasticos
469 3453 629 3514 eorumque
651 3436 817 3514 principem
834 3441 913 3496 recte
932 3435 1043 3495 monita
1061 3440 1091 3496 et
1113 3435 1150 3494 ad
1168 3435 1373 3495 monstrandas
1396 3454 1489 3496 noras

259 3560 298 3601 ex
320 3547 403 3620 parte
425 3561 459 3602 ao
481 3543 620 3603 certiores
644 3544 784 3604 scientiae
802 3545 949 3602 humanae
971 3544 1035 3603 vias
1053 3543 1204 3621 proposita
1227 3547 1309 3618 sunt,
1333 3561 1368 3602 ea
1389 3544 1490 3604 omnia

259 3649 341 3727 Papa
366 3649 415 3708 ael
438 3649 572 3726 ignorare
593 3651 642 3711 vel
664 3651 815 3728 despicere
837 3651 961 3711 videtur.
1008 3650 1150 3728 Alioquin
1173 3651 1262 3710 etiam
1288 3651 1489 3728 praeclarissi-

259 3775 338 3816 mam
359 3757 449 3817 medii
472 3757 536 3818 aevi
558 3757 776 3835 philosophiam
803 3758 886 3818 nullo
913 3762 999 3836 pacto
1021 3758 1179 3818 instaurari
1203 3758 1378 3835 simpliciter
1399 3777 1489 3836 posse

260 3865 356 3926 sciret.
410 3863 515 3944 Neque
546 3865 684 3942 dixisset,
722 3867 877 3941 ,rationem
908 3865 946 3924 ad
977 3865 1141 3924 humanum
1175 3865 1328 3942 fastigium
1359 3865 1488 3926 Thomas

259 3973 367 4051 pennis
390 3977 521 4034 evectam
540 3974 602 4050 jam
625 3974 686 4034 fers
713 3974 836 4052 nequire
859 3973 1017 4034 sublimius
1040 3975 1216 4050 assurgere!
1261 3973 1331 4051 Ipse
1352 3991 1431 4052 papa
1455 3973 1488 4032 in

259 4085 392 4141 veterum
420 4081 667 4142 Themisticorum
699 4081 751 4159 qui
779 4081 956 4158 jampridem
983 4081 1053 4158 plus
1086 4099 1176 4160 quam
1207 4082 1336 4140 humana
1363 4081 1400 4141 de
1426 4099 1487 4140 ma·

260 4188 345 4266 gistri
364 4189 411 4249 sui
430 4189 585 4249 sententiis
603 4189 819 4267 praedicabant,
843 4193 939 4249 castra
956 4189 1082 4267 pedibus
1100 4189 1214 4250 transit.
1256 4187 1351 4262 Quam
1368 4205 1488 4248 canam

260 4296 373 4374 priores
395 4295 567 4371 Pontifices,
594 4315 687 4374 quum
713 4295 836 4356 nimiam
863 4295 947 4356 illius
974 4297 1093 4358 landem
1119 4315 1137 4355 a
1160 4295 1296 4358 Scotistis
1323 4295 1486 4374 oppugnari

261 4403 392 4464 sinerent
413 4409 499 4465 caute
523 4422 584 4464 non
611 4405 803 4478 diremerunt,
831 4403 896 4480 ipse
919 4403 997 4464 siout
1018 4405 1093 4464 Pius
1110 4403 1163 4464 III
1186 4404 1271 4464 litem
1293 4403 1331 4463 de
1352 4403 1487 4479 dogmate

261 4509 421 4570 Marianam
444 4529 497 4588 per
518 4515 562 4571 tot
585 4511 684 4572 secula
705 4512 857 4588 agitatam,
886 4511 983 4572 subita
1006 4511 1143 4572 dirimere
1165 4529 1256 4571 ausus
1279 4515 1332 4571 est.
1378 4509 1485 4570 Mirum

261 4617 391 4694 profecto
418 4622 476 4693 ast,
505 4618 582 4696 quod
609 4618 642 4677 in
668 4617 747 4678 idolo
772 4621 833 4676 tam
860 4617 1016 4694 splendido
1042 4635 1151 4679 naevos
1178 4619 1248 4678 illos
1273 4617 1322 4678 vel
1348 4617 1485 4678 minimos
