3176 5064
197 266 214 320 6
731 263 818 318 Curua
832 264 853 318 1.

198 471 314 546 saperet
337 467 447 528 sineret
469 469 624 528 crabrones
647 471 677 528 et
700 467 763 528 suis
786 485 819 528 se
842 467 950 528 studiis
972 468 1138 528 oblectaret.
1174 467 1232 528 Ille
1250 467 1435 528 attrahebat

198 575 339 653 quiddam
361 594 430 635 cum
451 577 550 652 palma
572 594 740 651 commune,
767 577 909 636 adversus
931 576 1128 638 deterrentem
1151 576 1273 636 tollebat
1294 575 1433 634 atrimae!

306 683 534 761 ,Prorepserunt
555 683 651 744 libelli
673 684 751 760 ejus,
775 685 884 761 quibus
906 701 943 742 ex
962 684 1037 744 meis
1055 683 1150 744 versis
1167 683 1355 758 interjecerat
1371 699 1435 742 sua

199 791 349 868 quaedam.
382 791 418 850 Id
440 791 491 850 ubi
515 791 608 866 sensi,
631 791 729 851 acrius
752 791 939 868 expostulavi
961 809 1031 851 cum
1053 791 1185 867 homine,
1209 791 1261 868 qui
1284 808 1339 850 nec
1356 807 1434 866 pru-

199 897 303 957 denter
329 903 429 975 agcret
455 917 511 958 nec
538 899 610 959 satis
638 900 744 972 amica,
773 899 825 977 qui
852 917 900 959 me
927 898 997 976 plus
1021 899 1093 958 satis
1115 903 1270 974 gravatum
1292 902 1435 975 pergeret

139 1025 142 1028 ·
199 1006 294 1082 magis
317 1006 406 1066 etiam
428 1025 594 1084 aggravare.
635 1006 693 1067 Ille
716 1007 764 1066 sui
788 1006 895 1069 similis
917 1006 1071 1084 respondit
1092 1025 1141 1066 me
1163 1010 1225 1066 tota
1246 1023 1343 1066 enare
1364 1005 1432 1063 via:

200 1131 259 1173 non
282 1112 340 1172 alia
362 1113 474 1174 ratione
491 1113 586 1191 magis
605 1115 761 1174 conflatam
779 1132 817 1174 ex
835 1114 1046 1174 monachorum
1064 1113 1268 1191 sycophantiis
1285 1111 1433 1172 invidiam

200 1238 288 1297 posse
310 1221 450 1299 opprimi,
474 1241 563 1300 quam
586 1223 612 1282 si
635 1222 745 1298 vulgus
767 1240 834 1282 mea
855 1222 974 1298 legeret.
1014 1221 1149 1281 Addebat
1172 1220 1344 1298 exemplum
1365 1221 1432 1296 epi-

201 1328 283 1405 scopi
306 1329 460 1406 cujusdam
482 1347 543 1389 non
565 1329 636 1388 mali
660 1329 781 1407 quidam
804 1330 856 1390 sed
878 1329 1037 1404 illitterati,
1066 1347 1154 1406 quem
1176 1329 1223 1388 illi
1247 1329 1291 1388 sic
1313 1328 1431 1386 inflam-

200 1440 332 1494 massent
354 1435 386 1494 in
409 1455 469 1511 me,
497 1441 531 1496 ut
553 1456 591 1496 ne
613 1453 721 1496 nomen
744 1437 864 1515 quidem
881 1436 998 1496 Erasini
1020 1437 1098 1497 ferre
1120 1440 1228 1514 posset.
1269 1434 1348 1494 Huic
1369 1439 1431 1493 tna-

201 1541 313 1602 didisse
348 1561 380 1603 se
417 1543 502 1604 Pacis
539 1545 752 1622 querimoniam
788 1544 904 1606 Gallice
939 1543 1116 1622 loquentem.
1158 1543 1215 1618 ‚Ea
1250 1542 1429 1602 delectatum

201 1650 373 1728 episcopum
401 1652 534 1729 coepisse
563 1653 595 1712 in
622 1670 678 1713 nos
704 1653 799 1713 amico
822 1670 889 1713 esse
910 1652 1009 1712 animo
1032 1657 1062 1712 et
1084 1651 1153 1712 illos
1176 1651 1319 1711 delatores
1341 1649 1430 1709 vehe-

201 1762 316 1818 menter
337 1758 493 1820 detestari.‘
809 1841 812 1848 Ι

309 1865 438 1941 ,Interea
464 1867 604 1928 Beddaici
637 1868 757 1946 quidam
789 1867 922 1928 collectis
956 1867 1093 1945 pluribus
1124 1865 1258 1926 articulis
1290 1869 1431 1924 ornarunt

201 1972 351 2034 hominem
382 1975 491 2034 iterum
517 1976 747 2053 pertrahendum
773 1975 806 2035 in
833 1993 987 2036 carcerem.
1038 1974 1152 2034 Horum
1178 1973 1292 2052 aliquot
1318 1973 1355 2032 ad
1381 1991 1431 2032 me

201 2080 297 2156 misit,
325 2081 414 2141 simul
441 2101 510 2143 eum
537 2083 672 2144 censuris
697 2083 841 2161 judicum.
886 2083 1122 2160 Responsionem
1149 2083 1187 2142 ad
1214 2081 1302 2140 illum
1329 2080 1431 2141 remisi

201 2187 367 2265 declarans,
391 2208 479 2268 quam
501 2190 566 2250 illic
587 2191 665 2250 nihil
686 2182 1009 2267 videreturimpium.1
1043 2189 1181 2249 Monachi
1198 2188 1431 2266 pronunciarunt

203 2293 235 2354 in
262 2314 377 2357 carcere
403 2298 580 2358 sententiam
603 2299 785 2359 definitivam
805 2299 927 2376 jamque
949 2297 1027 2356 nihil
1050 2301 1214 2374 supererat,
1241 2295 1301 2356 nisi
1323 2300 1358 2355 ut
1379 2275 1431 2356 ex·

203 2403 280 2464 ustis
302 2403 413 2465 libellis
435 2425 470 2466 ac
491 2411 610 2483 peracta
631 2406 780 2484 palinodia
798 2406 942 2484 reciperet
959 2405 1173 2482 praescriptam
1191 2403 1429 2478 satisfactionem,

203 2529 279 2588 quae
306 2529 459 2590 nunquam
486 2531 547 2573 non
573 2513 698 2574 immitis
726 2518 772 2574 est
794 2533 812 2572 a
833 2513 1000 2588 monachis,
1028 2517 1080 2571 aut
1103 2512 1129 2571 si
1151 2511 1182 2570 id
1205 2516 1354 2572 recusaret
1375 2511 1431 2571 iret

203 2617 240 2676 ad
268 2617 375 2694 ignem.
421 2619 478 2679 ille
505 2620 551 2678 vir
577 2621 662 2680 fortis
689 2639 728 2680 ne
754 2621 787 2680 in
814 2639 874 2680 uno
901 2620 1022 2698 quidem
1048 2619 1111 2679 illis
1129 2619 1227 2679 cessit
1249 2637 1283 2678 ac
1305 2619 1431 2696 perierat

204 2723 264 2784 nisi
292 2725 412 2802 quidam
440 2745 478 2786 ex
501 2727 612 2788 Senatu
634 2727 810 2788 cordatiores
832 2727 1047 2812 perspicientes
1069 2745 1132 2787 rem
1154 2726 1378 2804 respondissent
1399 2743 1432 2785 se

204 2835 296 2892 totam
323 2851 442 2894 causam
469 2854 487 2894 a
514 2835 610 2912 capite
632 2853 728 2913 usqua
750 2835 787 2896 ad
810 2835 921 2896 calcem
944 2835 1022 2895 velle
1045 2853 1233 2912 cognoscere,
1260 2833 1351 2912 idque
1373 2851 1432 2892 non

205 2940 271 3000 sine
297 2941 417 3002 fremitu
444 2961 546 3003 eorum
569 2943 620 3020 qui
644 2943 913 3021 pronuntiaverant
959 2943 1023 3004 Hoc
1046 2943 1126 3003 enim
1149 2941 1226 3002 nihil
1248 2941 1330 3001 aliud
1352 2940 1432 3000 vide-

205 3049 291 3109 batur
317 3069 406 3128 quam
433 3051 553 3111 illorum
582 3052 759 3112 sententiam
781 3051 956 3112 rescindere.
1003 3051 1082 3110 Dum
1105 3051 1178 3110 haec
1200 3054 1340 3127 agunmn
1368 3049 1433 3108 Rex

205 3158 391 3218 commodum
413 3178 550 3220 reversus
573 3166 620 3221 est
642 3179 681 3220 ex
699 3159 862 3238 Hispanica
884 3159 1062 3236 captivitate.
1105 3157 1137 3217 Is
1159 3157 1340 3231 admonitus,
1363 3156 1433 3216 Ber·

205 3265 330 3342 quinum
358 3284 446 3326 suum
473 3268 551 3328 inter
578 3269 737 3328 monachos
765 3286 799 3327 ac
827 3267 989 3327 Beddaicos
1017 3265 1191 3343 periclitari,
1223 3265 1354 3342 primmn
1381 3281 1435 3340 per

206 3371 439 3448 caduceatorem,
466 3393 536 3436 mox
563 3394 617 3453 per
643 3375 758 3435 litteras
785 3373 975 3435 denunciavit
998 3372 1132 3447 Senatui,
1160 3390 1199 3431 ne
1227 3372 1299 3450 quid
1324 3377 1434 3432 temere

206 3483 377 3556 paterentur
403 3481 467 3542 fieri
490 3483 522 3541 in
546 3501 633 3542 suum
656 3482 870 3556 consiliarium,
899 3499 932 3541 se
953 3481 1036 3541 brevi
1058 3481 1230 3539 adfuturum
1252 3498 1287 3540 ac
1309 3477 1434 3556 diligen-

206 3587 267 3647 tius
289 3588 326 3648 de
348 3591 409 3648 toto
431 3590 552 3666 negocio
575 3589 652 3650 velle
675 3607 858 3667 cognoscere.
901 3588 1062 3666 Aliquanto
1085 3592 1153 3666 post
1171 3587 1341 3665 Berquinus
1364 3603 1435 3647 suae

205 3695 335 3755 libertati
362 3695 496 3756 redditus
523 3701 581 3772 est,
609 3715 667 3776 quo
695 3703 795 3775 posset
817 3696 935 3756 facilius
959 3714 1030 3756 suae
1052 3713 1158 3756 causae
1180 3695 1341 3754 consulere.
1387 3693 1435 3752 Ibi

207 3803 288 3864 dictu
319 3804 441 3880 mirum,
473 3809 617 3883 quantum
648 3805 774 3866 fiduciae
805 3804 975 3881 conceperit
1002 3803 1107 3863 animo.
1158 3801 1226 3863 Non
1254 3801 1350 3862 solum
1378 3800 1435 3861 sibi

206 3912 396 3990 promittebat
431 3913 645 3974 absolutionem
676 3931 780 3974 verum
812 3913 901 3972 etiam
932 3911 1084 3972 victoriam
1117 3927 1240 3988 eamque
1272 3909 1436 3987 speciosam

207 4037 296 4097 quam
318 4020 415 4097 ajebat
437 4038 503 4081 esse
524 4021 557 4080 in
579 4021 723 4082 manibus.
760 4020 883 4080 Mutatis
905 4019 1020 4080 vicibus
1043 4019 1140 4096 ipsam
1158 4017 1318 4079 Sorbonam
1341 4034 1435 4077 sacra-

207 4127 366 4203 tissimam,
389 4128 548 4189 monachos
570 4133 601 4188 ct
619 4129 793 4204 Beddaicos,
819 4129 977 4206 peragebat
994 4125 1164 4203 impietatis.
1196 4125 1274 4184 Nam
1292 4124 1436 4203 quaedam

207 4253 313 4296 aroana
339 4235 572 4314 deprehenderat
598 4237 631 4295 in
657 4255 759 4297 eorum
785 4236 867 4296 actis.
914 4234 978 4309 Quo
1006 4234 1101 4311 magis
1127 4233 1184 4294 sibi
1206 4233 1353 4310 placebat,
1382 4249 1437 4307 ego

317 4483 331 4535 1
351 4482 423 4536 Tunc
443 4481 523 4552 igitur
535 4481 677 4552 Erasmus,
697 4497 780 4551 quum
799 4483 878 4536 antea
895 4483 1034 4551 perspecto
1052 4479 1170 4549 periculo
1188 4477 1312 4532 timorem
1330 4493 1393 4546 prae
1408 4491 1438 4530 se

209 4569 327 4640 tulisset,
346 4569 441 4624 fortem
460 4570 547 4626 animo
567 4571 663 4624 iterum
682 4587 711 4625 aa
729 4569 857 4639 praebuit
