3202 5058
240 291 275 346 64
723 295 824 344 Pnurrs
843 295 958 343 Paloura

240 509 359 584 studiis,
382 525 456 582 quae
478 509 562 568 modo
584 509 745 582 innuimus,
765 506 930 566 Pontificius
950 525 1015 566 eum
1036 510 1066 566 in
1088 505 1175 567 finem
1197 509 1255 583 uti,
1279 514 1312 567 ut
1332 509 1454 567 duorum

241 613 416 688 gladiorum,
438 615 514 687 quod
536 613 631 673 medio
654 629 726 672 aevo
749 613 857 671 dictum
879 619 940 684 est,
962 614 1130 688 imperium,
1161 614 1272 686 syllabo
1295 615 1455 687 proclama-

240 725 315 792 tum,
337 717 465 778 Concilio
485 717 697 792 continuatum,
719 715 851 776 Pontifici
874 735 907 775 re
930 735 1001 778 vera
1023 718 1213 777 vindicarent.

328 823 477 898 Ejusmodi
505 839 574 882 vero
609 828 758 895 conatum,
792 839 896 881 vanum
925 822 1041 895 quidem
1068 823 1192 896 denique
1224 822 1367 897 futurum,
1401 823 1453 904 sed

241 928 394 988 multorum
417 928 602 987 discidiorum
624 933 712 986 antea
727 927 868 1002 feracem,
890 927 1049 1001 prudentes
1068 929 1253 1001 magistratus
1268 944 1453 1001 nequaquam

240 1015 334 1093 securi
368 1033 518 1106 negligere
547 1038 711 1106 potueruut.
762 1031 874 1106 Quippe
900 1031 1041 1092 adhunc
1069 1033 1287 1091 sustentandum
1317 1033 1455 1106 episcopi,

241 1139 322 1197 caeci
345 1153 498 1196 caecorum
520 1135 622 1210 duces,
645 1136 798 1208 plurimum
821 1137 932 1210 valent,
951 1138 1124 1209 praesertim
1147 1137 1234 1196 etiam
1257 1137 1295 1210 ii,
1319 1138 1367 1210 qui
1389 1142 1455 1210 post

158 1287 162 1298 .
240 1243 404 1316 concilium,
430 1239 545 1315 abjecta
575 1241 672 1314 priore
703 1242 826 1299 scientia
849 1246 879 1299 et
898 1242 1093 1315 conscientia,
1123 1242 1249 1314 turpiter
1271 1257 1303 1300 se
1323 1241 1455 1314 subjece-

240 1353 317 1408 runt.
362 1345 417 1416 Qui
443 1345 679 1419 omnipotentiam
701 1345 835 1420 papalem
855 1347 901 1404 vel
923 1351 1003 1404 muto
1026 1346 1159 1419 exemplo
1182 1363 1250 1419 suo,
1279 1347 1325 1404 rel
1348 1345 1456 1404 lauati-

239 1453 297 1526 cis,
344 1451 443 1524 quales
480 1455 577 1510 amant
611 1451 767 1523 proselyti,
801 1451 980 1509 sermonibus
1016 1450 1173 1509 illustrant.
1237 1449 1374 1523 Sequitur
1404 1465 1456 1508 eos

239 1557 406 1615 innumerus
434 1553 539 1628 ubique
567 1555 751 1612 sacerdotum
783 1561 812 1613 et
841 1555 1045 1612 monachorum
1066 1555 1225 1628 exercitus,
1256 1553 1456 1628 jurisjurandi,

241 1659 317 1734 quod
344 1659 376 1716 in
405 1657 565 1716 infallibilis
587 1658 685 1732 Papae
703 1657 792 1732 Regis
821 1659 911 1717 verba
937 1659 1101 1733 dederuut,
1119 1659 1260 1733 religione
1283 1675 1382 1718 omnes
1404 1657 1455 1717 ob

241 1765 347 1838 stricti,
375 1779 492 1822 caecam
521 1763 718 1822 obedientiam
748 1765 831 1836 quasi
855 1763 1008 1822 ulilitarem
1036 1763 1232 1838 superioribus
1261 1769 1413 1837 praestare
1436 1780 1456 1821 a

241 1869 351 1928 teneris
382 1867 486 1927 edocti.
531 1865 692 1950 Praeterea
720 1867 929 1940 quodammodo
952 1869 1005 1926 sub
1028 1869 1088 1926 solo
1107 1869 1170 1941 ipso
1191 1867 1271 1941 Papa
1294 1869 1353 1942 illi,
1383 1885 1455 1940 quos

240 1975 379 2046 diximus,
409 1972 517 2031 tribuni
548 1971 641 2046 plebis
670 1972 812 2046 militant,
836 1973 1033 2045 superbissimi
1062 1973 1140 2032 haud
1168 1989 1235 2032 raro
1255 1973 1455 2046 episcoporum

241 2083 450 2150 contemtores,
473 2077 650 2150 quorundam
673 2078 824 2150 pristinam
846 2076 1018 2137 seditionem
1040 2077 1168 2137 libenter
1187 2083 1455 2152 commemorantes

239 2199 379 2257 praesens
398 2181 565 2256 obsequium
588 2183 697 2241 ironice
719 2183 899 2242 extollentes.
945 2183 1175 2257 Improbissimus
1196 2189 1227 2241 et
1249 2183 1456 2242 audacissimus

240 2289 318 2346 iuter
337 2289 405 2362 hos,
428 2288 517 2372 etiam
539 2287 616 2360 quod
637 2287 675 2345 ad
694 2287 898 2347 vindicandum
913 2288 999 2360 Papia
1021 2288 1173 2360 imperium
1196 2288 1294 2345 mundi
1316 2287 1455 2360 pertinet,

240 2391 402 2450 Ludovicus
423 2391 550 2448 Venillot
580 2397 640 2464 est,
671 2387 893 2451 Aurelianensis
923 2392 1050 2466 episcopi
1078 2391 1207 2450 domitor.
1260 2391 1381 2465 ,Papa,‘
1409 2393 1454 2450 in-

240 2495 320 2570 quit,
350 2510 420 2568 ,per
448 2495 546 2553 Jesum
574 2493 717 2553 Christum
751 2496 899 2554 absolutus
932 2497 1174 2554 conscientiarum
1207 2499 1238 2553 et
1273 2501 1455 2568 sceptrorum

240 2597 405 2657 dominator
426 2603 485 2671 est3
508 2598 593 2656 Jbsm
617 2597 763 2674 Christus,
786 2601 912 2658 omnium
935 2617 1031 2660 rerum
1052 2601 1196 2674 dominus,
1226 2601 1257 2658 iu
1278 2601 1359 2674 Papa
1381 2603 1455 2661 resi-

240 2702 305 2776 det,
336 2719 394 2760 nou
416 2708 529 2761 tautum
551 2709 583 2761 ut
606 2701 750 2778 pontifex,
780 2705 831 2764 sed
855 2706 942 2764 etiam
966 2711 999 2764 ut
1019 2723 1073 2764 rex
1096 2723 1206 2779 regum.
1251 2705 1333 2779 Papa
1356 2712 1401 2765 est
1422 2723 1457 2764 os

239 2807 311 2866 Jesu
327 2805 433 2867 Christi
449 2807 610 2866 decernens
626 2809 786 2880 spiritualia
809 2816 839 2867 et
861 2811 1047 2883 temporalia,
1072 2812 1224 2884 omniaque
1240 2811 1357 2884 Papae,
1380 2811 1456 2870 Pou-

241 2909 326 2970 tilicis
348 2911 453 2987 Regis,
475 2911 595 2970 decreta
615 2913 729 2988 divina,
750 2914 949 2989 immutabilia,
972 2921 1094 2973 aeterna
1116 2915 1224 2974 sunt‘¹
1268 2915 1353 2973 Talia
1376 2917 1458 2974 dicta

240 3017 292 3076 Pio
314 3017 378 3090 lx,
408 3021 476 3076 tunc
500 3015 593 3076 adhuc
622 3018 698 3092 regi,
723 3017 775 3076 sed
800 3021 862 3092 jam
892 3019 928 3078 de
959 3021 1045 3079 terris
1067 3021 1126 3078 suis
1149 3021 1279 3094 timenti,
1302 3021 1457 3080 immodice

237 3123 416 3196 placuerunt.
471 3122 566 3193 Quare
603 3123 705 3180 horum
746 3123 892 3182 simillima
929 3126 959 3182 in
999 3123 1162 3199 ,Civilitatc
1197 3123 1365 3199 catholica,‘
1397 3143 1457 3198 qua

237 3229 319 3301 quasi
347 3244 491 3302 praecone
518 3243 570 3286 suo
595 3228 741 3303 utebatur,
764 3247 782 3288 a
802 3230 923 3289 Jcsuitis
945 3230 1176 3302 proferebantur.
1223 3229 1373 3303 Quumque
1403 3231 1456 3288 ille

238 3334 325 3391 terris
348 3334 407 3390 suis
425 3335 487 3406 jam
510 3333 648 3406 spoliatus
673 3341 767 3404 esset,
790 3340 855 3394 octo
876 3335 1023 3394 mensibus
1045 3341 1110 3408 post
1131 3335 1279 3394 decretum
1294 3333 1458 3393 infallibili-

239 3437 309 3494 tatis
332 3434 435 3508 dogma
457 3436 489 3494 iu
511 3437 613 3495 eadem
636 3439 824 3510 ephemeride
846 3440 918 3498 haec
933 3441 1044 3514 scripta
1060 3445 1159 3498 erant:
1182 3440 1277 3514 ,Papa
1299 3456 1455 3513 supremus

240 3539 368 3599 civilium
401 3541 497 3612 legum
523 3540 613 3613 judex
647 3547 699 3602 est.
744 3542 778 3598 In
812 3543 875 3616 ipso
906 3551 1029 3617 utraque
1057 3549 1201 3620 potestas,
1232 3545 1390 3618 spiritualis
1424 3551 1458 3602 et

240 3643 402 3717 mundana,
430 3647 463 3701 ut
493 3645 523 3702 iu
552 3645 677 3703 culmine
700 3663 752 3704 suo
778 3649 960 3709 conveniunt.
1004 3650 1136 3722 Namque
1156 3649 1263 3707 Christi
1283 3650 1361 3708 vices
1382 3649 1456 3723 agit,

239 3749 288 3822 qui
317 3764 375 3807 nou
402 3747 486 3807 modo
508 3754 646 3808 aeternus
665 3751 810 3826 pontifex,
838 3769 938 3811 verum
962 3755 1049 3812 etiarn
1072 3769 1123 3812 rex
1145 3771 1247 3828 regum
1270 3759 1301 3813 et
1322 3755 1456 3813 dominus

237 3853 445 3914 dominantium
473 3849 560 3912 est.‘’
610 3854 691 3926 Quae
722 3857 811 3915 verba
838 3857 993 3916 duraturae
1024 3861 1180 3918 memoriae
1213 3865 1289 3918 sunt
1341 3859 1456 3918 Eodem

239 3960 316 4018 euim
339 3976 439 4019 mense
462 3958 665 4033 Doelliugerus
685 3961 793 4034 adjecit
815 3979 851 4021 ea
873 3963 1070 4022 celeberrimis
1090 3965 1208 4038 litteris,
1232 3964 1270 4022 ad
1289 3963 1455 4022 Scherrium

238 4065 404 4138 episcopum
430 4065 614 4124 novissmum
650 4067 731 4125 caeci
759 4065 890 4140 obsequii
920 4067 1083 4142 apostolum
1112 4068 1203 4143 datis,
1234 4069 1271 4127 ad
1301 4085 1376 4142 quae
1405 4069 1455 4126 hic

237 4184 296 4226 nou
310 4169 486 4241 argumentis
501 4169 553 4229 sed
569 4169 631 4230 sola
646 4173 949 4231 excommunicationis
963 4175 1062 4233 nescio
1083 4173 1233 4247 tragoedia
1249 4190 1287 4232 an
1302 4173 1455 4233 comoedia

328 4407 353 4472 1)
371 4407 502 4470 Veuillot,
520 4407 627 4458 illusiou
644 4407 751 4461 liberale
769 4427 795 4475 p.
809 4413 841 4461 86
855 4427 888 4461 rs.
923 4409 961 4462 Ci.
974 4411 1124 4475 Friedrich,
1143 4413 1296 4464 Ceschichto
1315 4411 1359 4464 dea
1377 4413 1454 4466 Vati-

238 4493 373 4558 cauiachen
390 4493 494 4545 Coucilr
511 4511 537 4560 p.
551 4499 610 4546 500.

325 4583 352 4648 i)
371 4581 455 4634 (h'vita
472 4584 591 4634 cattolica
609 4584 633 4634 d.
653 4591 692 4638 18.
711 4601 744 4638 ru.
764 4585 878 4638 Marta.
900 4592 964 4636 1871
986 4605 1011 4653 p.
1027 4593 1087 4642 664.

1577 4275 1579 4346 l

1577 4419 1579 4544 l
