3194 5042
679 318 767 372 Carus
785 319 845 372 VH.
1324 321 1375 374 187

142 520 284 580 stitutum
311 520 443 596 Regibus
471 519 532 580 illis
559 521 743 596 inserviisse,
777 522 808 580 id
835 523 914 599 quod
938 523 1000 599 jam
1027 526 1113 582 antea
1139 541 1157 582 a
1184 523 1377 600 scriptoribus

141 627 381 687 Pmtestantibus
408 628 528 688 adnotat
556 628 789 688 demonstratum
820 647 894 690 esse.
945 631 985 689 At
1011 630 1208 689 conscientiae
1235 631 1378 690 servitute

142 735 392 811 constringendae
415 739 508 795 artem
531 753 616 810 reges
635 735 680 794 illi
704 754 764 796 111
786 737 972 812 invenerant,
995 737 1102 797 iisdem
1123 739 1282 797 utebantur
1304 738 1377 797 diris

141 843 263 919 legibus
284 841 457 921 Papalibus,
481 843 589 920 quibus
610 843 672 919 jam
695 844 794 920 magni
814 843 942 904 Thomas
965 845 1176 904 conscientiam
1198 846 1305 904 misere
1327 846 1377 904 de-

142 955 262 1027 ceptam
294 954 324 1009 et
351 951 536 1009 obscuratam
563 968 630 1010 esse
660 951 798 1010 vidimus.
849 951 955 1029 Neque
982 952 1013 1010 in
1041 952 1186 1028 Hispania
1212 952 1377 1030 Inquisitio,

143 1075 237 1135 qnam
272 1057 356 1133 regni
389 1057 515 1116 Comitia
546 1058 687 1118 acerrime
723 1059 808 1118 initio
840 1058 1067 1136 impugnabant,
1104 1060 1169 1118 sine
1200 1060 1376 1119 Pontificum

143 1164 258 1224 auxilio
276 1183 409 1242 unquam
431 1164 583 1240 viguisset.
629 1165 739 1224 Eodem
759 1185 850 1241 anno,
873 1185 931 1243 quo
949 1167 1100 1226 Lutherus
1122 1171 1286 1241 natusest,
1311 1167 1377 1227 Six-

144 1276 196 1332 tus
219 1271 271 1332 IV.
301 1271 532 1350 Torquemadae,
561 1273 668 1348 Magno
695 1272 868 1351 inquisitori
897 1250 1108 1349 famosissimo,
1135 1275 1172 1332 ad
1200 1274 1378 1350 perficienda

145 1383 269 1439 cruenta
296 1397 384 1456 opera
411 1398 465 1439 sua
492 1381 644 1456 ingentem
671 1399 706 1440 ac
733 1381 817 1458 prius
844 1380 1007 1440 inauditam
1034 1399 1088 1458 per
1110 1381 1270 1458 Hispanias
1296 1387 1377 1458 pote·

146 1491 253 1546 statem
276 1487 365 1547 dedit.
412 1485 490 1560 Quid
517 1488 608 1564 igitur
630 1487 736 1548 Hetele
759 1488 796 1548 de
818 1488 909 1565 Papis
932 1489 1009 1547 nihil
1031 1489 1096 1548 11111
1123 1489 1295 1548 memoravit
1318 1489 1377 1548 nisi

147 1594 332 1673 quorundam
368 1595 485 1654 mitiora
515 1594 661 1654 levissimi
693 1595 831 1672 ponderis
866 1596 1008 1656 consilia?
1055 1595 1133 1670 Quid
1164 1595 1293 1657 nominis
1331 1597 1378 1656 sui

146 1702 319 1762 auctoritate
342 1702 456 1778 adjuvit
477 1701 567 1762 lexici
590 1701 673 1762 illius
701 1703 828 1763 editores
851 1704 888 1763 ad
911 1703 1101 1780 injiciendam
1123 1703 1229 1762 falsam
1252 1703 1378 1763 indoctis

146 1809 307 1870 lectoribus
335 1809 516 1886 opinionem,
549 1809 634 1887 quasi
662 1810 844 1886 permrdtum
877 1811 1033 1871 interesset
1065 1812 1143 1870 inter
1168 1811 1318 1870 11111111
1349 1815 1379 1870 11

147 1917 328 1994 Hispanicae
359 1916 566 1994 inquisitionis
598 1917 746 1976 indolem?
791 1917 898 1978 Nonne
930 1919 1040 1995 optime
1070 1919 1194 1992 sciebat,
1226 1918 1310 1976 illam
1340 1917 1378 1976 ad

147 2025 239 2102 hujus
266 2024 438 2101 exemplum
464 2043 482 2083 1
505 2025 619 2084 0111111
647 2043 681 2085 eo
710 2025 776 2102 ipso
803 2030 934 2102 tempore
961 2025 1058 2084 denuo
1085 2025 1276 2084 constitutam
1303 2041 1378 2098 esse,

148 2150 208 2210 quo
237 2131 398 2190 utilissima
420 2131 523 2208 Populi
551 2132 675 2208 imperio
703 2133 833 2191 facinora
859 2133 1002 2192 conticere
1033 2151 1087 2209 per
1112 2131 1231 2191 ltaliam
1257 2131 1377 2209 incepit,

149 2257 225 2318 quae
247 2238 430 2298 immanitate
450 2238 622 2316 Hispanieis
645 2257 706 2298 noa
728 2240 877 2298 cedebant.
924 2237 1107 2316 Quapropter
1129 2244 1254 2316 utraque
1276 2238 1378 2315 Inqui-

149 2345 266 2406 sitionis
293 2346 399 2420 forma,
432 2345 577 2424 quidquid
604 2347 708 2406 dieunt
736 2345 842 2406 Curiae
869 2345 997 2423 patroni,
1025 2347 1103 2406 inter
1131 2363 1233 2406 omnes
1261 2345 1377 2404 candidi

149 2453 241 2513 animi
272 2453 419 2528 homines,
451 2453 634 2512 Romanismi
666 2453 780 2528 morbo¹
800 2471 860 2512 non
891 2457 1070 2528 occoeoatos,
1108 2452 1379 2513 monstruosissima

149 2561 300 2638 depravati
321 2561 540 2621 Christianismi
559 2559 673 2620 macula
692 2578 809 2638 semper
827 2561 1039 2634 nominabitur,
1062 2561 1128 2638 ipso
1148 2560 1303 2637 ,Terrore‘,
1327 2561 1378 2638 qui

149 2673 283 2744 rocatm,
307 2667 551 2744 ,11-11113111111ι
574 2673 604 2728 11
626 2672 746 2745 propter
768 2668 994 2729 diuturnitatem
1017 2673 1047 2728 et
1069 2674 1189 2746 propter
1211 2669 1379 2728 affectatum

150 2775 327 2836 christianae
345 2775 477 2836 veritatis
500 2779 530 2835 11
547 2775 678 2836 1111111111
701 2776 834 2836 studium
852 2777 1073 2837 monstruosior.
1120 2776 1229 2837 Contra
1246 2781 1379 2836 aeternas

151 2884 319 2944 1111111111
341 2883 590 2958 humanaeleges
613 2901 673 2942 non
695 2883 796 2943 minus
818 2883 840 2942 ii
863 2888 999 2962 peccant,
1027 2884 1078 2961 qui
1101 2884 1308 2960 Inquisitionis
1331 2883 1379 2942 vel

151 2991 300 3050 Romanae
322 2989 371 3050 vel
392 2990 584 3067 Hispanicae,
617 3009 706 3068 quam
733 2990 785 3068 qui
812 2990 900 3049 istius
924 2989 1055 3050 Terrenis
1082 2989 1244 3064 horrorem,
1276 2989 1379 3048 huma-

152 3098 283 3158 nioribus
305 3095 412 3157 animis
436 3098 583 3175 propriam
606 3103 637 3158 et
658 3097 744 3176 quasi
766 3097 943 3171 naturalem,
967 3095 1299 3156 diminuere'studeant.

259 3205 339 3265 Illud
357 3223 425 3264 vero
443 3205 548 3266 Helela
567 3205 711 3282 singulari
729 3204 815 3265 modo
838 3205 955 3264 efficere
972 3208 1107 3279 conatur,
1131 3222 1224 3282 quum
1242 3203 1379 3264 omnibus

152 3318 224 3372 tuuc
256 3312 388 3388 cujusvis
419 3313 614 3373 confessionis
647 3317 677 3372 et
707 3311 827 3390 populis
859 3311 1036 3372 Christianis
1068 3329 1254 3370 communem
1285 3311 1379 3370 fuisse

154 3420 329 3481 sententiam
351 3420 515 3496 contendit,
539 3419 701 3480 haereticos
724 3419 871 3498 supplicio
894 3437 959 3480 esse
981 3418 1161 3479 1111111111.
1207 3419 1248 3478 At
1269 3417 1380 3478 Luthe·

153 3527 311 3588 ursatium
329 3533 496 3606 propterca,
520 3527 598 3606 quod
616 3546 681 3588 eam
703 3527 880 3588 sententiam
898 3526 1086 3605 improbavit,
1109 3525 1219 3587 Leonis
1237 3526 1273 3586 X
1293 3525 1381 3585 Bulla

154 3635 364 3696 condemnatus
395 3641 448 3696 est.
494 3635 554 3696 Res
587 3635 757 3712 spirituales
789 3635 995 3713 spiritualiter,
1027 3653 1087 3694 non
1118 3639 1240 3695 externa
1271 3634 1301 3692 vi
1332 3634 1380 3710 agi

154 3742 255 3802 voluit.
301 3743 428 3803 Posthac
455 3761 515 3804 non
543 3762 660 3821 semper
687 3742 807 3821 quidem
835 3744 892 3804 sibi
919 3743 1052 3804 constitit
1075 3761 1167 3820 quum
1190 3742 1270 3802 enirn
1293 3759 1380 3800 cvan-

155 3850 264 3928 gelicas
283 3849 423 3911 ecclesias
446 3853 534 3911 stab
557 3851 679 3912 asseclis
701 3851 812 3928 Papae,
836 3853 888 3930 qui
911 3856 1012 3912 contra
1035 3849 1180 3928 evangeiii
1199 3849 1381 3910 confessores

156 3958 373 4034 sanguinariam
395 3959 457 4018 vim
479 3959 588 4038 partim
607 3960 670 4036 jam
692 3959 866 4020 adhibuerat
888 3959 996 4046 partim
1018 3958 1220 4032 minitabatur,
1247 3961 1278 4016 et
1299 3975 1317 4014 a
1339 3955 1381 4013 1-

155 4066 260 4126 natieis
283 4067 460 4144 quibusdam
483 4068 735 4146 anabaptistarum
759 4069 862 4144 sectis,
890 4067 1098 4129 bodicmorum
1120 4064 1381 4127 communistarum

156 4173 316 4250 similibus,
343 4175 547 4252 periclitantes
569 4175 722 4236 videreta
744 4176 835 4254 priori
859 4176 1005 4237 sententia
1027 4174 1214 4253 aliquatenus
1236 4170 1381 4231 discessit.

155 4281 376 4359 Magistratibus
394 4283 537 4344 nimirum
559 4284 729 4345 vindicandi
751 4284 783 4343 in
806 4302 868 4360 eos,
892 4285 945 4363 qui
963 4283 1143 4362 perniciosos
1165 4297 1277 4342 errores
1296 4277 1382 4338 semi-

156 4395 272 4466 narent,
295 4391 418 4452 nimiam
440 4397 476 4453 ut
497 4411 552 4453 nos
576 4411 694 4472 quoque
713 4393 882 4470 judicamus
904 4396 1080 4471 potestatem
1101 4389 1212 4451 tribuit.
1257 4385 1383 4447 Verum-

157 4503 254 4558 tamen
272 4498 421 4576 ultimam,
445 4519 503 4579 que
521 4519 539 4560 a
561 4500 671 4561 talibus
689 4503 876 4578 expeteretur
898 4500 991 4561 falsae
1008 4497 1160 4576 religionis
1182 4512 1307 4575 poenam
1323 4511 1383 4553 111

156 4611 279 4667 mortem
306 4625 373 4670 esse
399 4609 506 4686 voluit,
534 4609 586 4669 sed
609 4609 653 4686 id,
681 4607 761 4688 quod
788 4610 897 4670 nostris
925 4607 1028 4669 diebus
1055 4611 1222 4686 postremus
1248 4601 1384 4663 Eburiae
