3156 5056
201 271 253 326 168
684 273 786 324 Pharus
804 273 919 323 Pacorus

206 365 386 372 --·-——-—--
396 365 572 372 .—.—-—-—
582 366 641 372 .-...-
936 363 1095 370 ,ΗΜ-ω-.-
1101 358 1414 368 ,ή--ῳ--υ-

291 488 363 547 Tam
385 488 543 549 immensae
571 489 648 548 orbis
671 487 779 547 eruditi
805 487 922 562 laudea,
956 503 1030 561 qnae
1059 485 1156 544 omnia
1183 483 1415 544 adversariorum

200 593 331 652 convicia
361 593 446 669 longe
480 609 656 670 exsuperare
689 591 876 667 videbantur,
908 591 1023 651 Erasmi
1049 592 1080 649 in
1104 587 1261 664 judicando
1291 605 1322 648 se
1353 588 1415 661 ipso

200 697 386 758 sobrietatem
421 698 589 757 deminuere
622 697 707 757 facile
743 700 908 771 potuerunt.
956 696 1073 755 Putavit
1104 711 1136 754 se
1167 695 1222 752 hoe
1255 692 1415 766 pericnlum

202 801 345 878 effugisse.
378 801 423 861 De
447 819 503 876 qua
525 818 558 862 re
575 801 720 860 Lutherus
742 801 820 860 haud
842 817 959 874 prorsus
980 799 1088 873 inJuria
1110 797 1232 856 furasse
1254 795 1335 870 dixit,
1357 812 1415 856 non

200 911 261 964 tam
289 903 375 965 facile
403 921 481 980 esse,
516 922 602 980 quam
630 905 675 963 illi
704 904 850 980 videatur,
880 904 979 964 mnndi
1006 904 1127 979 gloriam
1156 918 1304 976 spernere.
1357 899 1416 958 Sed

200 1009 353 1069 Ermmum
375 1009 544 1070 tentationis
566 1011 644 1068 illius
666 1009 786 1068 insidias
808 1009 991 1083 perspexisse
1015 1013 1046 1068 et
1059 1007 1177 1066 vincere
1193 1005 1336 1065 studuisse
1352 1019 1416 1063 eer-

200 1119 261 1173 tum
284 1119 337 1174 est.
381 1115 478 1188 Ipsum
501 1113 662 1173 Lutherum
684 1113 785 1188 primis
807 1113 921 1187 litteris,
944 1112 1046 1186 quibus
1068 1112 1144 1170 illius
1167 1107 1335 1170 salutationi
1356 1107 1416 1166 lra-

201 1223 285 1277 ternc
308 1217 481 1294 respondet,
504 1219 624 1277 comiter
646 1218 729 1277 simul
750 1217 901 1292 admonet,
930 1215 1105 1276 servandum
1126 1229 1190 1276 esse
1214 1215 1355 1287 animum,
1377 1229 1415 1273 ne

201 1324 248 1382 vel
272 1323 318 1381 ira
346 1323 392 1380 vel
421 1321 488 1382 odio
510 1324 559 1382 vel
581 1323 673 1396 gloria
694 1327 908 1396 corrumpatur3
940 1337 1008 1379 nam
1029 1322 1103 1380 hanc
1127 1321 1158 1379 in
1180 1318 1276 1379 medio
1298 1318 1418 1392 pietatis

203 1425 299 1486 studio
337 1427 432 1485 solere
459 1426 611 1485 'insidiari
670 1425 807 1485 Extrema
837 1427 914 1484 vitae
948 1429 1046 1484 aetate
1074 1425 1139 1498 plus
1159 1423 1249 1482 semel
1275 1422 1418 1496 deplorat,

203 1529 278 1604 quod
310 1529 380 1588 illud
409 1523 495 1589 tuoe
529 1523 653 1608 βιώσας
685 1531 768 1603 sequi
799 1545 856 1588 non
889 1513 1031 1604 potuerit.¹
1072 1529 1173 1587 Multis
1210 1527 1294 1586 annis
1327 1521 1418 1585 ante¹

199 1635 261 1708 jam
294 1633 437 1708 agnoscit,
470 1635 570 1708 ,longe
600 1634 665 1707 plue
693 1634 827 1692 utilitatis
855 1633 910 1692 sibi
937 1633 1076 1693 allaturos
1106 1631 1196 1692 fuisse
1223 1631 1293 1689 dnos
1320 1635 1417 1688 tresve

204 1734 277 1796 fidos
311 1737 467 1796 monitores
509 1752 593 1810 quam
633 1737 724 1795 multa
761 1737 937 1796 laudantium
966 1735 1080 1797 millia.‘
1137 1735 1177 1795 Et
1219 1734 1321 1794 eodem
1354 1733 1417 1793 iere

204 1847 336 1914 tempore
368 1841 494 1916 fatetur,
528 1857 559 1899 se
589 1841 658 1899 olim
685 1843 823 1914 iuvenem
852 1840 967 1901 duxisse
998 1842 1149 1915 pulchrum
1182 1856 1245 1900 esse
1267 1837 1380 1898 laudari
1400 1855 1421 1896 a

203 1945 274 2004 viris
305 1945 446 2020 laudatis,
483 1961 582 2004 verum
618 1945 667 2004 ubi
704 1961 878 2020 cognoscere
907 1946 1051 2020 coeperit,
1087 1961 1172 2019 quam
1201 1946 1352 2005 molestum
1382 1942 1421 2001 sit

205 2066 278 2109 onus
310 2047 401 2124 lama,
435 2050 508 2108 nihil
537 2049 629 2122 magis
656 2065 688 2109 se
715 2050 746 2107 in
774 2049 851 2108 votis
876 2049 1012 2110 habuisse
1048 2065 1135 2124 quam
1163 2065 1246 2124 eam,
1275 2049 1421 2118 siliceat,

205 2159 295 2213 totam
318 2153 455 2229 abjicere.
500 2154 598 2228 ,Quod
620 2153 749 2229 animal,‘
772 2155 879 2229 inquit,
900 2169 960 2229 ,me
983 2155 1053 2213 vivit
1074 2154 1232 2229 infelicius,
1256 2154 1280 2212 si
1302 2169 1355 2228 pro
1377 2156 1423 2210 tot

205 2258 353 2318 exhaustis
380 2259 527 2319 laboribus
558 2258 629 2317 nihil
657 2259 735 2318 aliud
761 2259 904 2318 mercedis
935 2259 1049 2333 refero,
1079 2275 1164 2333 quam
1186 2259 1293 2318 famam
1313 2258 1345 2316 in
1366 2257 1422 2315 hoc

206 2364 316 2438 seculo,
348 2379 423 2437 quae
456 2369 537 2423 tanto
568 2365 633 2438 plus
665 2363 756 2422 habet
788 2365 867 2423 alode
899 2381 985 2437 quam
1022 2364 1130 2439 mellis,
1160 2364 1185 2421 si
1223 2361 1294 2437 quid
1324 2367 1423 2422 umen

205 2467 319 2527 omnino
343 2468 437 2526 mellis
458 2466 567 2526 habet‘
611 2466 701 2526 Addit
723 2469 886 2542 ,neminem
907 2468 1027 2542 probum
1052 2469 1096 2526 sni
1116 2469 1243 2542 jndicem
1267 2483 1345 2539 esse,
1368 2465 1421 2524 sed

205 2571 305 2646 probis
329 2570 473 2644 jndicibus
500 2571 622 2645 probare
653 2589 685 2631 se
707 2589 791 2646 posse
815 2571 900 2632 iactis
923 2574 1095 2648 arbitratur,
1116 2573 1252 2632 laudibus
1274 2586 1422 2645 nunquam

207 2689 383 2750 magnopere
407 2693 437 2736 se
471 2691 536 2736 esse
565 2675 758 2750 delectatum,
793 2677 952 2737 immodicis
985 2695 1100 2752 semper
1126 2679 1215 2738 etiam
1243 2670 1424 2736 offensum.‘³

205 2779 325 2838 Revera
347 2779 487 2853 ejusmodi
504 2780 605 2840 laudes
627 2782 673 2839 vel
696 2781 787 2840 attica
808 2783 974 2842 urbanitate
996 2783 1043 2841 vel
1065 2783 1199 2856 graviore
1221 2781 1424 2856 increpatione

207 2885 376 2959 saepissime
392 2886 516 2958 repellit.
546 2887 594 2946 Sic
609 2885 818 2945 nobilissimum
833 2888 926 2946 virum
946 2904 1068 2962 eumque
1084 2902 1175 2961 usque
1190 2887 1228 2946 ad
1242 2887 1321 2945 vitae
1335 2883 1425 2944 finem

210 2988 265 3049 eibi
288 2988 556 3064 familiarissimum,
579 2990 746 3050 Udalricum
769 2991 882 3050 Zasium
901 2992 976 3067 juris
998 2993 1122 3065 peritum
1143 2991 1235 3050 amice
1259 2991 1426 3064 objurgans,

209 3095 258 3170 ‚Ut
280 3095 383 3154 missas
405 3093 529 3170 faciam,‘
548 3096 650 3171 inquit,
673 3096 761 3170 ‚istas
783 3097 911 3172 delicias,
934 3097 1037 3170 quibus
1060 3096 1234 3170 apudltalos
1248 3096 1331 3170 vulgo
1346 3093 1427 3153 docti

209 3215 274 3259 sese
298 3199 430 3259 delenire
452 3205 678 3274 consueverunt,
702 3201 753 3260 sed
774 3207 808 3260 nt
828 3202 912 3260 homo
928 3201 1090 3261 Germanus
1109 3218 1174 3259 cum
1191 3199 1337 3259 Germano
1358 3214 1427 3272 ger-

209 3319 297 3362 mana
319 3304 371 3362 illa
393 3309 424 3363 et
445 3305 569 3378 simplici
591 3305 714 3364 veritate
738 3322 839 3380 agam,
867 3308 931 3380 ipse
954 3322 1000 3364 me
1020 3322 1101 3380 meo,
1128 3304 1204 3379 quod
1224 3307 1322 3378 ajunt,
1349 3302 1426 3378 pede

213 3407 328 3477 metior,
347 3411 378 3464 ot
401 3409 477 3482 novi,
501 3409 640 3482 quamsit
661 3409 731 3466 mihi
755 3415 838 3468 curta
860 3410 1009 3484 supellex,
1029 3416 1142 3469 tantum
1163 3410 1255 3484 abest,
1277 3413 1310 3466 nt
1324 3407 1427 3468 laudes

212 3525 384 3585 agnoscam,
407 3529 478 3584 quas
500 3517 531 3570 tu
553 3513 624 3571 mihi
645 3511 792 3571 tribuis.‘⁴
826 3513 904 3573 Alibi
924 3519 1075 3588 postquam
1099 3514 1221 3573 eundem
1243 3513 1428 3586 vituperavit,

211 3615 288 3689 quod
318 3614 473 3674 secundum
498 3615 640 3676 Graecum
666 3617 852 3690 proverbium
884 3635 920 3678 ex
946 3635 1044 3678 musea
1066 3635 1097 3678 se
1120 3619 1210 3676 iaciat
1232 3615 1428 3691 elephantum,

212 3720 293 3779 addit
326 3725 482 3780 tamense
510 3721 610 3782 lavere
637 3721 807 3795 simulacro,
841 3740 898 3796 quo
924 3739 955 3782 se
986 3723 1125 3798 depingat
1153 3724 1306 3798 praeclare
1335 3722 1429 3794 magis

212 3841 298 3898 quarn
329 3829 410 3900 apte,
440 3825 530 3884 veluti
558 3826 723 3901 eiApelles
752 3828 893 3901 quispiam
924 3829 1072 3903 egregiam
1094 3829 1139 3886 sui
1160 3828 1301 3902 picturam
1323 3842 1429 3899 propo

212 3935 281 4004 nat,
311 3930 365 3989 sed
393 3947 468 4003 quac
499 3931 536 3990 ad
563 3933 712 4006 exemplar
733 3949 789 3991 non
812 3929 1029 4007 respondeat*
1072 3931 1205 4006 Denique
1227 3930 1330 3990 eodem
1352 3945 1430 3988 anno

302 4229 329 4297 1)
348 4229 379 4280 1).
398 4235 440 4281 ao.
458 4231 523 4294 niuji
542 4247 564 4284 a.
586 4235 665 4282 aare.

301 4317 328 4383 1)
350 4318 381 4370 Δ.
402 4322 478 4370 abac.
515 4317 552 4368 Gi.
570 4318 675 4380 Ranke,
694 4319 821 4368 Deutsche
838 4319 991 4370 Garchichte
1011 4327 1058 4372 etc.
1079 4319 1119 4372 ed.
1137 4320 1170 4382 V,
1189 4319 1241 4370 rol.
1252 4318 1273 4372 Ι,
1292 4335 1317 4382 p.
1330 4322 1387 4373 180.

300 4406 328 4471 ³)
347 4405 417 4472 Epp.
438 4404 519 4468 XIX,
540 4411 581 4457 91.
600 4405 640 4456 Ad
658 4405 770 4456 Beddam
792 4411 869 4460 152⁵.

303 4491 331 4555 4)
349 4493 381 4544 D.
400 4495 441 4546 aa.
461 4490 533 4555 Sept.
549 4509 571 4544 a.
593 4497 669 4543 1514.
687 4491 766 4558 (apud
784 4492 911 4548 clericum
929 4493 956 4543 in
974 4493 1135 4562 appendice).

302 4577 330 4644 ⁵)
348 4577 380 4626 D.
400 4581 442 4632 18.
460 4578 527 4646 Aug.
549 4582 624 4632 1518.
