3202 5058
233 294 266 351 16
703 291 806 346 Pueris
832 287 947 346 Pelorus

231 513 369 572 effectura
393 519 476 571 esset.
528 511 591 569 Hac
620 510 676 570 fide
702 512 740 570 ad
767 511 906 569 Hostium
933 511 1064 586 scripsit,
1095 515 1135 584 ‚si
1165 529 1241 572 nunc
1275 515 1448 574 occasiones
1527 567 1558 603 ,
1581 573 1591 604 ,

229 617 436 691 perderentur,
461 616 577 688 publica
596 617 703 690 gaudia
726 616 819 674 adhuc
841 617 873 674 in
894 618 1003 688 aliquot
1026 619 1127 675 secula
1145 617 1274 676 differri!
1538 593 1578 708 ’,Η

318 721 481 796 Quaesitor,
514 721 582 794 quid
615 721 653 779 de
685 721 740 778 hac
767 737 833 794 spe,
867 736 954 793 quam
982 727 1080 780 tanum
1112 723 1157 780 sir
1187 727 1248 780 tarn
1276 729 1447 782 constanter

230 833 331 886 tenere
353 843 439 885 ausus
462 833 524 899 est,
542 824 727 898 judicandum
750 827 795 882 sit
832 825 877 883 Ea
892 825 1022 900 quidem,
1041 843 1128 899 quam
1142 827 1197 885 sibi
1212 825 1304 901 finxit,
1326 830 1446 888 ratione
1534 879 1553 890 ..

228 947 373 1004 nunquam
391 929 457 1004 iiet,
479 929 555 1002 quod
574 935 670 988 mente
691 929 867 1002 anticipavit
911 929 979 988 Iure
1002 929 1153 1005 miramur,
1177 931 1253 1004 quod
1274 932 1329 989 tali
1351 932 1446 992 libero
1536 983 1554 1027 t

229 1035 361 1109 concilio,
391 1033 467 1108 quod
489 1035 586 1091 seculo
619 1033 834 1091 decimosexto
857 1033 1026 1091 nobilissimi
1048 1036 1153 1107 quique
1176 1036 1326 1108 utriusque
1351 1037 1447 1110 partis

228 1141 282 1198 viri
304 1140 412 1198 frustra
431 1137 660 1212 postulaverant,
681 1153 742 1195 rem
764 1139 854 1196 multo
876 1143 941 1211 post
963 1137 1074 1196 absolvi
1095 1140 1234 1213 voluerit,
1257 1141 1340 1212 quasi
1362 1157 1445 1216 vero,

228 1244 365 1318 quidquid
394 1248 462 1301 tunc
490 1241 655 1316 neglectum
684 1241 798 1316 iuerat,
826 1240 929 1300 iisdem
957 1243 1063 1300 mutuis
1090 1244 1339 1319 concessionibus,
1366 1261 1445 1318 quae

228 1357 296 1408 tunc
326 1349 448 1406 fortasse
478 1345 671 1421 suffecissent,
699 1347 794 1418 repeti
817 1363 852 1404 ac
874 1347 1002 1420 suppleri
1024 1365 1149 1422 unquam
1172 1355 1278 1422 posset
1323 1347 1382 1407 Sed
1404 1350 1444 1408 ab
1549 1319 1591 1448 ἶ

227 1455 282 1511 hoc
315 1467 414 1511 errore
444 1467 549 1524 magna
578 1449 631 1508 illa
658 1465 741 1524 spes,
773 1467 859 1523 quam
887 1450 1072 1524 philosophus
1104 1453 1296 1526 sequebatur,
1328 1455 1444 1527 sejungi
1548 1433 1577 1460 ‘⁴'

228 1562 332 1632 potest
380 1555 460 1626 Quae
486 1555 511 1613 si
542 1560 623 1613 recte
655 1554 834 1629 intellegitur
864 1555 953 1627 ipsius
987 1555 1163 1615 christianae
1192 1554 1261 1616 fidei
1289 1575 1357 1631 pars
1388 1565 1443 1620 est.
1570 1535 1576 1566 ᾖ

230 1661 292 1733 Quo
321 1661 427 1720 certius
457 1659 533 1718 enirn
555 1659 619 1731 quis
641 1658 735 1717 credit
756 1659 788 1717 in
808 1660 868 1717 solo
891 1658 1004 1718 Christo
1027 1677 1093 1719 esse
1115 1661 1231 1720 divinae
1258 1662 1392 1722 veritads
1413 1671 1445 1722 et
1558 1721 1575 1740 ,,

230 1767 306 1824 vitae
328 1764 550 1838 plenitudinem,
574 1779 609 1822 eo
624 1764 859 1836 eorumquoque
875 1764 1003 1839 tenebit,
1026 1763 1171 1824 Christum
1187 1767 1271 1842 velle,
1295 1773 1328 1824 ut
1342 1784 1443 1826 omnes
1560 1734 1584 1836 ”i

229 1887 298 1928 vere
325 1867 477 1928 credentes
506 1885 594 1926 unum
616 1869 689 1942 sint,
711 1868 797 1940 idque
821 1885 878 1926 nou
901 1868 975 1927 falsa
997 1869 1049 1927 illa
1071 1871 1195 1944 unitate,
1222 1887 1297 1943 quae
1320 1878 1444 1931 externa
1558 1845 1584 1954 ξ’

229 1975 258 2034 vi
286 1981 317 2034 et
339 1973 470 2033 veritatis
489 1973 625 2046 neglectu
646 1973 692 2032 vel
721 1973 907 2046 oppressione
930 1973 1085 2048 obtinetur,
1107 1992 1208 2034 verum
1230 1977 1298 2050 tali,
1325 1978 1443 2049 qualem
1558 1955 1591 1994 '⁷³

228 2080 390 2140 Lcibuitins
418 2084 484 2153 post
516 2078 614 2136 secula
646 2078 811 2137 restitutum
839 2078 876 2136 iri
905 2077 1036 2137 credidit
1090 2079 1125 2137 Id
1153 2097 1266 2152 quoque
1290 2087 1372 2139 recte
1392 2081 1442 2140 hic
1555 2059 1586 2097 '²

227 2187 314 2260 vidit,
337 2184 473 2258 quamdiu
495 2183 710 2242 desideraretur
732 2198 802 2240 vera
824 2181 875 2240 ille
898 2183 1008 2257 unitas,
1032 2182 1259 2242 Christianorum
1289 2185 1442 2244 discordiis

227 2291 268 2352 ali
306 2291 520 2364 scepticismum
555 2295 586 2346 et
618 2287 864 2360 incredulitatem,
906 2287 1050 2346 retardari
1081 2289 1223 2362 evangelii
1254 2307 1308 2362 per
1340 2306 1441 2350 omnes

227 2397 345 2469 populos
360 2394 610 2467 propagationem,
632 2391 779 2464 prohiberi
803 2407 876 2466 eam,
892 2407 966 2464 quae
983 2391 1157 2451 christianae
1172 2395 1305 2466 religioni
1321 2411 1441 2468 respon-

227 2500 327 2573 deret,
358 2499 483 2556 omniurn
506 2497 622 2568 spiritus
644 2502 674 2554 et
701 2495 811 2569 ingenii
832 2496 971 2554 bonorum
993 2499 1229 2556 communionem.
1275 2498 1357 2569 Quod
1380 2501 1440 2557 sin-

152 2648 154 2651 .
228 2605 304 2662 ceris
323 2601 491 2660 Christianis
513 2616 627 2673 semper
649 2616 713 2656 curn
734 2601 822 2658 animi
842 2601 940 2659 dolore
963 2607 994 2660 et
1015 2603 1172 2660 communis
1194 2604 1320 2661 omnium
1336 2605 1440 2678 culpae

228 2708 368 2768 memoria
394 2705 631 2765 considerandum
660 2720 724 2763 esse
750 2705 899 2780 judicavit.
944 2705 1040 2776 Quare
1064 2708 1153 2766 etiam
1175 2709 1205 2764 in
1228 2709 1280 2782 iis,
1303 2725 1377 2781 quae
1401 2709 1439 2768 de

227 2811 426 2872 restituendae
460 2810 580 2869 unitatis
615 2811 728 2868 ratione
761 2811 926 2884 proposuit,
958 2811 1145 2884 gravissimae
1176 2813 1306 2870 veritatis
1330 2813 1437 2885 aliquid

228 2920 324 2978 inesse
347 2922 476 2990 apparet.
520 2913 641 2987 Utrique
664 2915 798 2973 nimirum
820 2915 897 2987 parti
920 2931 973 2972 sua
994 2916 1117 2987 primurn
1134 2916 1239 2974 damna
1254 2917 1439 2990 agnoscenda

228 3031 258 3082 et
286 3023 440 3096 adjuvante
471 3019 535 3078 Deo
561 3019 691 3078 sananda
718 3035 782 3078 esse
812 3020 930 3077 monuit.
975 3018 1057 3090 Quod
1085 3037 1141 3092 qno
1163 3022 1304 3079 sincerius
1327 3027 1359 3079 ct
1380 3031 1440 3080 stu-

226 3130 334 3189 diosius
367 3125 469 3202 fieret,
504 3142 538 3184 eo
571 3125 683 3184 facilius
715 3123 859 3198 quondam
884 3123 962 3198 fore,
997 3131 1028 3182 ut
1064 3125 1246 3184 increscente
1280 3126 1441 3186 christiana

227 3237 348 3295 cariwte
379 3239 410 3292 et
439 3232 623 3292 fraternitate
655 3231 753 3289 sanior
776 3237 806 3289 et
827 3226 985 3304 perfectior
1007 3229 1149 3302 quaedam
1180 3231 1322 3289 ecclesiae
1346 3231 1441 3290 forma

227 3341 358 3412 daretur,
382 3337 418 3396 ad
440 3354 526 3409 quarn
547 3337 689 3394 alterutra
709 3351 777 3409 pars
800 3336 929 3409 ,integra
944 3335 1122 3392 conscientia
1138 3341 1168 3392 et
1183 3335 1296 3409 integro
1310 3335 1440 3394 honore‘

226 3442 366 3502 accedere
388 3447 494 3514 posset.
539 3439 631 3510 Quam
653 3440 900 3512 exspectationem
916 3437 1094 3512 Lcibuitins,
1116 3456 1204 3511 quum
1226 3455 1283 3496 non
1303 3440 1334 3496 iu
1353 3455 1441 3512 prae-

226 3548 302 3606 senti
333 3544 385 3604 sed
412 3544 534 3603 fortasse
562 3551 627 3616 post
650 3545 749 3602 secula
775 3542 890 3601 demum
911 3544 1024 3615 impleri
1045 3559 1109 3600 eam
1132 3559 1216 3615 posse
1239 3544 1442 3618 intellexisset,

225 3653 256 3710 in
288 3656 373 3710 coetu
403 3649 525 3722 quodam
559 3648 787 3722 ,theophilorum
829 3646 1022 3706 eruditorum‘
1055 3649 1178 3704 retineri
1212 3654 1241 3706 et
1276 3651 1442 3720 promoveri

225 3757 327 3831 voluit,
349 3771 430 3828 spem
452 3753 601 3813 meliorum
625 3759 800 3826 temporum,
828 3768 911 3824 quam
931 3751 1053 3824 Speneri
1076 3752 1160 3809 amici
1183 3753 1261 3810 inter
1292 3754 1441 3824 evangeli-

226 3879 274 3922 cos
297 3867 478 3936 sparserant,
498 3875 549 3916 suo
572 3857 654 3916 modo
677 3857 882 3930 interpretans.
919 3888 930 3904 ·

313 3967 414 4026 Talem
447 3981 528 4038 spem
562 3963 649 4022 eliam
682 3963 761 4021 inter
796 3967 912 4020 nostrae
940 3962 1045 4019 aetatis
1074 3961 1175 4020 turbas
1207 3959 1441 4034 amplectendam

224 4069 401 4148 profitemur.
447 4069 577 4128 Christus
600 4067 735 4126 mnndum
760 4082 874 4139 semper
895 4065 949 4124 sibi
969 4065 1103 4124 hostilem
1126 4065 1188 4124 lore
1211 4065 1364 4139 praedixit,
1387 4067 1442 4124 sed

224 4191 369 4248 nunquam
391 4180 450 4233 tam
473 4179 637 4247 potentem,
660 4179 693 4229 ut
713 4173 758 4230 sui
781 4171 864 4244 regni
887 4171 1160 4228 consummationem
1173 4169 1315 4242 impedire
1334 4177 1441 4242 posset

226 4279 314 4354 Cujus
354 4279 492 4337 victoriae
525 4277 620 4338 finalis
650 4278 732 4350 quasi
769 4275 921 4350 praeludia
950 4277 981 4335 in
1011 4275 1153 4334 ecclesiae
1181 4273 1303 4334 historia
1330 4275 1441 4347 passim

225 4384 487 4446 animadvertimus.
537 4383 597 4441 Nos
619 4389 718 4440 nostro
737 4388 867 4454 ternpore
889 4379 954 4453 plus
976 4380 1067 4439 semel
1089 4395 1154 4453 res,
1182 4379 1219 4438 de
1241 4377 1346 4452 quibus
1363 4381 1442 4452 jam-

224 4491 330 4552 dudum
360 4487 474 4563 plurimi
508 4486 750 4561 desperaverant,
782 4484 819 4543 ed
849 4483 936 4544 linem
969 4483 1122 4557 perductas
1152 4483 1290 4542 videmus.
1340 4483 1440 4542 Aedes

224 4595 397 4656 cathedralis
427 4591 621 4666 Coloniensis,
656 4608 710 4666 per
749 4595 795 4650 tot
821 4589 920 4649 secula
947 4587 1120 4663 imperfecta
1160 4595 1190 4646 et
1216 4588 1317 4646 ruinae
1346 4588 1441 4646 instar
