3194 5042
724 327 811 382 Carus
829 329 862 381 V.
1356 333 1407 386 165

180 528 236 587 etsi
259 527 311 605 qui
334 527 425 587 libros
449 529 514 605 ejus
538 527 602 588 sine
626 527 769 606 singulari
793 529 889 606 ipsius
911 529 1010 608 Papae
1032 531 1180 609 permissu
1203 532 1341 609 legerint,
1370 551 1408 593 err

181 634 343 694 Clementis
366 635 449 695 VIII.
487 636 698 696 constitutione
734 638 1047 698 excommunicationis
1082 657 1208 716 poenam
1243 641 1407 717 incurrunt,

179 749 279 803 tamen
315 761 368 819 per
399 743 503 803 Italiae
534 743 609 802 fines
640 747 701 803 tam
733 744 793 804 late
824 749 960 821 vagatur,
996 751 1031 804 ut
1062 747 1148 824 quasi
1179 765 1213 806 eo
1244 748 1408 824 inspirante

179 850 338 910 clarissimi
371 851 482 928 quique
513 851 546 910 iu
577 852 647 911 novi
674 853 758 929 regni
786 853 914 912 comitiis
942 857 1070 914 oratores
1098 853 1181 932 loqui
1208 855 1288 914 haud
1315 855 1408 916 semel

178 957 236 1017 visi
260 957 328 1017 siut
374 957 409 1016 Id
433 959 470 1018 de
492 959 678 1034 gravissimis
700 960 830 1020 maxime
853 959 1117 1038 disceptationibus
1135 961 1274 1037 dixerim,
1299 963 1407 1040 quibus

179 1065 242 1124 illic
269 1065 360 1140 hujus
388 1065 481 1124 seculi
508 1065 580 1124 anni
603 1066 700 1143 quinti
723 1071 753 1126 et
775 1067 987 1144 septuagesimi
1010 1086 1112 1128 mense
1134 1068 1211 1146 hiajo
1233 1069 1308 1128 ratio
1330 1069 1408 1130 inter

179 1172 328 1232 civitatem
356 1175 387 1232 11
414 1173 571 1233 ecclesiam
600 1174 743 1233 servanda
770 1173 880 1250 agitata
907 1181 961 1236 est.
1013 1174 1200 1236 Gennaniam
1228 1177 1309 1236 enlm
1336 1195 1408 1255 quo-

178 1279 333 1339 dammodo
363 1280 573 1340 commiserans
601 1280 900 1342 1111111111
926 1282 1042 1342 nullam
1069 1283 1175 1343 habere
1202 1283 1239 1343 de
1265 1284 1407 1361 religione

179 1388 382 1465 quaestionem
405 1388 549 1465 gloriatus
572 1392 631 1465 est;
656 1406 688 1448 11
710 1406 799 1449 11111
822 1390 874 1467 qui
893 1389 970 1449 serio
989 1407 1023 1449 ea
1041 1390 1241 1451 inflammetur
1258 1393 1408 1452 neminem

179 1495 227 1555 vel
254 1496 332 1556 inter
358 1497 438 1556 vlrcs
466 1513 615 1556 sacrorum
642 1495 929 1572 negligentissimos,
957 1497 1006 1558 vel
1032 1497 1110 1558 inter
1132 1499 1322 1560 orthodoxiae
1345 1505 1407 1559 stu-

179 1603 371 1663 diosissimos.
419 1603 475 1663 Cui
498 1603 662 1664 sententiae
684 1603 774 1664 etiam
797 1622 830 1664 11
852 1604 932 1682 11111
955 1605 1126 1694 adhaerere,
1149 1606 1290 1667 acenime
1308 1607 1407 1667 statim

179 1711 308 1771 Victoris
326 1711 519 1771 Immanuelis
537 1710 667 1771 Ministri
685 1711 916 1772 declaravemrnt
952 1712 1001 1773 Ex
1018 1701 1068 1773 hic
1086 1713 1283 1790 Minghettus,
1301 1715 1407 1774 miram

178 1837 249 1895 prae
282 1837 314 1878 se
340 1819 440 1880 ferens
467 1818 645 1880 oblivionem
673 1837 742 1880 cum
769 1819 886 1895 Polybii
913 1819 950 1880 de
977 1821 1126 1881 veteribus
1154 1821 1296 1882 Romanis
1323 1821 1407 1882 testi·

178 1926 282 2000 monii,
315 1931 379 1985 tum
411 1926 639 1987 christianorum
670 1931 835 2002 martynrm
867 1931 897 1986 et
929 1928 1117 2006 antiquorum
1145 1933 1176 1988 et
1202 1929 1406 2004 recentiorum,

179 2034 226 2093 sui
255 2051 287 2094 se
314 2033 418 2111 populi
440 2034 564 2093 historia
586 2035 723 2094 edoctum
746 2051 812 2094 esse
834 2034 1005 2110 affirmavit,
1032 2053 1186 2113 nunquam
1208 2036 1296 2094 illum
1317 2037 1406 2096 rebus

178 2141 215 2200 ad
246 2141 419 2217 religionem
450 2141 667 2218 pertinentibus
699 2141 785 2202 valde
816 2141 958 2202 affectum
990 2159 1063 2203 1111.
1118 2142 1211 2202 Immo
1243 2143 1405 2220 Bonghius,

178 2248 226 2308 cui
249 2248 393 2308 educandi
416 2253 446 2308 et
467 2249 644 2308 instituendi
666 2249 770 2326 populi
793 2267 864 2308 cura
885 2253 958 2309 tunc
980 2268 998 2309 a
1019 2249 1101 2326 Rege
1123 2250 1280 2310 commissa
1301 2251 1406 2326 fuerat,

179 2355 383 2432 hujuscemodi
405 2357 494 2416 verba
516 2355 602 2416 edere
624 2374 685 2416 non
707 2356 866 2416 dubitavit:
891 2356 1006 2432 ,Iidem
1028 2375 1125 2435 neque
1147 2357 1289 2418 habemus
1308 2375 1406 2436 neque

178 2463 391 2540 desideramus3
416 2463 478 2540 jam
505 2463 537 2522 id
563 2463 663 2541 ipsum
691 2464 770 2542 quod
796 2453 957 2524 invitamur
983 2465 1021 2524 ad
1047 2465 1226 2524 credendum
1253 2465 1346 2526 efficit
1372 2470 1407 2525 ut

178 2571 297 2631 credere
328 2571 412 2631 nullo
443 2576 529 2648 pacto
562 2570 737 2649 possimus.1
785 2570 853 2630 Non
884 2571 944 2632 fide
970 2572 1069 2650 aliqua
1095 2571 1259 2632 Romanam
1287 2572 1406 2632 Curiam

178 2679 384 2756 superabimus
412 2679 463 2739 sed
491 2679 697 2756 progrediente
723 2678 891 2755 intellectu,
919 2679 984 2758 qut,
1010 2679 1082 2739 dum
1104 2679 1295 2757 gradssimas
1318 2699 1405 2758 quae-

178 2787 290 2847 stiones
313 2804 373 2846 non
396 2785 604 2864 perhorrescit,
632 2788 743 2864 optimo
766 2787 852 2865 quasi
876 2787 954 2848 socio
976 2787 1070 2848 utitur
1091 2806 1198 2864 magno
1220 2787 1273 2848 illo
1295 2788 1406 2848 animo·

177 2913 243 2954 rum
271 2895 309 2954 ad
335 2893 577 2972 pervestigandae
604 2912 652 2954 res
675 2895 849 2971 instigatore
872 2895 1071 2972 scepticismo,
1100 2913 1189 2973 quern
1211 2899 1272 2954 tarn
1294 2895 1406 2972 injuste

177 3003 344 3080 ritrrperare
367 3001 479 3062 solent‘

283 3109 397 3170 Verum
418 3109 495 3170 tales
517 3109 574 3168 viri
596 3108 677 3182 Itali,
706 3126 885 3186 quamquam
907 3127 946 3169 ex
967 3112 1050 3185 parte
1072 3108 1164 3169 nobili
1186 3107 1406 3184 cognoscendae

176 3218 308 3278 veritatis
337 3217 434 3278 studio
461 3217 577 3292 ardent,
604 3234 664 3276 non
690 3215 776 3274 aliter
802 3220 891 3294 atque
913 3219 1059 3276 nostrates
1082 3215 1220 3276 similiter
1242 3215 1404 3275 sentientes

176 3324 264 3384 inviti
288 3325 405 3400 Curiae,
434 3343 522 3404 quarn
551 3327 736 3402 oppugnant,
764 3323 932 3383 administri
954 3329 1032 3383 sunt.
1079 3321 1177 3398 Quum
1199 3321 1278 3382 enim
1300 3340 1405 3382 rerum

177 3431 331 3492 Christum
358 3451 426 3492 curn
448 3451 540 3510 regno
563 3450 617 3492 suo
640 3431 811 3508 ignorantes
834 3429 1008 3507 neglegunt,
1036 3430 1126 3490 Pilati
1148 3429 1243 3490 instar
1265 3429 1304 3490 iis
1325 3429 1404 3490 viam

176 3544 325 3616 sternunt,
353 3540 405 3618 qui
431 3558 517 3600 coeco
544 3539 611 3599 odio
637 3539 796 3616 flagrantes
823 3538 932 3598 iterum
954 3556 1022 3598 eum
1045 3537 1222 3614 crucifigunt
1243 3537 1355 3616 quique
1378 3539 1404 3598 si

175 3647 301 3726 imperio
332 3648 509 3726 potirentur,
546 3646 646 3706 omnia
676 3645 778 3706 divina
808 3649 897 3724 atque
928 3645 1057 3706 humana
1088 3645 1313 3724 permiscentes,
1344 3663 1404 3704 111

175 3760 293 3814 tantum
314 3755 462 3815 Lutetiam
491 3754 542 3814 sed
569 3771 672 3814 omnes
695 3771 817 3831 magnas
838 3753 975 3831 Europae
998 3753 1097 3830 urbes,
1125 3771 1185 3813 non
1207 3752 1294 3812 aliter
1316 3769 1404 3829 quam

176 3863 326 3941 quondam
347 3862 524 3921 iudaeorum
552 3861 663 3922 zelatae
685 3865 774 3939 atque
797 3861 895 3920 sicarii
918 3860 1123 3936 Hierosolyma
1144 3879 1162 3918 a
1184 3859 1325 3920 Romanis
1348 3857 1404 3918 cir-

176 3971 326 4045 cumdata,
358 3969 566 4046 sanguinibus,
598 3968 758 4044 inoendiis,
785 3967 881 4028 ruinis
908 3967 1074 4046 implerent.
1126 3965 1210 4040 Quod
1237 3965 1404 4044 periculum

176 4077 265 4136 multi
287 4077 500 4154 perspicientes
522 4077 567 4153 id,
590 4077 670 4155 quod
692 4075 950 4136 antichristianum
972 4075 1005 4134 in
1027 4074 1158 4134 Romana
1177 4073 1266 4134 Curia
1287 4078 1345 4149 est,
1369 4092 1403 4134 eo

177 4185 295 4246 facilius
321 4185 572 4262 praetermittrmt,
601 4203 660 4262 quo
686 4184 793 4244 lortius
820 4183 903 4244 illam
931 4185 1011 4243 certa
1038 4182 1181 4260 quaedam
1208 4181 1403 4241 humanarum

176 4311 275 4352 rerum
311 4293 502 4353 fundamenta
532 4292 610 4352 tueri
641 4291 829 4369 intellegunt.
883 4291 946 4350 Alii
976 4307 1059 4366 vero,
1096 4290 1210 4352 sincero
1241 4288 1339 4348 animo
1370 4288 1403 4348 in

284 4539 311 4607 1)
329 4537 354 4593 Il
372 4537 427 4593 solo
447 4537 616 4592 domandaroi
636 4537 663 4591 di
681 4551 770 4590 essere
789 4535 908 4591 credenti
922 4535 947 4590 ci
960 4535 1041 4590 rende
1055 4533 1218 4604 impossihile
1231 4533 1252 4588 il
1266 4533 1402 4588 divenirlo.

178 4626 215 4682 Cf.
234 4627 320 4682 Witte
339 4627 367 4682 in
384 4626 563 4682 Hillebrand's
582 4625 685 4697 ,Italia‘
703 4625 731 4678 lI
750 4624 810 4680 223.
