3188 5086
227 307 279 366 116
711 311 813 366 Pnnrrs
833 313 950 365 Paroraia

224 523 313 582 multo
342 528 407 598 post
433 523 625 598 Hieronymus
655 525 767 584 locutus
796 530 853 585 est:
884 524 981 599 ,Vobis
1013 530 1125 584 certum
1145 529 1191 585 est
1212 540 1259 583 me
1288 526 1387 599 iniqua
1411 529 1443 582 et

224 628 349 702 maligne
378 627 590 703 condemnare,
621 629 700 687 nulla
729 645 803 687 noxa
832 630 987 688 etiamnum
1015 631 1142 689 inventa.
1191 629 1254 704 Ego
1284 645 1353 688 vero
1375 633 1443 702 post

223 729 284 790 fata
306 747 372 789 mea
394 731 498 791 vestris
520 733 705 791 conscientiis
723 734 867 790 stimulum
887 731 974 807 infigo
990 739 1020 793 et
1034 751 1168 794 morsum.
1214 735 1309 806 Atque
1325 733 1441 807 appello

224 834 260 894 ad
283 835 471 894 celsissimum
493 836 577 894 simul
601 840 631 893 et
653 838 855 909 aequissimum
874 836 1001 910 judicem
1024 837 1118 897 Deum
1140 839 1381 910 omnipotentem,
1409 839 1443 894 ut

223 955 320 998 coram
344 957 378 999 eo
402 945 517 999 centum
540 941 623 999 annis
645 941 783 1000 revolutis
803 941 1003 1014 respondeatis
1026 942 1115 1003 mihi‘

310 1045 421 1104 Tantae
445 1047 533 1104 animi
556 1044 733 1105 fortitudinis
754 1047 922 1104 interiorem
942 1045 1127 1105 indolemus
1150 1047 1172 1104 ii
1196 1047 1311 1120 quidem
1327 1047 1441 1106 intelle-

223 1149 345 1225 gebant,
375 1151 422 1224 qui
448 1156 479 1210 et
498 1152 553 1224 ipsi
577 1167 595 1210 a
616 1149 704 1210 rebus
727 1151 855 1209 externis
878 1151 915 1208 ad
937 1151 1106 1210 interiorem
1127 1151 1303 1210 christianae
1326 1151 1442 1224 religio-

223 1257 268 1313 nis
302 1253 411 1314 fontem
453 1256 600 1314 hominum
641 1259 754 1314 mentes
778 1268 934 1315 ‘revocare
974 1255 1155 1314 studuerant.
1216 1255 1296 1328 Quae
1334 1256 1442 1313 invicta

222 1359 361 1432 simplicis
384 1361 528 1434 evangelii
550 1358 657 1418 fiducia
679 1365 758 1434 arat,
780 1359 972 1419 intolerabilis
995 1359 1151 1419 obstinatio
1173 1360 1209 1418 iia
1231 1377 1296 1419 esse
1319 1359 1441 1419 videtur.

222 1463 331 1522 Fertur
358 1463 506 1522 sententia
529 1479 547 1522 a
567 1465 681 1523 concilii
708 1464 894 1538 primoribus,
925 1464 1094 1524 cremandos
1123 1479 1201 1539 esse,
1227 1466 1276 1538 qui
1299 1465 1442 1523 ecclesiae

224 1567 385 1625 doctrinam
401 1574 550 1643 respuant,
572 1566 658 1626 fidem
677 1568 821 1641 publicam
835 1569 991 1628 haereticis
1006 1585 1063 1628 non
1078 1569 1256 1628 servandam.
1288 1568 1444 1628 Erubescit

223 1671 383 1745 imperator
399 1678 519 1745 propter
534 1670 619 1731 fidem
636 1673 671 1732 ab
688 1675 750 1745 ipso
765 1672 875 1747 datam,
899 1675 1014 1747 obloqui
1030 1689 1088 1733 non
1103 1673 1198 1734 audet.
1219 1705 1261 1716 —
1285 1673 1443 1732 Audiamus

223 1775 343 1835 Aeneae
359 1775 464 1850 Sylvii,
488 1777 538 1850 qni
553 1783 657 1850 postea
671 1793 747 1850 papa
763 1776 856 1836 factus
871 1783 925 1852 est,
944 1778 980 1836 de
996 1785 1089 1837 morte
1104 1779 1217 1837 illorum
1233 1779 1442 1837 testimonium:

222 1879 335 1954 ,Prior,
364 1881 472 1954 inquit,
506 1881 634 1940 Joanncs
663 1881 827 1940 combustus
864 1887 924 1956 est3
953 1882 1162 1958 Hieronymus,
1198 1883 1246 1941 diu
1282 1888 1383 1957 postea
1410 1884 1441 1942 in

222 1985 344 2044 vinculis
377 1985 507 2061 habitus,
541 2003 626 2059 quum
658 1986 831 2059 resipiscere
862 1987 965 2063 nollet,
1003 1988 1105 2048 eodem
1138 1987 1280 2061 supplicio
1313 1987 1441 2047 affectus.

223 2089 410 2149 Pertulerunt
439 2091 522 2150 ambo
555 2091 697 2150 constanti
730 2091 825 2150 animo
858 2107 961 2150 necem
992 2096 1023 2150 et
1043 2093 1124 2165 quasi
1147 2091 1184 2150 ad
1207 2093 1306 2166 epulas
1327 2093 1441 2152 invitati

222 2194 259 2252 ad
282 2194 417 2254 incendia
438 2201 643 2270 properarunt,
667 2195 775 2254 nullam
799 2196 964 2255 emittentes
985 2212 1103 2270 vocem,
1132 2212 1205 2270 quae
1228 2198 1327 2256 miseri
1350 2197 1440 2255 animi

219 2304 317 2372 posset
352 2299 451 2359 facere
488 2301 634 2362 indicium
687 2301 744 2360 Ubi
780 2300 886 2360 ardere
920 2307 1093 2374 coeperunt,
1129 2301 1264 2374 hmnnum
1296 2303 1439 2376 cecinere,

220 2420 305 2476 quem
328 2405 375 2462 vix
396 2404 510 2463 flamma
532 2411 563 2463 et
584 2405 684 2479 fragor
700 2405 775 2478 ignis
795 2405 971 2479 intercipere
993 2407 1095 2477 potuit.
1142 2405 1234 2464 Nemo
1256 2405 1439 2480 philosopho-

220 2523 283 2564 rum
314 2513 374 2566 tam
397 2505 465 2566 forti
488 2509 584 2566 animo
606 2512 728 2567 mortem
748 2509 902 2581 pertulisse
925 2507 1056 2583 traditur,
1079 2525 1164 2582 quam
1186 2511 1234 2568 isti
1253 2510 1438 2569 incendium.‘

221 2609 303 2668 Haec
318 2609 434 2674 Aeneas
452 2609 572 2684 Sylvius.
603 2611 711 2670 Multos
733 2612 866 2685 supplicii
889 2613 966 2670 illius
989 2618 1168 2685 spectatores
1190 2613 1227 2672 da
1247 2613 1360 2686 justitia
1376 2614 1438 2686 sjna

221 2713 368 2772 dubitasse
378 2719 389 2787 ,’
414 2715 508 2773 audax
534 2715 585 2774 illa
607 2714 710 2789 Poggii
740 2716 876 2790 epistola,
904 2717 959 2774 viri
985 2717 1063 2775 inter
1094 2717 1222 2776 eruditos
1250 2717 1338 2776 Italos
1370 2723 1439 2775 tunc

222 2819 359 2893 temporis
383 2819 572 2894 celeberrimi,
595 2821 679 2878 testis
702 2825 747 2879 cst
768 2820 904 2878 indubiae
928 2818 1002 2879 fidei.
1047 2820 1092 2880 Eo
1107 2822 1222 2894 grauius
1235 2827 1367 2895 peccant,
1389 2823 1440 2894 qui

222 2923 309 2981 etiam
335 2939 411 2982 nunc
441 2923 598 2982 nefandum
627 2923 698 2982 illud
726 2923 851 2996 focinus,
880 2941 898 2982 a
931 2926 1047 2983 summis
1075 2925 1218 2984 ecclesiae
1238 2931 1269 2984 ct
1291 2927 1438 2984 cirimtnm

221 3027 342 3086 ducibus
367 3043 463 3087 coram
491 3028 560 3087 orbe
589 3033 803 3102 perpetratum,
832 3044 985 3104 excusare,
1014 3029 1100 3087 immo
1131 3034 1164 3087 nt
1193 3047 1245 3102 pro
1276 3034 1438 3104 temporum

222 3132 391 3191 condicione
412 3133 520 3205 jnstum
543 3147 578 3191 ac
600 3132 746 3192 landabile
769 3132 938 3205 praedicare
961 3132 1086 3192 student.
1130 3133 1293 3192 Perniciem
1309 3134 1440 3194 omnibus

223 3238 327 3297 attulit.
365 3237 639 3296 vehementissimas
662 3242 850 3311 tempestates
872 3238 977 3296 iterum
1002 3253 1036 3296 ac
1056 3239 1171 3312 saepius
1187 3239 1330 3298 excitarit.
1370 3238 1439 3297 Sur-

222 3345 358 3398 rcxcrunt
381 3343 461 3399 saevi
484 3346 516 3398 et
538 3339 658 3399 fanatici
673 3341 844 3414 injuriarum
859 3341 982 3415 illarum,
1002 3343 1084 3414 quasi
1099 3357 1169 3400 suae
1191 3347 1299 3417 essent,
1321 3343 1438 3402 ultores.

220 3443 323 3516 Neque
346 3443 501 3502 defuerunt
522 3461 678 3518 oppressae
701 3446 817 3504 veritati
843 3445 1044 3519 evangelicae,
1066 3463 1150 3518 qnam
1172 3447 1292 3505 Bobemi
1315 3447 1438 3504 illinon

221 3547 283 3606 sino
297 3547 431 3605 admixtis
445 3549 627 3620 opinionibus
637 3565 716 3608 mere
734 3549 876 3623 humanis,
892 3549 944 3607 aed
957 3550 1059 3622 spiritu
1072 3566 1140 3608 rere
1153 3550 1310 3609 christiano
1321 3550 1437 3609 fortiter

222 3649 346 3710 confessi
365 3657 458 3726 erant,
476 3651 556 3726 digni
572 3653 616 3710 sui
633 3652 771 3727 vindices,
796 3653 901 3726 passim
921 3653 1058 3726 deinceps
1070 3656 1206 3728 orientes,
1227 3654 1333 3713 futuris
1347 3657 1437 3728 majo·

221 3755 300 3814 ribus
317 3755 445 3830 ejusdem
467 3757 599 3815 veritatis
622 3756 783 3816 vindicibus
798 3757 879 3830 quasi
901 3758 979 3816 viam
1000 3764 1146 3832 parantes.
1191 3758 1355 3818 Liberalior
1368 3775 1437 3818 vero

220 3877 288 3934 para
307 3860 358 3920 illa
373 3861 552 3934 episcopalis,
574 3877 649 3935 quae
668 3861 782 3937 dicitur,
805 3867 871 3936 post
893 3862 997 3922 caedes
1019 3863 1084 3920 illas
1106 3863 1179 3922 nibil
1197 3865 1294 3936 magni
1317 3863 1438 3936 amplius

221 3965 353 4024 confecit.
376 3963 574 4041 Constantiae,
583 3972 651 4025 ante
662 3973 809 4038 peractam
822 3967 909 4025 ullam
921 3966 1067 4028 Romanae
1081 3969 1179 4026 curiae
1193 3967 1438 4042 reformationem,

221 4071 413 4130 renitentibus
426 4069 536 4129 frustra
551 4069 704 4130 Germanis
717 4077 747 4130 et
761 4071 873 4145 Anglis,
895 4088 985 4130 novus
1000 4087 1078 4145 papa
1092 4077 1208 4131 creatus
1223 4079 1284 4146 est3
1307 4074 1356 4147 qni
1372 4088 1438 4130 mox

221 4173 314 4230 soluto
341 4175 461 4234 concilio
488 4175 669 4250 triumphans
691 4177 832 4234 ffiacessit.
877 4172 1004 4234 Meliora
1026 4175 1218 4248 sperabantur
1238 4194 1256 4237 a
1274 4194 1347 4236 novo
1370 4193 1436 4234 con-

222 4277 302 4352 cilio,
326 4277 499 4352 quodquam
515 4279 659 4340 Basileam
682 4287 813 4340 coactum
837 4285 923 4354 esset,
946 4285 1012 4353 post
1031 4279 1183 4353 splendida
1203 4282 1288 4341 initia
1306 4281 1438 4354 turpissi-

221 4398 298 4440 mum
328 4383 436 4442 exitum
465 4383 581 4458 habuit,
614 4400 705 4458 quare
731 4385 894 4444 Ludovicus
921 4383 1097 4456 cardinalis,
1132 4387 1176 4444 vir
1202 4387 1321 4445 Aeneae
1348 4385 1438 4459 Sylvii

216 4484 326 4558 judicio
356 4486 393 4544 ad
419 4485 609 4559 gubernanda
636 4489 760 4548 concilia
789 4489 940 4562 generalia
971 4489 1053 4561 quasi
1085 4495 1187 4563 natus,
1216 4490 1247 4548 in
1275 4489 1437 4548 Basilienae

221 4589 372 4648 concilium
403 4589 520 4650 verbum
556 4592 626 4650 illud
656 4594 814 4665 antiquitus
845 4593 982 4652 traditum
1015 4592 1186 4666 applicavit:
1220 4594 1345 4654 Vincere
1371 4595 1438 4668 scia,
