3134 5054
699 328 792 378 Garun
809 325 841 378 X.
1320 327 1370 382 261

153 541 280 600 mudum
303 547 334 601 et
355 543 482 602 calamos
504 547 632 617 coercet,
666 547 698 601 at
723 559 781 601 uon
803 547 895 600 mutat
917 542 1036 602 animos.
1081 541 1232 627 Laudatur
1255 541 1372 614 quidem

154 647 224 719 pius
246 644 379 706 Caesaris
401 627 535 720 animus:
559 644 611 705 sed
638 646 780 720 jndicium
806 647 892 721 hujus
919 647 964 706 rei
993 643 1161 705 adscribunt
1189 646 1240 720 iis,
1269 645 1372 719 quibus

156 749 265 810 eruditi
286 767 344 810 uon
365 751 486 810 multum
508 750 658 810 tribuunt?

246 855 322 915 Satis
350 859 485 928 apparet,
514 867 580 914 enm
602 856 650 928 qui
674 859 704 914 et
726 853 833 912 Leonis
860 853 967 913 bullam
990 859 1020 913 et
1044 851 1141 912 Caroli
1164 851 1289 912 edictum
1313 858 1373 911 tam

155 963 261 1033 aperte
283 958 499 1032 reprehendere
521 959 664 1033 perrexit,
688 959 882 1018 anathematis
902 957 1029 1032 fulmini,
1051 973 1069 1016 a
1090 957 1189 1016 Leone
1212 957 1243 1014 iu
1264 955 1373 1016 Lntbe·

155 1079 223 1120 rum
249 1063 374 1137 vibrato,
404 1063 514 1122 nullam
541 1064 599 1122 rim
627 1062 802 1122 attribuisse.
847 1061 928 1135 Quod
951 1061 1060 1121 diserte
1083 1067 1208 1120 testatus
1231 1065 1276 1120 est
1297 1075 1373 1118 oom-

154 1166 250 1240 posito
280 1171 349 1224 tuno
377 1168 516 1240 temporis
539 1171 571 1226 et
592 1168 708 1242 saepius
732 1167 810 1226 edito
831 1166 961 1240 dialogo,
984 1166 1032 1224 cui
1054 1167 1222 1239 inscriptum
1246 1169 1292 1224 est
1313 1163 1373 1238 ‚ln-

155 1270 275 1343 quisitio
299 1269 336 1329 de
364 1267 444 1329 fide‘.
489 1271 594 1330 Miscet
623 1271 677 1346 ibi,
708 1276 741 1330 ut
770 1271 856 1344 solet,
886 1271 965 1329 seria
994 1286 1059 1328 curn
1089 1269 1208 1328 festivis.
1258 1267 1373 1326 ludnoit

154 1373 254 1447 ipsum
275 1373 435 1435 Lntherum
458 1375 511 1434 sub
533 1375 664 1434 Barbatii
695 1376 826 1450 nornine,
854 1375 1019 1448 loquentem
1045 1385 1112 1432 cnm
1138 1373 1213 1432 Aulo
1240 1371 1372 1445 quodam

155 1477 216 1536 Hic
244 1479 367 1538 salntem
394 1478 465 1538 dare
495 1478 608 1538 dubitat
635 1479 749 1538 obviam
777 1479 874 1553 enuti,
903 1479 1007 1552 quippe
1035 1478 1084 1551 qui
1110 1476 1373 1536 excommunicatus

156 1583 239 1642 oleat
268 1589 319 1642 aut
346 1583 466 1657 sulphur
496 1591 547 1642 sut
575 1582 683 1643 fulmen
711 1584 799 1644 Jovis.
854 1582 1022 1658 Respondet
1050 1581 1219 1654 Barbatius,
1248 1597 1312 1641 esse
1344 1585 1374 1640 et

158 1687 247 1746 bruta
268 1686 403 1763 fulmiua3
433 1705 466 1748 se
489 1689 634 1747 audivisse
656 1688 773 1762 quidem
794 1686 942 1748 horrenda
961 1689 1102 1762 touihua,
1132 1687 1259 1746 fulminis
1283 1687 1373 1745 ictum

156 1807 219 1850 nou
241 1793 375 1850 sensisse.
404 1823 446 1834 —
473 1793 508 1851 A.
538 1793 593 1865 Qui
617 1791 669 1851 ht?
712 1793 745 1852 B.
774 1792 849 1865 Quia
869 1793 959 1852 nihilo
981 1795 1065 1867 peJus
1087 1807 1247 1865 concoqu0‚
1278 1806 1373 1864 neque

155 1895 335 1968 irrequietus
370 1896 488 1956 dormio.
541 1897 576 1955 Δ.
612 1897 669 1958 Sed
698 1897 753 1956 boc
782 1897 972 1971 periculosius
1004 1899 1077 1955 solet
1109 1913 1172 1954 esse
1204 1896 1373 1968 periculum,

156 1999 305 2072 quianon
326 2001 458 2059 sentitur.
503 2001 584 2060 Haeo
607 1999 694 2060 bruta
715 1999 837 2059 fulmina
858 2016 934 2074 quae
957 2007 989 2058 tu
1012 2000 1100 2072 diois,
1129 1997 1240 2059 feriunt
1261 2003 1374 2056 montes

157 2109 193 2161 et
212 2103 313 2162 maria
362 2105 396 2163 B.
422 2105 563 2179 Faciunt,
586 2104 638 2164 sed
665 2105 756 2162 irritis
781 2103 894 2163 ictibus.
946 2103 1001 2162 Est
1023 2108 1055 2162 et
1076 2102 1168 2177 fulgor
1191 2117 1208 2159 e
1230 2101 1305 2161 vitro
1327 2102 1374 2160 vel

156 2223 228 2266 vase
248 2223 344 2267 aereo.
388 2209 424 2267 A.
449 2207 536 2268 Certe
559 2210 675 2268 territat
698 2215 728 2267 et
750 2209 812 2268 boo.
857 2207 889 2266 B.
914 2207 1037 2280 Verum,
1060 2206 1112 2265 sed
1134 2222 1248 2280 pueros.
1291 2203 1374 2264 Solus

157 2311 241 2370 Deus
263 2311 352 2371 habet
373 2309 483 2372 fulmen
505 2327 562 2386 qno
584 2312 672 2372 feriat
695 2313 828 2374 animam.
873 2313 909 2370 A.
935 2311 1011 2384 Quid
1037 2311 1062 2370 si
1084 2309 1164 2370 Deus
1191 2313 1237 2369 est
1262 2309 1294 2368 iu
1323 2325 1374 2368 sno

157 2415 289 2474 vicario?
332 2415 365 2475 B.
396 2416 512 2476 Utinam
536 2417 588 2476 sit!
632 2417 668 2476 A.
698 2418 789 2476 mimo
818 2417 902 2476 multi
933 2415 1126 2490 demirantur,
1156 2421 1186 2474 to
1206 2413 1375 2489 jamdudum

158 2536 218 2578 nou
241 2535 305 2580 esse
328 2522 428 2594 quovis
450 2521 575 2581 carbone
598 2523 744 2583 atriorem.
790 2521 823 2579 B.
845 2521 935 2594 Atqui
953 2525 1035 2579 tauto
1054 2520 1147 2594 magis
1166 2525 1231 2579 erat
1249 2517 1376 2592 optanda

157 2625 237 2683 salus
266 2625 394 2700 perdito,
424 2626 450 2685 si
478 2627 576 2699 placet
605 2626 775 2702 evangeliea
799 2625 940 2686 doctriua.
966 2657 1001 2668 —
1027 2623 1100 2684 Inde
1122 2621 1155 2683 fit
1177 2625 1316 2683 transitus
1339 2623 1377 2683 cd

158 2728 268 2787 serium
291 2729 463 2802 colloquium
485 2731 521 2789 do
545 2731 673 2805 symbolo
696 2730 867 2806 apostolico,
891 2733 972 2805 cnjus
996 2731 1093 2804 capita
1112 2731 1184 2788 satis
1205 2729 1376 2804 theologice,

158 2831 321 2906 dogmatice
345 2839 376 2892 et
398 2835 499 2894 critice
524 2841 719 2910 exponuntur,
741 2837 784 2894 ita
807 2843 919 2910 tamen,
942 2839 975 2894 ut
996 2833 1039 2908 id,
1062 2834 1139 2907 quod
1160 2833 1298 2892 &asinus
1320 2833 1376 2906 spi·

157 2936 295 2996 ritualem
325 2938 568 2998 christianismum
597 2945 628 2999 et
657 2956 722 2999 eum
750 2940 882 3014 patribus
904 2939 1037 2998 militiam
1060 2937 1167 2998 Christi
1189 2943 1288 3012 vocat,
1316 2943 1378 2996 toto

156 3047 277 3114 pectore
311 3044 406 3102 teneri
439 3049 541 3118 pateat
574 3061 593 3103 a
625 3043 772 3103 Barbatio.
828 3045 870 3117 Is,
906 3041 956 3101 ubi
988 3042 1079 3100 Aulus
1114 3042 1274 3115 symbolum
1306 3040 1378 3098 illud

158 3145 343 3204 tractandum
370 3149 518 3222 proponit,
548 3147 684 3223 ‚Audio‘,
719 3147 826 3222 inquit,
857 3146 997 3220 ‚militare
1027 3145 1162 3218 verbum,
1191 3160 1246 3202 uec
1275 3158 1378 3203 recuso

159 3249 265 3308 haberi
293 3267 346 3324 pro
375 3250 459 3310 hoste
484 3251 605 3326 Christi,
636 3251 661 3310 si
683 3251 730 3309 hic
752 3249 904 3310 fefellero‘
948 3249 1030 3308 Idem
1048 3245 1216 3323 profitetur,
1248 3263 1294 3322 ,se
1317 3248 1376 3306 suis

158 3351 271 3412 viribus
292 3351 430 3429 diffisum,
461 3361 553 3414 totum
580 3356 617 3414 ab
646 3355 696 3414 illo
721 3353 864 3429 pendere,
895 3355 944 3428 qui
964 3353 1056 3427 possit
1078 3351 1203 3426 omuia‘3
1233 3357 1378 3426 ,sanctam

159 3457 315 3516 ecclesiam
334 3457 407 3516 nihil
430 3458 509 3518 alind
532 3475 596 3520 esse
619 3465 706 3533 atque
729 3459 813 3518 unius
829 3457 900 3534 Dei,
922 3458 1007 3517 unius
1024 3456 1181 3532 evangelii,
1200 3457 1286 3516 unius
1300 3453 1378 3531 fidei,

158 3561 246 3620 unius
276 3562 339 3635 spei
368 3561 593 3640 professionem,
626 3563 756 3638 ejusdem
781 3563 912 3637 spiritus,
945 3561 1104 3623 eorundem
1132 3567 1376 3621 sacramentorum

157 3665 427 3742 participationem,
449 3665 578 3727 breviter
593 3668 682 3727 talem
696 3667 841 3741 quandam
855 3667 1084 3727 communionem
1101 3666 1240 3725 bonorum
1253 3665 1378 3725 omnium

158 3770 240 3828 inter
260 3785 359 3830 omues
380 3772 458 3846 pios,
487 3771 536 3845 qui
559 3769 669 3831 fuerint
690 3772 727 3830 ab
750 3771 833 3830 initio
855 3771 955 3830 muudi
977 3788 1066 3846 usque
1094 3771 1131 3830 ad
1157 3769 1258 3842 finem,
1286 3767 1377 3841 qualis

159 3874 201 3933 sit
223 3875 415 3934 membrorum
438 3877 567 3950 corporis
589 3877 668 3934 iuter
689 3877 754 3950 ipsa
775 3876 915 3950 societas3
940 3881 1024 3935 extra
1044 3875 1119 3933 hanc
1143 3872 1298 3934 ecelesiam
1319 3871 1377 3945 spi·

157 3979 221 4038 ritu
251 3977 358 4038 Christi
393 3985 598 4054 congregatam
632 3997 689 4039 uon
726 3995 791 4039 esse
826 3981 914 4038 ubam
945 3979 1145 4038 remissionem
1172 3973 1377 4052 peccatorum!

158 4081 257 4142 Proba
280 4083 420 4157 ejusmodi
442 4083 511 4143 fidei
534 4084 730 4143 declaratione
754 4084 846 4143 rictus
868 4083 995 4156 deniqne
1017 4081 1122 4156 Aulus,
1151 4077 1252 4154 ,Ego‘,
1275 4079 1377 4154 iuquit,

159 4203 263 4263 ‚quum
284 4186 393 4248 Romae
417 4205 527 4264 assem,
550 4205 607 4248 nou
629 4205 729 4248 omues
751 4189 851 4263 reperi
871 4204 965 4261 aeque
980 4187 1093 4246 sineere
1109 4167 1278 4259 credentes,
1299 4183 1377 4243 nude

158 4292 250 4365 igitur
282 4297 394 4350 tantum
426 4291 534 4352 bellum
567 4295 645 4352 iuter
679 4309 728 4352 ros
759 4297 790 4352 et
822 4291 1028 4351 orthodoxost‘
1072 4291 1174 4363 Itaque
1204 4287 1378 4347 amicissime

160 4395 344 4455 concluditur
366 4395 570 4458 confabulatio.

249 4499 333 4560 Haec
355 4503 453 4561 omnia
474 4502 499 4561 si
522 4503 585 4575 quis
607 4507 745 4562 onomate
768 4499 1009 4574 consideraverit,
1035 4516 1095 4559 non
1122 4497 1278 4572 dubitabit,
1309 4497 1379 4571 quin

160 4621 239 4666 anno
260 4611 328 4681 post
349 4607 466 4666 comitia
483 4607 710 4668 wormatiensis
722 4605 860 4666 Erasmus
882 4621 948 4664 oum
970 4605 1069 4665 amicis
1092 4605 1151 4665 suis
1167 4603 1204 4664 ad
1218 4603 1378 4664 Lutherum
