<?xml version="1.0" encoding="UTF-8"?>
<!DOCTYPE html PUBLIC "-//W3C//DTD XHTML 1.0 Transitional//EN"
    "http://www.w3.org/TR/xhtml1/DTD/xhtml1-transitional.dtd">
<html xmlns="http://www.w3.org/1999/xhtml" xml:lang="en" lang="en">
 <head>
  <title>
</title>
<meta http-equiv="Content-Type" content="text/html;charset=utf-8" />
  <meta name='ocr-system' content='tesseract 3.04.00' />
  <meta name='ocr-capabilities' content='ocr_page ocr_carea ocr_par ocr_line ocrx_word'/>
</head>
<body>
  <div class='ocr_page' id='page_1' title='image "./erasmusredivivu00schlgoog_0151.png"; bbox 0 0 3188 5086; ppageno 0'>
   <div class='ocr_carea' id='block_1_1' title="bbox 222 325 939 384">
    <p class='ocr_par' dir='ltr' id='par_1_1' title="bbox 222 325 939 384">
     <span class='ocr_line' id='line_1_1' title="bbox 222 325 939 384; baseline -0.011 -2"><span class='ocrx_word' id='word_1_1' title='bbox 222 329 274 384; x_wconf 82' lang='lat'><strong>134</strong></span> <span class='ocrx_word' id='word_1_2' title='bbox 704 325 807 376; x_wconf 74' lang='lat' dir='ltr'><strong>Pluris</strong></span> <span class='ocrx_word' id='word_1_3' title='bbox 826 325 939 376; x_wconf 85' lang='lat' dir='ltr'><strong>Pnronrs</strong></span> 
     </span>
    </p>
   </div>
   <div class='ocr_carea' id='block_1_2' title="bbox 221 538 1556 618">
    <p class='ocr_par' dir='ltr' id='par_1_2' title="bbox 221 538 1556 618">
     <span class='ocr_line' id='line_1_2' title="bbox 221 538 1556 618; baseline -0.006 -13"><span class='ocrx_word' id='word_1_4' title='bbox 221 544 365 618; x_wconf 90' lang='lat' dir='ltr'><strong>omnibus,</strong></span> <span class='ocrx_word' id='word_1_5' title='bbox 388 549 421 602; x_wconf 92' lang='lat' dir='ltr'><strong>ut</strong></span> <span class='ocrx_word' id='word_1_6' title='bbox 443 559 583 615; x_wconf 81' lang='lat' dir='ltr'><strong>nusquam</strong></span> <span class='ocrx_word' id='word_1_7' title='bbox 606 546 705 600; x_wconf 90' lang='lat' dir='ltr'><strong>tamen</strong></span> <span class='ocrx_word' id='word_1_8' title='bbox 729 541 774 599; x_wconf 89' lang='lat' dir='ltr'><strong>sui</strong></span> <span class='ocrx_word' id='word_1_9' title='bbox 797 540 943 599; x_wconf 88' lang='lat' dir='ltr'><strong>dissimilis</strong></span> <span class='ocrx_word' id='word_1_10' title='bbox 968 538 1062 599; x_wconf 69' lang='lat' dir='ltr'><strong>essetf</strong></span> <span class='ocrx_word' id='word_1_11' title='bbox 1107 538 1220 598; x_wconf 82' lang='lat' dir='ltr'><strong>Idcirco</strong></span> <span class='ocrx_word' id='word_1_12' title='bbox 1244 556 1324 613; x_wconf 89' lang='lat' dir='ltr'><strong>eum,</strong></span> <span class='ocrx_word' id='word_1_13' title='bbox 1353 545 1441 613; x_wconf 90' lang='lat' dir='ltr'><strong>prout</strong></span> <span class='ocrx_word' id='word_1_14' title='bbox 1550 603 1556 611; x_wconf 48' lang='grc'><strong>,</strong></span> 
     </span>
    </p>
   </div>
   <div class='ocr_carea' id='block_1_3' title="bbox 222 643 1439 718">
    <p class='ocr_par' dir='ltr' id='par_1_3' title="bbox 222 643 1439 718">
     <span class='ocr_line' id='line_1_3' title="bbox 222 643 1439 718; baseline -0.006 -9"><span class='ocrx_word' id='word_1_15' title='bbox 222 665 343 709; x_wconf 89' lang='lat' dir='ltr'><strong>necesso</strong></span> <span class='ocrx_word' id='word_1_16' title='bbox 373 648 424 717; x_wconf 87' lang='lat' dir='ltr'><strong>sit,</strong></span> <span class='ocrx_word' id='word_1_17' title='bbox 453 645 538 705; x_wconf 93' lang='lat' dir='ltr'><strong>modo</strong></span> <span class='ocrx_word' id='word_1_18' title='bbox 569 646 702 718; x_wconf 88' lang='lat' dir='ltr'><strong>divinae,</strong></span> <span class='ocrx_word' id='word_1_19' title='bbox 733 645 817 703; x_wconf 90' lang='lat' dir='ltr'><strong>modo</strong></span> <span class='ocrx_word' id='word_1_20' title='bbox 847 644 991 703; x_wconf 76' lang='lat' dir='ltr'>humanae</span> <span class='ocrx_word' id='word_1_21' title='bbox 1021 650 1144 703; x_wconf 91' lang='lat' dir='ltr'><strong>naturae</strong></span> <span class='ocrx_word' id='word_1_22' title='bbox 1166 643 1274 703; x_wconf 86' lang='lat' dir='ltr'><strong>indicia</strong></span> <span class='ocrx_word' id='word_1_23' title='bbox 1296 644 1439 718; x_wconf 82' lang='lat' dir='ltr'><strong>proferre,</strong></span> 
     </span>
    </p>
   </div>
   <div class='ocr_carea' id='block_1_4' title="bbox 221 747 1583 826">
    <p class='ocr_par' dir='ltr' id='par_1_4' title="bbox 221 709 1583 826">
     <span class='ocr_line' id='line_1_4' title="bbox 221 747 1583 826; baseline -0.006 -14"><span class='ocrx_word' id='word_1_24' title='bbox 221 753 306 812; x_wconf 93' lang='lat' dir='ltr'><strong>modo</strong></span> <span class='ocrx_word' id='word_1_25' title='bbox 328 753 403 810; x_wconf 87' lang='lat' dir='ltr'><strong>hauc</strong></span> <span class='ocrx_word' id='word_1_26' title='bbox 418 751 502 810; x_wconf 91' lang='lat' dir='ltr'><strong>modo</strong></span> <span class='ocrx_word' id='word_1_27' title='bbox 521 751 600 808; x_wconf 92' lang='lat' dir='ltr'><strong>illam</strong></span> <span class='ocrx_word' id='word_1_28' title='bbox 616 749 744 822; x_wconf 82' lang='lat' dir='ltr'><strong>ejusdem</strong></span> <span class='ocrx_word' id='word_1_29' title='bbox 759 749 890 808; x_wconf 86' lang='lat' dir='ltr'><strong>veritatis</strong></span> <span class='ocrx_word' id='word_1_30' title='bbox 913 750 995 822; x_wconf 89' lang='lat' dir='ltr'><strong>quasi</strong></span> <span class='ocrx_word' id='word_1_31' title='bbox 1015 747 1120 806; x_wconf 82' lang='lat' dir='ltr'><strong>faciem</strong></span> <span class='ocrx_word' id='word_1_32' title='bbox 1136 749 1275 823; x_wconf 86' lang='lat' dir='ltr'><strong>detegere</strong></span> <span class='ocrx_word' id='word_1_33' title='bbox 1298 747 1441 822; x_wconf 86' lang='lat' dir='ltr'><strong>ostendit;</strong></span> <span class='ocrx_word' id='word_1_34' title='bbox 1557 787 1583 826; x_wconf 53' lang='lat'><strong>2,</strong></span> 
     </span>
    </p>
   </div>
   <div class='ocr_carea' id='block_1_5' title="bbox 219 853 1442 4270">
    <p class='ocr_par' dir='ltr' id='par_1_5' title="bbox 219 853 1442 4270">
     <span class='ocr_line' id='line_1_5' title="bbox 222 853 1439 931; baseline -0.005 -15"><span class='ocrx_word' id='word_1_35' title='bbox 222 859 253 916; x_wconf 92' lang='lat' dir='ltr'><strong>in</strong></span> <span class='ocrx_word' id='word_1_36' title='bbox 287 855 448 931; x_wconf 75' lang='lat' dir='ltr'><strong>huJusmodi</strong></span> <span class='ocrx_word' id='word_1_37' title='bbox 481 854 668 913; x_wconf 87' lang='lat' dir='ltr'><strong>varietatibus</strong></span> <span class='ocrx_word' id='word_1_38' title='bbox 701 856 855 912; x_wconf 81' lang='lat' dir='ltr'><strong>convenire</strong></span> <span class='ocrx_word' id='word_1_39' title='bbox 893 853 1088 927; x_wconf 84' lang='lat' dir='ltr'><strong>philosophari</strong></span> <span class='ocrx_word' id='word_1_40' title='bbox 1122 859 1152 912; x_wconf 87' lang='lat' dir='ltr'><strong>et</strong></span> <span class='ocrx_word' id='word_1_41' title='bbox 1185 854 1234 928; x_wconf 88' lang='lat' dir='ltr'><strong>pia</strong></span> <span class='ocrx_word' id='word_1_42' title='bbox 1269 853 1439 912; x_wconf 84' lang='lat' dir='ltr'><strong>curiositate</strong></span> 
     </span>
     <span class='ocr_line' id='line_1_6' title="bbox 223 956 1440 1031; baseline -0.005 -11"><span class='ocrx_word' id='word_1_43' title='bbox 223 961 312 1020; x_wconf 84' lang='lat' dir='ltr'><strong>diuini</strong></span> <span class='ocrx_word' id='word_1_44' title='bbox 344 960 455 1019; x_wconf 85' lang='lat' dir='ltr'><strong>consilii</strong></span> <span class='ocrx_word' id='word_1_45' title='bbox 485 959 608 1016; x_wconf 90' lang='lat' dir='ltr'><strong>scrutari</strong></span> <span class='ocrx_word' id='word_1_46' title='bbox 638 959 814 1031; x_wconf 81' lang='lat' dir='ltr'><strong>mysterium.</strong></span> <span class='ocrx_word' id='word_1_47' title='bbox 874 956 919 1016; x_wconf 84' lang='lat' dir='ltr'><strong>Eo</strong></span> <span class='ocrx_word' id='word_1_48' title='bbox 948 958 1043 1016; x_wconf 89' lang='lat' dir='ltr'><strong>auimo</strong></span> <span class='ocrx_word' id='word_1_49' title='bbox 1072 957 1236 1016; x_wconf 89' lang='lat' dir='ltr'><strong>universam</strong></span> <span class='ocrx_word' id='word_1_50' title='bbox 1267 958 1440 1030; x_wconf 77' lang='lat' dir='ltr'><strong>scripturam</strong></span> 
     </span>
     <span class='ocr_line' id='line_1_7' title="bbox 222 1059 1440 1139; baseline -0.004 -16"><span class='ocrx_word' id='word_1_51' title='bbox 222 1065 359 1139; x_wconf 80' lang='lat' dir='ltr'><strong>religiose</strong></span> <span class='ocrx_word' id='word_1_52' title='bbox 384 1080 448 1122; x_wconf 86' lang='lat' dir='ltr'><strong>osse</strong></span> <span class='ocrx_word' id='word_1_53' title='bbox 475 1059 755 1137; x_wconf 88' lang='lat' dir='ltr'><strong>pervestigandam.¹</strong></span> <span class='ocrx_word' id='word_1_54' title='bbox 800 1062 833 1120; x_wconf 91' lang='lat' dir='ltr'><strong>Id</strong></span> <span class='ocrx_word' id='word_1_55' title='bbox 858 1078 928 1120; x_wconf 81' lang='lat' dir='ltr'><strong>vero</strong></span> <span class='ocrx_word' id='word_1_56' title='bbox 956 1067 1037 1120; x_wconf 87' lang='lat' dir='ltr'><strong>reate</strong></span> <span class='ocrx_word' id='word_1_57' title='bbox 1065 1066 1257 1134; x_wconf 78' lang='lat' dir='ltr'><strong>accurateque</strong></span> <span class='ocrx_word' id='word_1_58' title='bbox 1286 1059 1350 1120; x_wconf 87' lang='lat' dir='ltr'><strong>fieri</strong></span> <span class='ocrx_word' id='word_1_59' title='bbox 1381 1077 1440 1119; x_wconf 92' lang='lat' dir='ltr'><strong>non</strong></span> 
     </span>
     <span class='ocr_line' id='line_1_8' title="bbox 223 1165 1440 1242; baseline -0.003 -14"><span class='ocrx_word' id='word_1_60' title='bbox 223 1187 309 1242; x_wconf 89' lang='lat' dir='ltr'><strong>posse</strong></span> <span class='ocrx_word' id='word_1_61' title='bbox 332 1168 477 1227; x_wconf 85' lang='lat' dir='ltr'><strong>intellexit</strong></span> <span class='ocrx_word' id='word_1_62' title='bbox 499 1167 555 1224; x_wconf 90' lang='lat' dir='ltr'><strong>uisi</strong></span> <span class='ocrx_word' id='word_1_63' title='bbox 575 1167 687 1226; x_wconf 86' lang='lat' dir='ltr'><strong>exculto</strong></span> <span class='ocrx_word' id='word_1_64' title='bbox 704 1167 809 1238; x_wconf 89' lang='lat' dir='ltr'><strong>ubique</strong></span> <span class='ocrx_word' id='word_1_65' title='bbox 830 1167 862 1223; x_wconf 92' lang='lat' dir='ltr'><strong>in</strong></span> <span class='ocrx_word' id='word_1_66' title='bbox 876 1166 980 1224; x_wconf 88' lang='lat' dir='ltr'><strong>scholis</strong></span> <span class='ocrx_word' id='word_1_67' title='bbox 998 1166 1161 1239; x_wconf 89' lang='lat' dir='ltr'><strong>linguarum</strong></span> <span class='ocrx_word' id='word_1_68' title='bbox 1176 1165 1270 1232; x_wconf 88' lang='lat' dir='ltr'><strong>studio</strong></span> <span class='ocrx_word' id='word_1_69' title='bbox 1284 1166 1344 1240; x_wconf 93' lang='lat' dir='ltr'><strong>illo,</strong></span> <span class='ocrx_word' id='word_1_70' title='bbox 1364 1165 1440 1239; x_wconf 92' lang='lat' dir='ltr'><strong>quod</strong></span> 
     </span>
     <span class='ocr_line' id='line_1_9' title="bbox 222 1270 1441 1344; baseline -0.003 -12"><span class='ocrx_word' id='word_1_71' title='bbox 222 1289 326 1333; x_wconf 87' lang='lat' dir='ltr'><strong>recens</strong></span> <span class='ocrx_word' id='word_1_72' title='bbox 355 1274 510 1332; x_wconf 86' lang='lat' dir='ltr'><strong>excitatum</strong></span> <span class='ocrx_word' id='word_1_73' title='bbox 542 1276 618 1344; x_wconf 89' lang='lat' dir='ltr'><strong>erat,</strong></span> <span class='ocrx_word' id='word_1_74' title='bbox 650 1276 681 1329; x_wconf 89' lang='lat' dir='ltr'><strong>et</strong></span> <span class='ocrx_word' id='word_1_75' title='bbox 708 1271 838 1328; x_wconf 89' lang='lat' dir='ltr'><strong>adbibita</strong></span> <span class='ocrx_word' id='word_1_76' title='bbox 860 1287 896 1328; x_wconf 90' lang='lat' dir='ltr'><strong>ea</strong></span> <span class='ocrx_word' id='word_1_77' title='bbox 917 1285 1076 1344; x_wconf 84' lang='lat' dir='ltr'><strong>exegeseos</strong></span> <span class='ocrx_word' id='word_1_78' title='bbox 1098 1270 1249 1344; x_wconf 86' lang='lat' dir='ltr'><strong>methodo,</strong></span> <span class='ocrx_word' id='word_1_79' title='bbox 1280 1287 1365 1344; x_wconf 91' lang='lat' dir='ltr'><strong>quam</strong></span> <span class='ocrx_word' id='word_1_80' title='bbox 1387 1287 1441 1329; x_wconf 91' lang='lat' dir='ltr'><strong>nos</strong></span> 
     </span>
     <span class='ocr_line' id='line_1_10' title="bbox 222 1373 1439 1451; baseline -0.002 -17"><span class='ocrx_word' id='word_1_81' title='bbox 222 1377 439 1451; x_wconf 89' lang='lat' dir='ltr'><strong>philologicam,</strong></span> <span class='ocrx_word' id='word_1_82' title='bbox 465 1376 609 1449; x_wconf 86' lang='lat' dir='ltr'><strong>criticam,</strong></span> <span class='ocrx_word' id='word_1_83' title='bbox 636 1375 803 1433; x_wconf 87' lang='lat' dir='ltr'><strong>historicam</strong></span> <span class='ocrx_word' id='word_1_84' title='bbox 832 1390 974 1432; x_wconf 84' lang='lat' dir='ltr'><strong>vocamus.</strong></span> <span class='ocrx_word' id='word_1_85' title='bbox 1020 1374 1112 1446; x_wconf 80' lang='lat' dir='ltr'><strong>Quam</strong></span> <span class='ocrx_word' id='word_1_86' title='bbox 1134 1373 1251 1447; x_wconf 88' lang='lat' dir='ltr'><strong>quidem</strong></span> <span class='ocrx_word' id='word_1_87' title='bbox 1274 1375 1439 1434; x_wconf 84' lang='lat' dir='ltr'><strong>methodum</strong></span> 
     </span>
     <span class='ocr_line' id='line_1_11' title="bbox 223 1479 1439 1554; baseline -0.002 -14"><span class='ocrx_word' id='word_1_88' title='bbox 223 1483 320 1540; x_wconf 90' lang='lat' dir='ltr'><strong>statim</strong></span> <span class='ocrx_word' id='word_1_89' title='bbox 352 1481 389 1540; x_wconf 85' lang='lat' dir='ltr'><strong>ad</strong></span> <span class='ocrx_word' id='word_1_90' title='bbox 417 1481 627 1553; x_wconf 87' lang='lat' dir='ltr'><strong>perfectionem</strong></span> <span class='ocrx_word' id='word_1_91' title='bbox 656 1497 710 1553; x_wconf 90' lang='lat' dir='ltr'><strong>per</strong></span> <span class='ocrx_word' id='word_1_92' title='bbox 740 1497 805 1538; x_wconf 87' lang='lat' dir='ltr'><strong>eum</strong></span> <span class='ocrx_word' id='word_1_93' title='bbox 823 1479 994 1552; x_wconf 88' lang='lat' dir='ltr'><strong>perductam</strong></span> <span class='ocrx_word' id='word_1_94' title='bbox 1016 1495 1074 1537; x_wconf 90' lang='lat' dir='ltr'><strong>uon</strong></span> <span class='ocrx_word' id='word_1_95' title='bbox 1097 1496 1174 1554; x_wconf 88' lang='lat' dir='ltr'><strong>esse,</strong></span> <span class='ocrx_word' id='word_1_96' title='bbox 1205 1496 1290 1538; x_wconf 93' lang='lat' dir='ltr'><strong>nemo</strong></span> <span class='ocrx_word' id='word_1_97' title='bbox 1312 1479 1439 1552; x_wconf 89' lang='lat' dir='ltr'><strong>prudeus</strong></span> 
     </span>
     <span class='ocr_line' id='line_1_12' title="bbox 224 1583 1441 1658; baseline -0.002 -13"><span class='ocrx_word' id='word_1_98' title='bbox 224 1587 394 1658; x_wconf 80' lang='lat' dir='ltr'><strong>mirabitur3</strong></span> <span class='ocrx_word' id='word_1_99' title='bbox 416 1591 449 1644; x_wconf 92' lang='lat' dir='ltr'><strong>ut</strong></span> <span class='ocrx_word' id='word_1_100' title='bbox 470 1586 609 1658; x_wconf 88' lang='lat' dir='ltr'><strong>paulatim</strong></span> <span class='ocrx_word' id='word_1_101' title='bbox 633 1601 668 1642; x_wconf 91' lang='lat' dir='ltr'><strong>eo</strong></span> <span class='ocrx_word' id='word_1_102' title='bbox 690 1583 912 1658; x_wconf 86' lang='lat' dir='ltr'><strong>perduceretur,</strong></span> <span class='ocrx_word' id='word_1_103' title='bbox 935 1585 1103 1656; x_wconf 82' lang='lat' dir='ltr'><strong>aequalibus</strong></span> <span class='ocrx_word' id='word_1_104' title='bbox 1127 1589 1158 1643; x_wconf 89' lang='lat' dir='ltr'><strong>et</strong></span> <span class='ocrx_word' id='word_1_105' title='bbox 1177 1585 1317 1658; x_wconf 89' lang='lat' dir='ltr'><strong>posteris,</strong></span> <span class='ocrx_word' id='word_1_106' title='bbox 1339 1590 1372 1642; x_wconf 91' lang='lat' dir='ltr'><strong>ut</strong></span> <span class='ocrx_word' id='word_1_107' title='bbox 1393 1585 1441 1642; x_wconf 86' lang='lat' dir='ltr'><strong>vix</strong></span> 
     </span>
     <span class='ocr_line' id='line_1_13' title="bbox 224 1687 1441 1762; baseline -0.002 -14"><span class='ocrx_word' id='word_1_108' title='bbox 224 1691 299 1749; x_wconf 90' lang='lat' dir='ltr'><strong>alius</strong></span> <span class='ocrx_word' id='word_1_109' title='bbox 322 1692 486 1762; x_wconf 85' lang='lat' dir='ltr'><strong>quisquam,</strong></span> <span class='ocrx_word' id='word_1_110' title='bbox 514 1689 590 1747; x_wconf 82' lang='lat' dir='ltr'><strong>viam</strong></span> <span class='ocrx_word' id='word_1_111' title='bbox 610 1690 739 1746; x_wconf 88' lang='lat' dir='ltr'><strong>munivit.</strong></span> <span class='ocrx_word' id='word_1_112' title='bbox 784 1687 825 1746; x_wconf 88' lang='lat' dir='ltr'><strong>Et</strong></span> <span class='ocrx_word' id='word_1_113' title='bbox 848 1688 878 1746; x_wconf 92' lang='lat' dir='ltr'><strong>id</strong></span> <span class='ocrx_word' id='word_1_114' title='bbox 901 1705 970 1747; x_wconf 88' lang='lat' dir='ltr'><strong>vere</strong></span> <span class='ocrx_word' id='word_1_115' title='bbox 993 1705 1128 1762; x_wconf 91' lang='lat' dir='ltr'><strong>magnum</strong></span> <span class='ocrx_word' id='word_1_116' title='bbox 1148 1690 1179 1746; x_wconf 90' lang='lat' dir='ltr'><strong>in</strong></span> <span class='ocrx_word' id='word_1_117' title='bbox 1201 1688 1337 1762; x_wconf 84' lang='lat' dir='ltr'><strong>Eresmo,</strong></span> <span class='ocrx_word' id='word_1_118' title='bbox 1365 1689 1441 1762; x_wconf 92' lang='lat' dir='ltr'><strong>quod</strong></span> 
     </span>
     <span class='ocr_line' id='line_1_14' title="bbox 223 1792 1441 1866; baseline -0.003 -11"><span class='ocrx_word' id='word_1_119' title='bbox 223 1811 254 1855; x_wconf 89' lang='lat' dir='ltr'><strong>se</strong></span> <span class='ocrx_word' id='word_1_120' title='bbox 286 1795 358 1852; x_wconf 94' lang='lat' dir='ltr'><strong>nihil</strong></span> <span class='ocrx_word' id='word_1_121' title='bbox 391 1794 447 1852; x_wconf 89' lang='lat' dir='ltr'><strong>nisi</strong></span> <span class='ocrx_word' id='word_1_122' title='bbox 479 1794 593 1852; x_wconf 91' lang='lat' dir='ltr'><strong>initium</strong></span> <span class='ocrx_word' id='word_1_123' title='bbox 620 1792 718 1851; x_wconf 87' lang='lat' dir='ltr'><strong>facere</strong></span> <span class='ocrx_word' id='word_1_124' title='bbox 749 1793 856 1852; x_wconf 87' lang='lat' dir='ltr'><strong>laboris</strong></span> <span class='ocrx_word' id='word_1_125' title='bbox 889 1811 944 1866; x_wconf 85' lang='lat' dir='ltr'><strong>per</strong></span> <span class='ocrx_word' id='word_1_126' title='bbox 975 1795 1061 1866; x_wconf 93' lang='lat' dir='ltr'><strong>longa</strong></span> <span class='ocrx_word' id='word_1_127' title='bbox 1092 1799 1223 1866; x_wconf 90' lang='lat' dir='ltr'><strong>tempora</strong></span> <span class='ocrx_word' id='word_1_128' title='bbox 1254 1794 1441 1852; x_wconf 86' lang='lat' dir='ltr'><strong>continuandi</strong></span> 
     </span>
     <span class='ocr_line' id='line_1_15' title="bbox 223 1896 1440 1972; baseline -0.002 -14"><span class='ocrx_word' id='word_1_129' title='bbox 223 1900 301 1958; x_wconf 90' lang='lat' dir='ltr'><strong>clare</strong></span> <span class='ocrx_word' id='word_1_130' title='bbox 335 1899 478 1971; x_wconf 89' lang='lat' dir='ltr'><strong>coguovit.</strong></span> <span class='ocrx_word' id='word_1_131' title='bbox 524 1899 572 1972; x_wconf 90' lang='lat' dir='ltr'><strong>,In</strong></span> <span class='ocrx_word' id='word_1_132' title='bbox 605 1896 804 1970; x_wconf 89' lang='lat' dir='ltr'><strong>quibusdam‘,</strong></span> <span class='ocrx_word' id='word_1_133' title='bbox 839 1898 944 1972; x_wconf 87' lang='lat' dir='ltr'><strong>inquit,</strong></span> <span class='ocrx_word' id='word_1_134' title='bbox 980 1899 1087 1972; x_wconf 89' lang='lat' dir='ltr'><strong>,coacti</strong></span> <span class='ocrx_word' id='word_1_135' title='bbox 1121 1915 1218 1956; x_wconf 89' lang='lat' dir='ltr'><strong>sumus</strong></span> <span class='ocrx_word' id='word_1_136' title='bbox 1248 1903 1331 1956; x_wconf 89' lang='lat' dir='ltr'><strong>vetus</strong></span> <span class='ocrx_word' id='word_1_137' title='bbox 1359 1899 1440 1970; x_wconf 91' lang='lat' dir='ltr'><strong>sequi</strong></span> 
     </span>
     <span class='ocr_line' id='line_1_16' title="bbox 221 2001 1442 2077; baseline -0.002 -15"><span class='ocrx_word' id='word_1_138' title='bbox 221 2003 421 2077; x_wconf 82' lang='lat' dir='ltr'><strong>proverbium:</strong></span> <span class='ocrx_word' id='word_1_139' title='bbox 451 2003 515 2060; x_wconf 90' lang='lat' dir='ltr'><strong>Non</strong></span> <span class='ocrx_word' id='word_1_140' title='bbox 546 2007 579 2060; x_wconf 91' lang='lat' dir='ltr'><strong>ut</strong></span> <span class='ocrx_word' id='word_1_141' title='bbox 599 2002 729 2060; x_wconf 87' lang='lat' dir='ltr'><strong>volumus</strong></span> <span class='ocrx_word' id='word_1_142' title='bbox 751 2002 804 2060; x_wconf 90' lang='lat' dir='ltr'><strong>sed</strong></span> <span class='ocrx_word' id='word_1_143' title='bbox 827 2007 859 2060; x_wconf 90' lang='lat' dir='ltr'><strong>ut</strong></span> <span class='ocrx_word' id='word_1_144' title='bbox 880 2019 1038 2074; x_wconf 88' lang='lat' dir='ltr'><strong>possumus.</strong></span> <span class='ocrx_word' id='word_1_145' title='bbox 1063 2035 1103 2044; x_wconf 89' lang='lat'>—</span> <span class='ocrx_word' id='word_1_146' title='bbox 1126 2003 1193 2060; x_wconf 87' lang='lat' dir='ltr'><strong>Non</strong></span> <span class='ocrx_word' id='word_1_147' title='bbox 1215 2001 1368 2062; x_wconf 82' lang='lat' dir='ltr'><strong>fraudatur</strong></span> <span class='ocrx_word' id='word_1_148' title='bbox 1389 2019 1442 2061; x_wconf 93' lang='lat' dir='ltr'><strong>sua</strong></span> 
     </span>
     <span class='ocr_line' id='line_1_17' title="bbox 222 2107 1441 2181; baseline 0 -15"><span class='ocrx_word' id='word_1_149' title='bbox 222 2107 309 2167; x_wconf 89' lang='lat' dir='ltr'><strong>laude</strong></span> <span class='ocrx_word' id='word_1_150' title='bbox 332 2109 380 2180; x_wconf 95' lang='lat' dir='ltr'><strong>qui</strong></span> <span class='ocrx_word' id='word_1_151' title='bbox 402 2123 455 2180; x_wconf 93' lang='lat' dir='ltr'><strong>pro</strong></span> <span class='ocrx_word' id='word_1_152' title='bbox 477 2111 609 2180; x_wconf 89' lang='lat' dir='ltr'><strong>tempore</strong></span> <span class='ocrx_word' id='word_1_153' title='bbox 631 2107 706 2179; x_wconf 91' lang='lat' dir='ltr'><strong>quod</strong></span> <span class='ocrx_word' id='word_1_154' title='bbox 729 2107 822 2178; x_wconf 90' lang='lat' dir='ltr'><strong>potuit</strong></span> <span class='ocrx_word' id='word_1_155' title='bbox 843 2107 1002 2181; x_wconf 90' lang='lat' dir='ltr'><strong>praestitit,</strong></span> <span class='ocrx_word' id='word_1_156' title='bbox 1032 2123 1066 2164; x_wconf 90' lang='lat' dir='ltr'><strong>ac</strong></span> <span class='ocrx_word' id='word_1_157' title='bbox 1094 2108 1170 2165; x_wconf 87' lang='lat' dir='ltr'><strong>viam</strong></span> <span class='ocrx_word' id='word_1_158' title='bbox 1193 2107 1311 2180; x_wconf 88' lang='lat' dir='ltr'><strong>aperuit</strong></span> <span class='ocrx_word' id='word_1_159' title='bbox 1333 2107 1441 2166; x_wconf 87' lang='lat' dir='ltr'><strong>ceteris</strong></span> 
     </span>
     <span class='ocr_line' id='line_1_18' title="bbox 223 2210 1442 2286; baseline -0.001 -16"><span class='ocrx_word' id='word_1_160' title='bbox 223 2212 389 2271; x_wconf 83' lang='lat' dir='ltr'><strong>elimatiore</strong></span> <span class='ocrx_word' id='word_1_161' title='bbox 416 2210 572 2270; x_wconf 89' lang='lat' dir='ltr'><strong>moliendi.‘</strong></span> <span class='ocrx_word' id='word_1_162' title='bbox 617 2213 682 2284; x_wconf 88' lang='lat' dir='ltr'><strong>lpse</strong></span> <span class='ocrx_word' id='word_1_163' title='bbox 717 2211 804 2286; x_wconf 89' lang='lat' dir='ltr'><strong>alias,</strong></span> <span class='ocrx_word' id='word_1_164' title='bbox 835 2217 867 2270; x_wconf 93' lang='lat' dir='ltr'><strong>ut</strong></span> <span class='ocrx_word' id='word_1_165' title='bbox 896 2211 1031 2285; x_wconf 86' lang='lat' dir='ltr'><strong>vidimus,</strong></span> <span class='ocrx_word' id='word_1_166' title='bbox 1063 2211 1244 2270; x_wconf 88' lang='lat' dir='ltr'><strong>adhibendae</strong></span> <span class='ocrx_word' id='word_1_167' title='bbox 1274 2212 1360 2270; x_wconf 76' lang='lat' dir='ltr'><strong>husae</strong></span> <span class='ocrx_word' id='word_1_168' title='bbox 1388 2213 1442 2270; x_wconf 90' lang='lat' dir='ltr'><strong>im-</strong></span> 
     </span>
     <span class='ocr_line' id='line_1_19' title="bbox 221 2315 1440 2391; baseline -0.001 -16"><span class='ocrx_word' id='word_1_169' title='bbox 221 2317 353 2391; x_wconf 86' lang='lat' dir='ltr'><strong>patiens,</strong></span> <span class='ocrx_word' id='word_1_170' title='bbox 375 2317 407 2374; x_wconf 93' lang='lat' dir='ltr'><strong>in</strong></span> <span class='ocrx_word' id='word_1_171' title='bbox 430 2316 544 2375; x_wconf 88' lang='lat' dir='ltr'><strong>biblicis</strong></span> <span class='ocrx_word' id='word_1_172' title='bbox 567 2315 668 2374; x_wconf 88' lang='lat' dir='ltr'><strong>studiis</strong></span> <span class='ocrx_word' id='word_1_173' title='bbox 692 2315 855 2390; x_wconf 86' lang='lat' dir='ltr'><strong>corrigendi</strong></span> <span class='ocrx_word' id='word_1_174' title='bbox 879 2321 910 2372; x_wconf 89' lang='lat' dir='ltr'><strong>ot</strong></span> <span class='ocrx_word' id='word_1_175' title='bbox 937 2316 1111 2374; x_wconf 90' lang='lat' dir='ltr'><strong>emendandi</strong></span> <span class='ocrx_word' id='word_1_176' title='bbox 1132 2317 1260 2375; x_wconf 83' lang='lat' dir='ltr'><strong>laborem</strong></span> <span class='ocrx_word' id='word_1_177' title='bbox 1280 2333 1339 2375; x_wconf 90' lang='lat' dir='ltr'><strong>nou</strong></span> <span class='ocrx_word' id='word_1_178' title='bbox 1358 2317 1440 2390; x_wconf 80' lang='lat' dir='ltr'><strong>fugit.</strong></span> 
     </span>
     <span class='ocr_line' id='line_1_20' title="bbox 221 2419 1441 2494; baseline 0.001 -16"><span class='ocrx_word' id='word_1_179' title='bbox 221 2420 348 2478; x_wconf 88' lang='lat' dir='ltr'><strong>iteratas</strong></span> <span class='ocrx_word' id='word_1_180' title='bbox 376 2419 450 2478; x_wconf 86' lang='lat' dir='ltr'><strong>Novi</strong></span> <span class='ocrx_word' id='word_1_181' title='bbox 480 2419 662 2478; x_wconf 86' lang='lat' dir='ltr'><strong>Testamenti</strong></span> <span class='ocrx_word' id='word_1_182' title='bbox 694 2419 837 2478; x_wconf 88' lang='lat' dir='ltr'><strong>editiones</strong></span> <span class='ocrx_word' id='word_1_183' title='bbox 878 2420 1046 2494; x_wconf 90' lang='lat' dir='ltr'><strong>,diligenter</strong></span> <span class='ocrx_word' id='word_1_184' title='bbox 1081 2419 1260 2494; x_wconf 86' lang='lat' dir='ltr'><strong>recognitas‘</strong></span> <span class='ocrx_word' id='word_1_185' title='bbox 1291 2437 1342 2479; x_wconf 90' lang='lat' dir='ltr'><strong>suo</strong></span> <span class='ocrx_word' id='word_1_186' title='bbox 1374 2423 1441 2494; x_wconf 88' lang='lat' dir='ltr'><strong>jnre</strong></span> 
     </span>
     <span class='ocr_line' id='line_1_21' title="bbox 222 2523 1442 2600; baseline 0 -18"><span class='ocrx_word' id='word_1_187' title='bbox 222 2524 360 2597; x_wconf 88' lang='lat' dir='ltr'><strong>appellat.</strong></span> <span class='ocrx_word' id='word_1_188' title='bbox 413 2523 550 2581; x_wconf 87' lang='lat' dir='ltr'><strong>Ceterum</strong></span> <span class='ocrx_word' id='word_1_189' title='bbox 580 2528 672 2581; x_wconf 91' lang='lat' dir='ltr'><strong>totam</strong></span> <span class='ocrx_word' id='word_1_190' title='bbox 702 2529 840 2596; x_wconf 89' lang='lat' dir='ltr'><strong>quantum</strong></span> <span class='ocrx_word' id='word_1_191' title='bbox 870 2529 985 2597; x_wconf 89' lang='lat' dir='ltr'><strong>poterat</strong></span> <span class='ocrx_word' id='word_1_192' title='bbox 1012 2525 1183 2597; x_wconf 90' lang='lat' dir='ltr'><strong>scripturam</strong></span> <span class='ocrx_word' id='word_1_193' title='bbox 1212 2527 1373 2600; x_wconf 85' lang='lat' dir='ltr'><strong>amplexus,</strong></span> <span class='ocrx_word' id='word_1_194' title='bbox 1403 2524 1442 2584; x_wconf 90' lang='lat' dir='ltr'><strong>ad</strong></span> 
     </span>
     <span class='ocr_line' id='line_1_22' title="bbox 221 2627 1440 2703; baseline 0.002 -17"><span class='ocrx_word' id='word_1_195' title='bbox 221 2627 472 2701; x_wconf 86' lang='lat' dir='ltr'><strong>interpretandum</strong></span> <span class='ocrx_word' id='word_1_196' title='bbox 503 2627 617 2686; x_wconf 86' lang='lat' dir='ltr'><strong>Novum</strong></span> <span class='ocrx_word' id='word_1_197' title='bbox 645 2627 861 2686; x_wconf 88' lang='lat' dir='ltr'><strong>Testamentum</strong></span> <span class='ocrx_word' id='word_1_198' title='bbox 896 2630 987 2702; x_wconf 89' lang='lat' dir='ltr'><strong>magis</strong></span> <span class='ocrx_word' id='word_1_199' title='bbox 1020 2629 1141 2688; x_wconf 89' lang='lat' dir='ltr'><strong>idoneus</strong></span> <span class='ocrx_word' id='word_1_200' title='bbox 1169 2635 1249 2703; x_wconf 73' lang='lat' dir='ltr'><strong>eret,</strong></span> <span class='ocrx_word' id='word_1_201' title='bbox 1276 2632 1307 2689; x_wconf 92' lang='lat' dir='ltr'><strong>in</strong></span> <span class='ocrx_word' id='word_1_202' title='bbox 1330 2629 1440 2689; x_wconf 88' lang='lat' dir='ltr'><strong>Vetere</strong></span> 
     </span>
     <span class='ocr_line' id='line_1_23' title="bbox 221 2731 1441 2809; baseline 0.003 -20"><span class='ocrx_word' id='word_1_203' title='bbox 221 2731 335 2806; x_wconf 89' lang='lat' dir='ltr'><strong>singula</strong></span> <span class='ocrx_word' id='word_1_204' title='bbox 350 2736 461 2788; x_wconf 89' lang='lat' dir='ltr'><strong>tantum</strong></span> <span class='ocrx_word' id='word_1_205' title='bbox 478 2731 565 2791; x_wconf 89' lang='lat' dir='ltr'><strong>altius</strong></span> <span class='ocrx_word' id='word_1_206' title='bbox 580 2737 610 2790; x_wconf 91' lang='lat' dir='ltr'><strong>et</strong></span> <span class='ocrx_word' id='word_1_207' title='bbox 621 2733 784 2790; x_wconf 88' lang='lat' dir='ltr'><strong>accuratius</strong></span> <span class='ocrx_word' id='word_1_208' title='bbox 807 2734 951 2792; x_wconf 83' lang='lat' dir='ltr'><strong>tractavit.</strong></span> <span class='ocrx_word' id='word_1_209' title='bbox 1000 2732 1187 2792; x_wconf 85' lang='lat' dir='ltr'><strong>Gravioribus</strong></span> <span class='ocrx_word' id='word_1_210' title='bbox 1202 2735 1331 2794; x_wconf 87' lang='lat' dir='ltr'><strong>intentus</strong></span> <span class='ocrx_word' id='word_1_211' title='bbox 1349 2751 1441 2809; x_wconf 87' lang='lat' dir='ltr'><strong>parve</strong></span> 
     </span>
     <span class='ocr_line' id='line_1_24' title="bbox 219 2833 1439 2912; baseline 0.002 -19"><span class='ocrx_word' id='word_1_212' title='bbox 219 2851 278 2894; x_wconf 92' lang='lat' dir='ltr'><strong>nou</strong></span> <span class='ocrx_word' id='word_1_213' title='bbox 300 2835 436 2908; x_wconf 85' lang='lat' dir='ltr'><strong>neglexit.</strong></span> <span class='ocrx_word' id='word_1_214' title='bbox 486 2835 583 2894; x_wconf 81' lang='lat' dir='ltr'><strong>Etiam</strong></span> <span class='ocrx_word' id='word_1_215' title='bbox 611 2836 649 2894; x_wconf 93' lang='lat' dir='ltr'><strong>ad</strong></span> <span class='ocrx_word' id='word_1_216' title='bbox 672 2833 793 2895; x_wconf 83' lang='lat' dir='ltr'><strong>formam</strong></span> <span class='ocrx_word' id='word_1_217' title='bbox 816 2838 971 2911; x_wconf 89' lang='lat' dir='ltr'><strong>orationis,</strong></span> <span class='ocrx_word' id='word_1_218' title='bbox 1006 2837 1159 2896; x_wconf 91' lang='lat' dir='ltr'><strong>bibliorum</strong></span> <span class='ocrx_word' id='word_1_219' title='bbox 1181 2839 1342 2912; x_wconf 89' lang='lat' dir='ltr'><strong>propriam,</strong></span> <span class='ocrx_word' id='word_1_220' title='bbox 1373 2839 1439 2897; x_wconf 89' lang='lat' dir='ltr'><strong>dill-</strong></span> 
     </span>
     <span class='ocr_line' id='line_1_25' title="bbox 220 2939 1440 3018; baseline 0.004 -21"><span class='ocrx_word' id='word_1_221' title='bbox 220 2943 324 3013; x_wconf 91' lang='lat' dir='ltr'><strong>genter</strong></span> <span class='ocrx_word' id='word_1_222' title='bbox 351 2939 483 2998; x_wconf 90' lang='lat' dir='ltr'><strong>attendit.</strong></span> <span class='ocrx_word' id='word_1_223' title='bbox 528 2939 575 2998; x_wconf 86' lang='lat' dir='ltr'><strong>Sic</strong></span> <span class='ocrx_word' id='word_1_224' title='bbox 601 2942 662 3014; x_wconf 88' lang='lat' dir='ltr'><strong>jam</strong></span> <span class='ocrx_word' id='word_1_225' title='bbox 689 2941 803 3000; x_wconf 86' lang='lat' dir='ltr'><strong>diversa</strong></span> <span class='ocrx_word' id='word_1_226' title='bbox 826 2942 1014 3014; x_wconf 88' lang='lat' dir='ltr'><strong>parallelismi</strong></span> <span class='ocrx_word' id='word_1_227' title='bbox 1037 2943 1244 3018; x_wconf 87' lang='lat' dir='ltr'><strong>membrorum,</strong></span> <span class='ocrx_word' id='word_1_228' title='bbox 1276 2961 1362 3017; x_wconf 90' lang='lat' dir='ltr'><strong>quem</strong></span> <span class='ocrx_word' id='word_1_229' title='bbox 1385 2961 1440 3002; x_wconf 86' lang='lat' dir='ltr'><strong>nos</strong></span> 
     </span>
     <span class='ocr_line' id='line_1_26' title="bbox 220 3042 1439 3122; baseline 0.004 -21"><span class='ocrx_word' id='word_1_230' title='bbox 220 3042 354 3117; x_wconf 86' lang='lat' dir='ltr'><strong>dicimus,</strong></span> <span class='ocrx_word' id='word_1_231' title='bbox 383 3059 494 3116; x_wconf 90' lang='lat' dir='ltr'><strong>genera</strong></span> <span class='ocrx_word' id='word_1_232' title='bbox 521 3045 690 3120; x_wconf 81' lang='lat' dir='ltr'><strong>distinguit,</strong></span> <span class='ocrx_word' id='word_1_233' title='bbox 719 3046 874 3104; x_wconf 87' lang='lat' dir='ltr'><strong>hebraicae</strong></span> <span class='ocrx_word' id='word_1_234' title='bbox 898 3048 1021 3106; x_wconf 85' lang='lat' dir='ltr'><strong>maxime</strong></span> <span class='ocrx_word' id='word_1_235' title='bbox 1044 3053 1164 3120; x_wconf 72' lang='lat' dir='ltr'><strong>poeseos</strong></span> <span class='ocrx_word' id='word_1_236' title='bbox 1186 3050 1318 3122; x_wconf 90' lang='lat' dir='ltr'><strong>propria,</strong></span> <span class='ocrx_word' id='word_1_237' title='bbox 1351 3066 1439 3122; x_wconf 90' lang='lat' dir='ltr'><strong>quum</strong></span> 
     </span>
     <span class='ocr_line' id='line_1_27' title="bbox 220 3148 1439 3226; baseline 0.004 -19"><span class='ocrx_word' id='word_1_238' title='bbox 220 3148 351 3222; x_wconf 88' lang='lat' dir='ltr'><strong>ejusdem</strong></span> <span class='ocrx_word' id='word_1_239' title='bbox 372 3165 473 3208; x_wconf 82' lang='lat' dir='ltr'><strong>versus</strong></span> <span class='ocrx_word' id='word_1_240' title='bbox 495 3150 596 3208; x_wconf 90' lang='lat' dir='ltr'><strong>stiobis</strong></span> <span class='ocrx_word' id='word_1_241' title='bbox 618 3149 664 3209; x_wconf 87' lang='lat' dir='ltr'><strong>vel</strong></span> <span class='ocrx_word' id='word_1_242' title='bbox 686 3149 805 3224; x_wconf 89' lang='lat' dir='ltr'><strong>similia,</strong></span> <span class='ocrx_word' id='word_1_243' title='bbox 828 3151 874 3210; x_wconf 86' lang='lat' dir='ltr'><strong>vel</strong></span> <span class='ocrx_word' id='word_1_244' title='bbox 890 3152 1049 3226; x_wconf 86' lang='lat' dir='ltr'><strong>contraria,</strong></span> <span class='ocrx_word' id='word_1_245' title='bbox 1071 3154 1118 3210; x_wconf 88' lang='lat' dir='ltr'><strong>vel</strong></span> <span class='ocrx_word' id='word_1_246' title='bbox 1135 3153 1238 3212; x_wconf 88' lang='lat' dir='ltr'><strong>eadem</strong></span> <span class='ocrx_word' id='word_1_247' title='bbox 1258 3154 1321 3212; x_wconf 88' lang='lat' dir='ltr'><strong>aliis</strong></span> <span class='ocrx_word' id='word_1_248' title='bbox 1342 3154 1439 3212; x_wconf 86' lang='lat' dir='ltr'><strong>verbis</strong></span> 
     </span>
     <span class='ocr_line' id='line_1_28' title="bbox 220 3250 1439 3332; baseline 0.006 -22"><span class='ocrx_word' id='word_1_249' title='bbox 220 3253 348 3325; x_wconf 88' lang='lat' dir='ltr'><strong>repetita</strong></span> <span class='ocrx_word' id='word_1_250' title='bbox 374 3254 457 3324; x_wconf 84' lang='lat' dir='ltr'><strong>juxta</strong></span> <span class='ocrx_word' id='word_1_251' title='bbox 487 3250 659 3326; x_wconf 82' lang='lat' dir='ltr'><strong>ponuntur.²</strong></span> <span class='ocrx_word' id='word_1_252' title='bbox 710 3255 754 3313; x_wconf 92' lang='lat' dir='ltr'><strong>De</strong></span> <span class='ocrx_word' id='word_1_253' title='bbox 790 3256 919 3314; x_wconf 91' lang='lat' dir='ltr'><strong>minutiis</strong></span> <span class='ocrx_word' id='word_1_254' title='bbox 952 3255 1121 3328; x_wconf 91' lang='lat' dir='ltr'><strong>quibusdam</strong></span> <span class='ocrx_word' id='word_1_255' title='bbox 1151 3257 1282 3316; x_wconf 84' lang='lat' dir='ltr'><strong>Graecae</strong></span> <span class='ocrx_word' id='word_1_256' title='bbox 1311 3258 1439 3332; x_wconf 87' lang='lat' dir='ltr'><strong>linguae,</strong></span> 
     </span>
     <span class='ocr_line' id='line_1_29' title="bbox 220 3357 1438 3436; baseline 0.007 -24"><span class='ocrx_word' id='word_1_257' title='bbox 220 3371 291 3428; x_wconf 88' lang='lat' dir='ltr'><strong>quas</strong></span> <span class='ocrx_word' id='word_1_258' title='bbox 321 3357 353 3413; x_wconf 91' lang='lat' dir='ltr'><strong>in</strong></span> <span class='ocrx_word' id='word_1_259' title='bbox 386 3357 619 3416; x_wconf 89' lang='lat' dir='ltr'><strong>adnotationibus</strong></span> <span class='ocrx_word' id='word_1_260' title='bbox 649 3358 686 3416; x_wconf 90' lang='lat' dir='ltr'><strong>ad</strong></span> <span class='ocrx_word' id='word_1_261' title='bbox 709 3359 820 3417; x_wconf 88' lang='lat' dir='ltr'><strong>Novum</strong></span> <span class='ocrx_word' id='word_1_262' title='bbox 844 3361 1063 3418; x_wconf 87' lang='lat' dir='ltr'><strong>Testamentum</strong></span> <span class='ocrx_word' id='word_1_263' title='bbox 1094 3362 1206 3436; x_wconf 89' lang='lat' dir='ltr'><strong>attigit,</strong></span> <span class='ocrx_word' id='word_1_264' title='bbox 1239 3369 1320 3422; x_wconf 88' lang='lat' dir='ltr'><strong>recte</strong></span> <span class='ocrx_word' id='word_1_265' title='bbox 1350 3361 1438 3421; x_wconf 89' lang='lat' dir='ltr'><strong>dicit:</strong></span> 
     </span>
     <span class='ocr_line' id='line_1_30' title="bbox 222 3458 1440 3536; baseline 0.006 -19"><span class='ocrx_word' id='word_1_266' title='bbox 222 3458 309 3532; x_wconf 86' lang='lat' dir='ltr'><strong>,Sunt</strong></span> <span class='ocrx_word' id='word_1_267' title='bbox 332 3459 405 3516; x_wconf 91' lang='lat' dir='ltr'><strong>haec</strong></span> <span class='ocrx_word' id='word_1_268' title='bbox 429 3461 633 3532; x_wconf 89' lang='lat' dir='ltr'><strong>minutissima,</strong></span> <span class='ocrx_word' id='word_1_269' title='bbox 657 3461 771 3536; x_wconf 79' lang='lat' dir='ltr'><strong>fateor3</strong></span> <span class='ocrx_word' id='word_1_270' title='bbox 794 3481 894 3522; x_wconf 83' lang='lat' dir='ltr'><strong>vorum</strong></span> <span class='ocrx_word' id='word_1_271' title='bbox 916 3465 952 3522; x_wconf 93' lang='lat' dir='ltr'><strong>ob</strong></span> <span class='ocrx_word' id='word_1_272' title='bbox 971 3465 1045 3524; x_wconf 89' lang='lat' dir='ltr'><strong>haec</strong></span> <span class='ocrx_word' id='word_1_273' title='bbox 1067 3467 1186 3525; x_wconf 90' lang='lat' dir='ltr'><strong>minima</strong></span> <span class='ocrx_word' id='word_1_274' title='bbox 1200 3467 1330 3526; x_wconf 87' lang='lat' dir='ltr'><strong>videmus</strong></span> <span class='ocrx_word' id='word_1_275' title='bbox 1347 3469 1440 3524; x_wconf 85' lang='lat' dir='ltr'><strong>maxi·</strong></span> 
     </span>
     <span class='ocr_line' id='line_1_31' title="bbox 221 3561 1438 3644; baseline 0.01 -26"><span class='ocrx_word' id='word_1_276' title='bbox 221 3577 281 3619; x_wconf 86' lang='lat' dir='ltr'><strong>moe</strong></span> <span class='ocrx_word' id='word_1_277' title='bbox 298 3561 387 3619; x_wconf 89' lang='lat' dir='ltr'><strong>etiam</strong></span> <span class='ocrx_word' id='word_1_278' title='bbox 399 3563 550 3637; x_wconf 90' lang='lat' dir='ltr'><strong>theologos</strong></span> <span class='ocrx_word' id='word_1_279' title='bbox 565 3581 769 3638; x_wconf 89' lang='lat' dir='ltr'><strong>nonnunquam</strong></span> <span class='ocrx_word' id='word_1_280' title='bbox 789 3573 819 3624; x_wconf 91' lang='lat' dir='ltr'><strong>et</strong></span> <span class='ocrx_word' id='word_1_281' title='bbox 842 3567 901 3625; x_wconf 89' lang='lat' dir='ltr'><strong>labi</strong></span> <span class='ocrx_word' id='word_1_282' title='bbox 920 3569 1045 3642; x_wconf 87' lang='lat' dir='ltr'><strong>turpiter</strong></span> <span class='ocrx_word' id='word_1_283' title='bbox 1064 3575 1095 3629; x_wconf 89' lang='lat' dir='ltr'><strong>et</strong></span> <span class='ocrx_word' id='word_1_284' title='bbox 1112 3570 1302 3630; x_wconf 89' lang='lat' dir='ltr'><strong>hallucinari.‘</strong></span> <span class='ocrx_word' id='word_1_285' title='bbox 1341 3572 1438 3644; x_wconf 88' lang='lat' dir='ltr'><strong>Ipsam</strong></span> 
     </span>
     <span class='ocr_line' id='line_1_32' title="bbox 220 3665 1439 3750; baseline 0.009 -27"><span class='ocrx_word' id='word_1_286' title='bbox 220 3665 368 3739; x_wconf 90' lang='lat' dir='ltr'><strong>vulgatam</strong></span> <span class='ocrx_word' id='word_1_287' title='bbox 395 3667 560 3725; x_wconf 87' lang='lat' dir='ltr'><strong>versionem</strong></span> <span class='ocrx_word' id='word_1_288' title='bbox 583 3669 750 3742; x_wconf 86' lang='lat' dir='ltr'><strong>saepissime</strong></span> <span class='ocrx_word' id='word_1_289' title='bbox 776 3687 810 3728; x_wconf 84' lang='lat' dir='ltr'><strong>er</strong></span> <span class='ocrx_word' id='word_1_290' title='bbox 834 3671 948 3731; x_wconf 86' lang='lat' dir='ltr'><strong>Graeco</strong></span> <span class='ocrx_word' id='word_1_291' title='bbox 971 3673 1051 3732; x_wconf 87' lang='lat' dir='ltr'><strong>fonte</strong></span> <span class='ocrx_word' id='word_1_292' title='bbox 1074 3677 1220 3750; x_wconf 84' lang='lat' dir='ltr'><strong>corrigere</strong></span> <span class='ocrx_word' id='word_1_293' title='bbox 1244 3675 1354 3749; x_wconf 88' lang='lat' dir='ltr'><strong>studet,</strong></span> <span class='ocrx_word' id='word_1_294' title='bbox 1381 3692 1439 3749; x_wconf 91' lang='lat' dir='ltr'><strong>qua</strong></span> 
     </span>
     <span class='ocr_line' id='line_1_33' title="bbox 219 3769 1437 3852; baseline 0.007 -24"><span class='ocrx_word' id='word_1_295' title='bbox 219 3770 251 3828; x_wconf 94' lang='lat' dir='ltr'><strong>in</strong></span> <span class='ocrx_word' id='word_1_296' title='bbox 273 3787 306 3828; x_wconf 86' lang='lat' dir='ltr'><strong>re</strong></span> <span class='ocrx_word' id='word_1_297' title='bbox 330 3769 475 3829; x_wconf 90' lang='lat' dir='ltr'><strong>interdum</strong></span> <span class='ocrx_word' id='word_1_298' title='bbox 497 3771 590 3844; x_wconf 91' lang='lat' dir='ltr'><strong>ipsum</strong></span> <span class='ocrx_word' id='word_1_299' title='bbox 614 3788 713 3832; x_wconf 89' lang='lat' dir='ltr'><strong>errare</strong></span> <span class='ocrx_word' id='word_1_300' title='bbox 744 3776 847 3832; x_wconf 93' lang='lat' dir='ltr'><strong>mirum</strong></span> <span class='ocrx_word' id='word_1_301' title='bbox 871 3793 928 3834; x_wconf 89' lang='lat' dir='ltr'><strong>nou</strong></span> <span class='ocrx_word' id='word_1_302' title='bbox 953 3783 1006 3835; x_wconf 90' lang='lat' dir='ltr'><strong>est.</strong></span> <span class='ocrx_word' id='word_1_303' title='bbox 1044 3779 1079 3836; x_wconf 92' lang='lat' dir='ltr'><strong>In</strong></span> <span class='ocrx_word' id='word_1_304' title='bbox 1096 3780 1191 3852; x_wconf 88' lang='lat' dir='ltr'><strong>prima</strong></span> <span class='ocrx_word' id='word_1_305' title='bbox 1214 3785 1310 3838; x_wconf 85' lang='lat' dir='ltr'><strong>textus</strong></span> <span class='ocrx_word' id='word_1_306' title='bbox 1332 3777 1437 3838; x_wconf 89' lang='lat' dir='ltr'><strong>Graeci</strong></span> 
     </span>
     <span class='ocr_line' id='line_1_34' title="bbox 222 3873 1438 3958; baseline 0.007 -24"><span class='ocrx_word' id='word_1_307' title='bbox 222 3875 351 3934; x_wconf 91' lang='lat' dir='ltr'><strong>editione</strong></span> <span class='ocrx_word' id='word_1_308' title='bbox 374 3873 466 3934; x_wconf 85' lang='lat' dir='ltr'><strong>verba</strong></span> <span class='ocrx_word' id='word_1_309' title='bbox 488 3877 638 3935; x_wconf 88' lang='lat' dir='ltr'><strong>notissima</strong></span> <span class='ocrx_word' id='word_1_310' title='bbox 661 3877 697 3935; x_wconf 88' lang='lat' dir='ltr'><strong>de</strong></span> <span class='ocrx_word' id='word_1_311' title='bbox 718 3879 810 3937; x_wconf 90' lang='lat' dir='ltr'><strong>tribus</strong></span> <span class='ocrx_word' id='word_1_312' title='bbox 829 3879 949 3940; x_wconf 87' lang='lat' dir='ltr'><strong>testibus</strong></span> <span class='ocrx_word' id='word_1_313' title='bbox 972 3883 1158 3958; x_wconf 88' lang='lat' dir='ltr'><strong>coelestibus,</strong></span> <span class='ocrx_word' id='word_1_314' title='bbox 1181 3901 1255 3956; x_wconf 90' lang='lat' dir='ltr'><strong>quae</strong></span> <span class='ocrx_word' id='word_1_315' title='bbox 1271 3883 1438 3958; x_wconf 89' lang='lat' dir='ltr'><strong>apudLati-</strong></span> 
     </span>
     <span class='ocr_line' id='line_1_35' title="bbox 219 3975 1437 4061; baseline 0.009 -25"><span class='ocrx_word' id='word_1_316' title='bbox 219 3995 271 4038; x_wconf 91' lang='lat' dir='ltr'><strong>nos</strong></span> <span class='ocrx_word' id='word_1_317' title='bbox 286 3975 428 4052; x_wconf 75' lang='lat' dir='ltr'><strong>epistolis</strong></span> <span class='ocrx_word' id='word_1_318' title='bbox 441 3980 593 4040; x_wconf 85' lang='lat' dir='ltr'><strong>Joauneae</strong></span> <span class='ocrx_word' id='word_1_319' title='bbox 615 3983 727 4054; x_wconf 89' lang='lat' dir='ltr'><strong>primae</strong></span> <span class='ocrx_word' id='word_1_320' title='bbox 751 3984 863 4042; x_wconf 89' lang='lat' dir='ltr'><strong>inserta</strong></span> <span class='ocrx_word' id='word_1_321' title='bbox 885 3991 962 4060; x_wconf 91' lang='lat' dir='ltr'><strong>sunt,</strong></span> <span class='ocrx_word' id='word_1_322' title='bbox 983 3991 1015 4044; x_wconf 91' lang='lat' dir='ltr'><strong>ut</strong></span> <span class='ocrx_word' id='word_1_323' title='bbox 1030 3989 1218 4061; x_wconf 85' lang='lat' dir='ltr'><strong>suppositicia</strong></span> <span class='ocrx_word' id='word_1_324' title='bbox 1233 3995 1313 4046; x_wconf 87' lang='lat' dir='ltr'><strong>recte</strong></span> <span class='ocrx_word' id='word_1_325' title='bbox 1334 3989 1437 4047; x_wconf 84' lang='lat' dir='ltr'><strong>omisit</strong></span> 
     </span>
     <span class='ocr_line' id='line_1_36' title="bbox 221 4082 1437 4167; baseline 0.008 -28"><span class='ocrx_word' id='word_1_326' title='bbox 221 4082 302 4154; x_wconf 80' lang='lat' dir='ltr'><strong>Quod</strong></span> <span class='ocrx_word' id='word_1_327' title='bbox 335 4083 372 4141; x_wconf 89' lang='lat' dir='ltr'><strong>ad</strong></span> <span class='ocrx_word' id='word_1_328' title='bbox 404 4101 503 4142; x_wconf 89' lang='lat' dir='ltr'><strong>rorum</strong></span> <span class='ocrx_word' id='word_1_329' title='bbox 537 4091 567 4143; x_wconf 93' lang='lat' dir='ltr'><strong>et</strong></span> <span class='ocrx_word' id='word_1_330' title='bbox 601 4089 809 4146; x_wconf 85' lang='lat' dir='ltr'><strong>sententiarum</strong></span> <span class='ocrx_word' id='word_1_331' title='bbox 842 4088 1014 4148; x_wconf 86' lang='lat' dir='ltr'><strong>biblicamm</strong></span> <span class='ocrx_word' id='word_1_332' title='bbox 1047 4092 1267 4164; x_wconf 87' lang='lat' dir='ltr'><strong>explicationem</strong></span> <span class='ocrx_word' id='word_1_333' title='bbox 1299 4094 1437 4167; x_wconf 89' lang='lat' dir='ltr'><strong>pertinet,</strong></span> 
     </span>
     <span class='ocr_line' id='line_1_37' title="bbox 220 4184 1438 4270; baseline 0.009 -27"><span class='ocrx_word' id='word_1_334' title='bbox 220 4184 407 4244; x_wconf 82' lang='lat' dir='ltr'><strong>traditionem</strong></span> <span class='ocrx_word' id='word_1_335' title='bbox 441 4190 585 4249; x_wconf 89' lang='lat' dir='ltr'><strong>ecclesiae</strong></span> <span class='ocrx_word' id='word_1_336' title='bbox 618 4207 673 4248; x_wconf 91' lang='lat' dir='ltr'><strong>nec</strong></span> <span class='ocrx_word' id='word_1_337' title='bbox 707 4193 813 4250; x_wconf 89' lang='lat' dir='ltr'><strong>leviter</strong></span> <span class='ocrx_word' id='word_1_338' title='bbox 847 4193 907 4251; x_wconf 80' lang='lat' dir='ltr'><strong>vult</strong></span> <span class='ocrx_word' id='word_1_339' title='bbox 941 4195 1055 4269; x_wconf 90' lang='lat' dir='ltr'><strong>sperni,</strong></span> <span class='ocrx_word' id='word_1_340' title='bbox 1094 4213 1149 4254; x_wconf 90' lang='lat' dir='ltr'><strong>nec</strong></span> <span class='ocrx_word' id='word_1_341' title='bbox 1181 4213 1234 4270; x_wconf 89' lang='lat' dir='ltr'><strong>pro</strong></span> <span class='ocrx_word' id='word_1_342' title='bbox 1265 4196 1438 4256; x_wconf 90' lang='lat' dir='ltr'><strong>immutabili</strong></span> 
     </span>
    </p>
   </div>
   <div class='ocr_carea' id='block_1_6' title="bbox 221 4291 1439 4481">
    <p class='ocr_par' dir='ltr' id='par_1_6' title="bbox 221 4291 1439 4481">
     <span class='ocr_line' id='line_1_38' title="bbox 221 4291 1439 4376; baseline 0.009 -29"><span class='ocrx_word' id='word_1_343' title='bbox 221 4291 393 4350; x_wconf 86' lang='lat' dir='ltr'><strong>auctoritate</strong></span> <span class='ocrx_word' id='word_1_344' title='bbox 424 4292 539 4368; x_wconf 87' lang='lat' dir='ltr'><strong>haberi,</strong></span> <span class='ocrx_word' id='word_1_345' title='bbox 571 4295 676 4368; x_wconf 90' lang='lat' dir='ltr'><strong>quippe</strong></span> <span class='ocrx_word' id='word_1_346' title='bbox 699 4311 756 4368; x_wconf 92' lang='lat' dir='ltr'><strong>qua</strong></span> <span class='ocrx_word' id='word_1_347' title='bbox 781 4298 843 4369; x_wconf 89' lang='lat' dir='ltr'><strong>jam</strong></span> <span class='ocrx_word' id='word_1_348' title='bbox 867 4298 976 4356; x_wconf 88' lang='lat' dir='ltr'><strong>idcirco</strong></span> <span class='ocrx_word' id='word_1_349' title='bbox 998 4300 1109 4372; x_wconf 89' lang='lat' dir='ltr'><strong>pollere</strong></span> <span class='ocrx_word' id='word_1_350' title='bbox 1133 4301 1184 4358; x_wconf 93' lang='lat' dir='ltr'><strong>iila</strong></span> <span class='ocrx_word' id='word_1_351' title='bbox 1204 4307 1342 4376; x_wconf 89' lang='lat' dir='ltr'><strong>nequeat,</strong></span> <span class='ocrx_word' id='word_1_352' title='bbox 1371 4301 1439 4374; x_wconf 91' lang='lat' dir='ltr'><strong>quia</strong></span> 
     </span>
     <span class='ocr_line' id='line_1_39' title="bbox 221 4395 1439 4481; baseline 0.01 -29"><span class='ocrx_word' id='word_1_353' title='bbox 221 4411 258 4452; x_wconf 89' lang='lat' dir='ltr'><strong>ne</strong></span> <span class='ocrx_word' id='word_1_354' title='bbox 282 4395 399 4454; x_wconf 90' lang='lat' dir='ltr'><strong>minime</strong></span> <span class='ocrx_word' id='word_1_355' title='bbox 420 4397 535 4469; x_wconf 90' lang='lat' dir='ltr'><strong>quidem</strong></span> <span class='ocrx_word' id='word_1_356' title='bbox 559 4403 655 4457; x_wconf 88' lang='lat' dir='ltr'><strong>tantus</strong></span> <span class='ocrx_word' id='word_1_357' title='bbox 678 4400 717 4457; x_wconf 89' lang='lat' dir='ltr'><strong>sit</strong></span> <span class='ocrx_word' id='word_1_358' title='bbox 737 4405 869 4458; x_wconf 87' lang='lat' dir='ltr'><strong>veterum</strong></span> <span class='ocrx_word' id='word_1_359' title='bbox 889 4417 1060 4479; x_wconf 82' lang='lat' dir='ltr'><strong>consensus,</strong></span> <span class='ocrx_word' id='word_1_360' title='bbox 1086 4409 1211 4478; x_wconf 89' lang='lat' dir='ltr'><strong>quantus</strong></span> <span class='ocrx_word' id='word_1_361' title='bbox 1234 4407 1319 4481; x_wconf 88' lang='lat' dir='ltr'><strong>vulgo</strong></span> <span class='ocrx_word' id='word_1_362' title='bbox 1341 4405 1439 4466; x_wconf 84' lang='lat' dir='ltr'><strong>existi·</strong></span> 
     </span>
    </p>
   </div>
   <div class='ocr_carea' id='block_1_7' title="bbox 309 4607 1196 4690">
    <p class='ocr_par' dir='ltr' id='par_1_7' title="bbox 309 4607 1196 4690">
     <span class='ocr_line' id='line_1_40' title="bbox 309 4607 1196 4690; baseline 0.014 -32"><span class='ocrx_word' id='word_1_363' title='bbox 309 4607 336 4676; x_wconf 88' lang='lat'><strong>1)</strong></span> <span class='ocrx_word' id='word_1_364' title='bbox 356 4609 459 4674; x_wconf 78' lang='lat' dir='ltr'><strong>Oppii</strong></span> <span class='ocrx_word' id='word_1_365' title='bbox 479 4627 504 4677; x_wconf 91' lang='lat' dir='ltr'><strong>p.</strong></span> <span class='ocrx_word' id='word_1_366' title='bbox 519 4617 559 4662; x_wconf 77' lang='lat'><strong>92.</strong></span> <span class='ocrx_word' id='word_1_367' title='bbox 574 4618 616 4665; x_wconf 75' lang='lat'><strong>93.</strong></span> <span class='ocrx_word' id='word_1_368' title='bbox 723 4611 749 4680; x_wconf 76' lang='lat'><strong>2)</strong></span> <span class='ocrx_word' id='word_1_369' title='bbox 770 4613 834 4679; x_wconf 89' lang='lat' dir='ltr'><strong>Opp.</strong></span> <span class='ocrx_word' id='word_1_370' title='bbox 847 4615 871 4667; x_wconf 86' lang='lat' dir='ltr'><strong>V</strong></span> <span class='ocrx_word' id='word_1_371' title='bbox 886 4619 952 4667; x_wconf 71' lang='lat'>1007</span> <span class='ocrx_word' id='word_1_372' title='bbox 972 4617 1010 4684; x_wconf 91' lang='lat' dir='ltr'><strong>(iu</strong></span> <span class='ocrx_word' id='word_1_373' title='bbox 1031 4619 1196 4690; x_wconf 83' lang='lat' dir='ltr'><strong>ecclesiasta).</strong></span> 
     </span>
    </p>
   </div>
   <div class='ocr_carea' id='block_1_8' title="bbox 0 0 1598 5086">
    <p class='ocr_par' dir='ltr' id='par_1_8' title="bbox 0 0 1598 5086">
     <span class='ocr_line' id='line_1_41' title="bbox 0 0 1598 5086; baseline 0 0"><span class='ocrx_word' id='word_1_374' title='bbox 0 0 1598 5086; x_wconf 95' lang='lat' dir='ltr'><strong> </strong></span> 
     </span>
    </p>
   </div>
  </div>
 </body>
</html>
