3202 5036
240 259 257 316 8
724 261 962 338 PasmsParours

240 475 339 546 vigere
361 475 504 534 neminem
531 476 611 534 latet.
656 475 769 550 Legaut
796 477 929 534 eximium
957 475 1086 550 ejusdem
1111 472 1237 534 librum²
1258 474 1295 533 de
1323 472 1450 532 celeber-

241 577 314 638 rima
335 578 440 638 Galilei
468 595 555 638 causa
592 580 684 653 deque
707 579 885 640 Jesmtuun
920 581 1042 654 astutia,
1066 596 1122 653 qua
1152 596 1223 653 prae
1254 579 1359 638 ceteris
1387 593 1448 634 rem

241 681 320 740 illam
345 689 375 741 et
397 683 540 755 quondam
563 689 728 758 gesserunt,
759 690 789 742 et
816 689 929 757 gestam
950 685 1097 756 hucusque
1121 683 1337 756 coloraverunt,
1365 695 1450 738 excu-

241 791 395 860 saverunt,
427 787 623 848 laudaverunt.
668 787 730 858 Quo
760 788 872 846 cautius
900 791 944 861 ct,
970 795 1107 860 quantum
1129 786 1193 846 fieri
1215 791 1323 861 potest,
1354 785 1450 843 mitius

242 891 365 964 scriptor
392 891 442 951 ille
470 891 628 951 decuriae
655 891 782 972 peccatis
807 890 934 964 indicat,
965 909 1000 950 eo
1023 892 1129 949 clarius
1155 891 1325 964 probissimo
1347 890 1449 961 cuique

242 995 343 1054 lectori
373 995 563 1068 demonstrat,
592 995 706 1067 quantis
736 1001 767 1055 et
792 1011 879 1067 quam
905 995 1057 1054 horrendis
1079 996 1194 1054 auxiliis
1215 995 1282 1067 illa,
1305 995 1392 1052 nimio
1414 1010 1451 1051 ac

241 1115 378 1172 perverso
405 1099 522 1158 unitatis
545 1099 770 1173 disciplinaeque
794 1099 888 1158 studio
910 1099 1013 1168 ducta,
1046 1115 1097 1158 usa
1119 1098 1207 1158 luerit
1229 1115 1285 1157 non
1306 1097 1391 1156 modo
1413 1098 1452 1156 ad

243 1203 460 1278 opprimendum
490 1219 605 1278 verum,
639 1204 803 1265 sedetiam
842 1204 879 1263 ed
907 1204 1121 1278 exstirpandam
1151 1205 1213 1262 veri
1237 1203 1450 1263 conscientiam.

242 1309 305 1367 Hoc
327 1308 415 1382 igitur
437 1309 537 1368 morbo
560 1311 685 1382 consepti
715 1309 771 1382 ipsi
794 1309 963 1381 Pontifices,
986 1315 1135 1382 postquam
1158 1309 1235 1366 inter
1256 1307 1353 1367 Gades
1376 1307 1453 1364 chri-

242 1413 338 1472 stiane
369 1412 473 1486 religio
509 1414 617 1472 abolita
649 1423 679 1472 ct
711 1415 845 1473 restituta
873 1421 933 1488 est,
968 1413 1143 1472 Jesuitarum
1173 1413 1344 1472 societatem
1376 1411 1452 1470 haud
1569 1465 1570 1472 ,

242 1517 332 1574 multo
355 1521 423 1575 aute
445 1516 577 1577 sollemni
599 1518 679 1578 hulla
701 1519 921 1579 condemnatam
944 1521 976 1576 et
995 1518 1151 1592 sublatam,
1173 1523 1398 1590 renovaverunt,
1420 1523 1453 1576 ut

243 1621 275 1680 iu
295 1625 357 1679 tota
379 1620 503 1680 ecclesia
524 1622 721 1696 praevaleret,
752 1621 895 1695 gradatim
921 1621 1096 1696 effecerunt3
1125 1621 1249 1680 absoluti
1270 1621 1384 1693 imperii
1406 1621 1450 1678 sui

243 1725 395 1798 majestate
431 1739 496 1783 sese
528 1725 615 1784 etiam
642 1725 855 1784 incredulorum
885 1726 1031 1786 homiuum
1064 1726 1174 1784 animos
1202 1725 1239 1784 ad
1266 1724 1450 1784 christianam

243 1828 414 1901 religionem
445 1827 613 1889 reducturos
640 1807 863 1890 somniaverunt.
914 1829 971 1890 Sed
1000 1831 1082 1888 inviti
1110 1831 1304 1889 succrescenti
1332 1831 1451 1903 pagani-

243 1931 296 1990 tati
319 1931 473 2006 largiorem
497 1948 582 2004 quam
604 1933 754 2006 quisquam
777 1934 851 1992 elius
878 1935 1029 1993 materiem
1057 1934 1174 1993 dabant.
1223 1934 1400 1992 Restaurata
1422 1939 1454 1992 et

244 2035 447 2109 mangonizata
468 2036 614 2110 theologia
628 2036 769 2096 Jesuitica
792 2037 902 2097 altioris
930 2039 1061 2098 veritatis
1083 2037 1268 2110 desiderium,
1289 2039 1366 2098 inter
1380 2043 1455 2097 tem·

243 2155 345 2213 porum
373 2139 471 2200 clades
499 2141 530 2199 in
558 2142 655 2201 multis
687 2143 856 2217 excitatum,
886 2144 1004 2217 explere
1033 2161 1090 2204 uon
1121 2144 1222 2218 potuit.
1274 2142 1456 2202 Foedissima

244 2243 300 2300 ista
328 2244 483 2319 servitute,
506 2261 580 2318 quae
603 2264 656 2319 pro
672 2245 889 2306 christianismo
906 2248 1077 2321 habebatur,
1100 2248 1257 2307 nobiliores
1272 2247 1369 2320 animi,
1389 2249 1455 2319 cogi

244 2347 393 2422 uolentes,
414 2347 451 2408 de
473 2349 536 2422 ipso
553 2349 771 2434 christianismo
792 2350 1025 2410 deterrebantur.
1069 2351 1187 2408 Etenim
1206 2351 1249 2423 id,
1272 2351 1347 2424 quod
1368 2351 1456 2424 Igna-

242 2453 299 2510 tios
321 2451 424 2523 LoJ'ola
452 2453 584 2511 societati
614 2468 684 2512 suae
711 2455 911 2528 praescripsit,
939 2459 972 2511 ut
998 2453 1073 2527 quod
1102 2453 1200 2512 album
1228 2457 1455 2532 conspexissent

238 2555 407 2630 jubentibus
444 2556 641 2629 superioribus
681 2558 779 2615 statim
821 2563 917 2617 atrum
951 2559 1147 2631 nominarent,
1183 2565 1249 2630 post
1281 2559 1455 2618 Vaticanum

243 2658 401 2719 Concilium
420 2665 554 2733 stupente
576 2659 682 2719 mundo
705 2661 858 2720 universae
881 2661 1183 2721 ecclesiaeRomauae
1197 2662 1245 2718 lex
1268 2663 1373 2720 lactum
1397 2671 1451 2721 est.

243 2764 329 2838 Cujm
351 2765 395 2823 rei
419 2765 550 2837 exempla
572 2770 633 2823 turn
657 2765 840 2824 celeberrimi
864 2764 1050 2824 Comitiorum
1065 2763 1301 2823 Germanicorum
1321 2769 1453 2822 oratores

243 2869 340 2943 Laici,
375 2885 439 2927 cum
461 2869 671 2928 Wiudthorstio
694 2885 712 2928 a
734 2867 901 2929 Gueliorum
930 2875 1012 2942 parte
1046 2873 1169 2942 stantes,
1202 2875 1262 2926 tom
1286 2867 1452 2928 sacerdotes

243 2979 273 3032 et
297 2973 424 3047 episcopi
445 2974 558 3046 publice
579 2973 731 3038 dederunt.
768 2975 869 3048 ltaque
885 2973 971 3047 fides,
993 2990 1012 3032 a
1034 2973 1149 3033 summis
1165 2974 1308 3032 variarum
1323 2973 1453 3048 gentium

243 3079 313 3138 viris
338 3078 375 3137 ad
401 3084 501 3136 nutum
527 3077 625 3154 Papae
652 3085 778 3156 niumm,
809 3079 987 3155 contemptui
1015 3079 1112 3138 multis
1143 3077 1347 3138 eruditioribus
1376 3077 1455 3137 lacta

244 3191 297 3244 est.
342 3183 538 3244 Recordemur
559 3186 665 3246 iterum
683 3185 793 3246 Juliani
808 3184 970 3246 Oardiualis
995 3185 1096 3254 verba,
1118 3183 1289 3244 aBossueto
1311 3183 1455 3258 qnondam

244 3290 376 3349 laudata:
401 3290 474 3362 ,Nos
496 3291 631 3352 arborem
653 3290 691 3350 ad
714 3297 822 3352 terram
844 3293 1076 3364 praecipitamus.
1122 3288 1231 3351 Saltem
1253 3291 1301 3362 qui
1322 3306 1378 3348 uon
1393 3287 1455 3346 vult

242 3392 384 3464 praebere
405 3390 472 3449 fidei
495 3393 637 3465 subsidia,
660 3411 719 3451 non
740 3396 882 3468 praebeat
905 3393 1129 3467 impedimenta‘

331 3491 446 3565 Optime
479 3493 552 3552 haec
587 3497 682 3553 omnic
715 3498 864 3571 perspexit
896 3499 939 3553 vir
973 3501 1003 3554 et
1037 3495 1211 3556 christianae
1244 3498 1391 3570 religionis
1424 3505 1455 3555 et

243 3597 356 3672 patriae
373 3595 612 3668 Francogallicae
636 3600 862 3670 amantissimus,
885 3599 1006 3674 Agenor
1028 3597 1064 3655 de
1083 3597 1235 3672 Gasparin.
1271 3601 1326 3673 Qui
1348 3607 1456 3675 quanta

243 3704 326 3786 bonav
341 3716 404 3758 cum
428 3716 529 3758 omues
551 3702 649 3775 populi
664 3700 771 3780 Latini,
795 3709 854 3761 tum
869 3700 1053 3775 Francogalli
1073 3703 1192 3762 unitatis
1214 3704 1308 3764 studio
1328 3706 1456 3764 debeant

242 3805 408 3881 plenissime
435 3802 551 3876 quidem
578 3806 721 3878 agnoscit,
745 3807 828 3864 simul
856 3821 924 3863 uero
949 3806 1075 3864 studium
1102 3807 1185 3882 illud,
1216 3809 1367 3870 immodice
1389 3827 1454 3882 pro·

244 3928 388 3986 gressum,
410 3907 519 3981 jamdiu
541 3909 623 3981 quasi
646 3909 794 3982 ,Latinum
819 3907 961 3968 morbuur‘
985 3911 1129 3970 exstitisse
1153 3918 1183 3971 et
1207 3914 1366 3972 novissimis
1383 3919 1454 3972 tem-

242 4014 358 4088 poribus
379 4013 417 4072 ad
439 4012 620 4072 intolerabile
637 4013 743 4071 molum
765 4013 960 4090 degenerasse
976 4013 1129 4074 ostendit.²
1173 4015 1267 4086 Quare
1288 4018 1363 4090 quod
1378 4019 1456 4076 iuter

243 4116 341 4178 Gallos
363 4124 470 4188 ‚motus
493 4117 662 4178 nationalis‘
685 4117 849 4179 nominetur
870 4119 941 4179 nihil
957 4122 1126 4195 plerumque
1151 4137 1215 4181 esse
1230 4122 1286 4180 uisi
1302 4120 1454 4181 audacium

339 4371 364 4440 1)
382 4371 433 4424 Dar
448 4372 557 4424 Process
575 4373 691 4426 Galilei's
710 4374 761 4424 und
780 4375 820 4426 die
839 4377 967 4437 Jesuiten,
990 4377 1065 4428 Bonu
1083 4377 1158 4429 lass.

338 4461 364 4527 θ)
383 4461 422 4512 La
442 4461 555 4524 Franco,
579 4479 633 4516 uos.
649 4461 745 4526 iautes,
771 4463 930 4528 hesperiis,
953 4471 1026 4515 notre
1043 4465 1144 4528 avenis,
1165 4473 1230 4516 tome
1252 4471 1274 4515 2.
1302 4481 1326 4529 p.
1348 4470 1389 4518 bl.
1415 4471 1455 4517 bd.

242 4549 372 4614 ,L’unitd,
394 4549 502 4604 maledie
520 4548 617 4603 latino!
