3188 5086
664 291 757 342 Garun
779 292 812 342 ΙΙ.
922 349 928 360 Ι
1315 285 1350 338 93

1259 376 1342 383 .—

134 507 231 566 nensis
254 511 327 565 erat.
371 505 427 576 Qui
449 507 495 564 vir
515 506 620 580 pusillo
642 505 760 579 ingenio
782 510 812 564 et
834 505 945 578 animo,
976 503 1090 562 modica
1113 502 1259 573 doctrina,
1282 501 1353 560 scri·

133 609 220 670 bendi
242 627 301 670 non
323 611 489 684 imperitus,
517 611 643 669 moribus
667 610 784 681 integer
810 609 863 668 sed
883 608 1013 667 veritatis
1035 624 1093 666 non
1115 606 1268 665 admodum
1290 611 1350 663 stu·
1410 601 1415 610 '

133 714 245 788 diosus,
284 713 522 773 infallibilitatem
552 715 687 787 papalem
720 713 779 785 jam
814 717 883 773 aute
915 713 1070 771 concilium
1107 716 1219 769 mutata
1254 710 1350 784 priore

133 819 282 877 sententia
302 819 469 878 admiserat.
501 817 597 890 Quare
615 819 696 876 inter
714 833 765 875 eos
785 816 926 892 fulgebat,
945 817 1048 890 quibus
1070 831 1173 874 novum
1195 814 1299 887 dogma
1320 813 1352 870 in

132 939 214 981 suam
244 920 367 982 formam
394 922 584 996 redigendum
612 922 794 981 commissum
825 927 877 980 est
922 919 1010 994 Cuius
1038 919 1187 991 dignitatis
1210 916 1265 976 sibi
1284 933 1354 974 con·

133 1027 224 1085 scium
247 1025 354 1086 Hefele
376 1025 639 1101 Rottenburgensis
661 1026 815 1098 descripsit
834 1041 900 1086 eum
923 1042 976 1097 per
990 1023 1112 1083 Consilii
1137 1023 1232 1081 aulam
1254 1023 1352 1094 ingre-

133 1131 281 1204 dientem,
311 1132 406 1204 ,quasi
433 1147 533 1190 omnes
562 1132 593 1188 in
622 1147 706 1189 sacco
733 1127 868 1189 teneret‘
918 1127 1080 1188 cardinalis
1110 1126 1147 1186 de
1177 1125 1259 1185 Luca
1283 1141 1353 1187 vero

134 1236 322 1294 exclamavit:
350 1234 469 1294 Utinam
497 1251 596 1294 omnes
621 1235 749 1308 episcopi
777 1231 943 1292 Germanioi
967 1231 1216 1291 Paderbornensis
1244 1229 1353 1288 similes

135 1343 242 1398 essent
275 1339 469 1398 Nihilominus
491 1341 650 1398 zelotarum
673 1338 831 1412 acerrimis,
853 1338 940 1395 immo
962 1337 1019 1410 ipsi
1034 1335 1147 1410 Papae,
1160 1336 1239 1408 J'usto
1257 1333 1355 1392 mitior

134 1442 281 1502 interdum
309 1443 387 1501 risus
410 1449 469 1516 est,
497 1457 602 1517 quare,
630 1458 716 1514 quum
741 1441 839 1500 neutri
867 1441 944 1514 parti
966 1455 998 1498 se
1021 1447 1106 1514 grata
1128 1438 1269 1512 perlicere
1292 1438 1355 1496 ani·

134 1546 348 1621 madverteret,
390 1547 523 1620 ,Utinam
555 1543 780 1620 Garibaldiani,‘
814 1545 920 1618 inquit,
955 1545 1104 1618 ,uenirent
1139 1549 1169 1602 et
1202 1543 1355 1602 concilium

135 1650 359 1724 dispergerent‘
403 1650 598 1710 Nihilominus
626 1650 742 1708 concilii
774 1651 884 1709 exitum
916 1666 974 1708 non
995 1649 1091 1724 potuit
1109 1665 1167 1708 non
1190 1664 1254 1706 oum
1275 1645 1357 1720 Papa

135 1755 274 1828 probare3
301 1754 484 1814 decretorum
511 1754 744 1814 ardentissimum
772 1751 955 1814 defensorem
981 1770 1013 1813 se
1036 1755 1196 1828 praestitit3
1228 1755 1276 1813 bic
1298 1753 1357 1826 pri-

136 1875 215 1934 mus,
242 1864 382 1932 quantum
413 1860 488 1932 scio,
512 1861 661 1919 ciuitatem
683 1855 852 1918 Pontificiae
872 1859 1063 1932 conjurationi
1085 1859 1270 1918 resistentem
1291 1875 1357 1916 oum

137 1963 321 2022 Diocletiano
348 1964 502 2022 ecclesiam
528 1970 724 2038 persequente
754 1964 940 2037 comparavit
991 1961 1049 2021 Sed
1076 1968 1231 2036 supererat
1257 1963 1289 2021 in
1321 1978 1357 2020 eo

138 2065 250 2140 aliquid
273 2067 396 2140 amoris,
425 2084 482 2140 quo
502 2067 626 2141 patriam
641 2067 823 2126 Berussicam
846 2083 865 2124 a
886 2071 988 2150 tenero
1009 2067 1173 2139 complexus
1191 2071 1265 2126 erat.
1299 2066 1358 2124 Ita·

138 2188 195 2244 que
217 2171 248 2229 in
268 2170 367 2230 libello
381 2171 505 2244 quodam
521 2172 651 2246 scripsit,
674 2171 860 2246 magistratus
873 2169 1161 2230 Romanooatbolicos
1175 2171 1207 2228 in
1220 2169 1358 2228 Bonussia

139 2291 197 2333 non
224 2274 457 2335 condemnandos
485 2285 569 2350 esse,
592 2277 617 2335 si
639 2292 691 2349 pro
710 2276 838 2334 muneris
860 2275 905 2334 sui
926 2271 1028 2333 officiis
1049 2274 1131 2348 leges
1154 2274 1249 2347 Majas
1271 2289 1357 2332 exse-

139 2384 307 2451 querentur.
352 2378 406 2450 Qui
437 2379 554 2439 libellus
577 2379 673 2438 statim
695 2380 732 2438 ab
755 2379 863 2438 Indicis
885 2377 1121 2455 Congregatione
1142 2378 1248 2454 ,donec
1271 2379 1359 2436 corri-

140 2481 276 2556 geretur‘
298 2483 460 2556 prohibitus
482 2488 536 2546 est
580 2483 762 2556 Quapropter
784 2485 908 2557 scriptor
923 2482 1107 2542 emendatam
1123 2483 1185 2555 ejus
1201 2481 1359 2541 editionem

140 2603 228 2660 quam
248 2586 400 2646 celerrime
423 2588 550 2661 curavit,
572 2587 688 2660 adjecta
707 2604 807 2662 causa,
838 2587 915 2662 quod
937 2589 1047 2647 rectius
1063 2588 1181 2647 interim
1202 2586 1360 2660 didicisset,

142 2690 212 2763 quid
235 2689 273 2749 de
296 2706 386 2750 aare
408 2707 494 2751 saera
515 2691 601 2752 sedes
624 2691 760 2766 sentiret3
782 2695 863 2768 cnjus
884 2693 1051 2751 auctoritati
1073 2708 1218 2765 nunquam
1240 2708 1272 2750 se
1294 2707 1361 2750 oon·

142 2793 334 2853 tradicturum
356 2810 431 2854 esse.

231 2897 400 2958 Praesentis
427 2899 497 2959 belli
519 2899 636 2973 Papalis
664 2899 793 2974 origines
822 2899 1043 2974 descripsimus,
1065 2900 1154 2974 quod,
1184 2899 1252 2960 dnm
1274 2899 1361 2958 finem

144 3004 208 3074 ejus
236 3003 314 3077 apud
341 3019 394 3062 nos
425 3004 509 3062 multi
535 3003 644 3062 frustra
673 3009 858 3078 exspectant,
889 3004 966 3077 apud
996 3009 1113 3063 exteros
1140 3021 1254 3078 quoqne
1277 3005 1360 3063 simul

142 3107 252 3181 passim
281 3109 378 3181 erupit
404 3113 436 3168 et
467 3109 600 3168 increvit
646 3108 790 3180 Quasnam
819 3109 857 3166 ob
875 3123 983 3168 vcausas
1005 3109 1037 3166 in
1060 3107 1217 3167 Germania
1238 3109 1361 3180 primum

143 3211 346 3271 vehementius
373 3212 446 3272 illud
477 3214 619 3272 exarserit
649 3229 738 3286 supra
768 3213 979 3286 explicavimus.
1032 3213 1150 3271 Interea
1171 3211 1239 3270 Pius
1269 3228 1362 3270 nouus

144 3316 254 3376 veteris
277 3318 393 3389 tyranni
414 3316 538 3376 Romani
557 3323 657 3391 partes
679 3317 733 3376 sub
756 3316 855 3390 specie
878 3317 1037 3376 christiana
1057 3317 1164 3375 inscius
1186 3315 1301 3392 agebat,
1324 3317 1362 3376 ad

145 3436 212 3479 eam
229 3436 292 3479 rem
315 3417 422 3496 figura,
445 3427 544 3496 gestu,
567 3423 695 3482 externis
718 3421 845 3482 moribus
867 3420 951 3481 valde
974 3421 1096 3480 idoneus
1119 3429 1186 3481 eta
1208 3421 1363 3481 curialibus

146 3541 182 3582 ao
211 3524 348 3600 Jesuitis,
381 3531 533 3600 postquam
569 3525 608 3585 ad
639 3525 822 3599 exsequenda
859 3541 912 3584 sua
941 3526 1062 3585 consilia
1096 3527 1146 3585 illo
1174 3527 1259 3601 potiti
1288 3534 1364 3601 aunt,

146 3629 266 3702 egregie
288 3630 454 3689 instructus.
499 3631 553 3689 His
576 3630 613 3689 ad
636 3631 742 3690 bellum
764 3647 877 3704 quoque
898 3631 1035 3691 adversus
1054 3629 1239 3691 Germaniam
1262 3648 1364 3706 geren-

145 3731 216 3790 dum
242 3733 387 3806 magistris
413 3739 444 3792 et
473 3735 556 3808 quasi
584 3735 715 3806 uagime
748 3733 865 3794 fabulae
895 3734 1062 3794 doctoribus
1084 3752 1199 3808 semper
1220 3751 1288 3794 usus
1311 3741 1363 3795 est.

147 3836 239 3908 Quam
266 3853 384 3912 prorsus
411 3855 512 3898 eorum
540 3839 673 3898 minister
702 3837 805 3913 fuerit,
832 3840 893 3913 J‘am
915 3841 989 3898 mira
1010 3839 1062 3898 illa
1082 3841 1248 3914 ignorantia
1269 3839 1364 3911 docet,

146 3957 206 4015 qua
229 3941 332 4015 paucis
356 3947 424 4001 ante
447 3942 538 4000 fatale
559 3943 674 4002 concilii
702 3942 851 4001 decretum
874 3943 977 4002 diebus
999 3943 1181 4014 gravissimas
1202 3957 1264 4014 res,
1289 3957 1363 4014 quae

146 4043 347 4120 agitabantur,
378 4061 443 4104 eum
472 4061 568 4120 neque
591 4045 709 4106 scivisse
735 4063 830 4120 neque
853 4047 1051 4121 perspexisse,
1073 4045 1239 4103 Seberrium
1260 4050 1364 4104 testem

146 4155 304 4222 sequentes
332 4165 420 4222 supra
446 4151 635 4209 narravimus.
678 4149 874 4224 Libertatem,
905 4151 986 4223 cujus
1015 4148 1146 4208 umbram
1175 4149 1259 4208 initio
1281 4151 1365 4224 regui

145 4255 192 4312 aui
224 4254 363 4326 captavit,
398 4270 545 4328 nunquam
578 4271 648 4314 1111
681 4255 834 4315 intellexit.
885 4253 978 4324 Quum
1013 4255 1044 4312 in
1074 4253 1196 4312 concilio
1224 4253 1365 4313 Vaticano

145 4358 391 4434 praestantissimi
410 4359 465 4416 viri
489 4360 628 4419 resistere
648 4359 677 4418 ei
700 4365 731 4418 et
752 4359 790 4419 de
812 4357 1028 4417 imminentibus
1049 4359 1186 4432 periculis
1201 4375 1267 4418 eum
1280 4374 1367 4433 prae-

145 4478 266 4522 monere
296 4462 451 4534 auderent,
482 4464 597 4522 illorum
620 4465 794 4524 sententiam
816 4464 896 4537 quasi
925 4463 1082 4536 peregrina
1103 4464 1202 4538 lingua
1224 4463 1367 4537 prolatam

145 4581 294 4640 uunquam
323 4573 470 4626 assecutus
499 4573 553 4628 est.
597 4569 772 4627 deauratam
802 4585 897 4642 neque
918 4569 1141 4642 praeteritorum
1164 4583 1259 4641 neque
1281 4585 1366 4642 prae·
