3176 5064
220 167 256 224 30
756 165 845 220 Carrr
862 165 912 220 ΠΙ.

220 369 334 428 viribus
361 368 548 428 innitendum
571 385 638 428 esse
659 367 889 442 arbitrabantur,
916 373 950 426 ut
971 367 1010 426 ad
1031 367 1191 428 concilium
1213 367 1291 426 illud
1313 373 1397 426 reete
1419 385 1459 426 ae

221 475 380 536 christiane
402 475 642 536 constituendum
664 474 818 534 hominnm
835 475 927 534 animi
945 493 1034 553 quam
1053 475 1277 552 religiosissime
1294 493 1457 552 praepara-

220 589 330 644 rentur.
376 581 461 657 Quod
488 582 624 660 quamvis
651 581 773 642 difficile
798 599 864 644 essa
886 583 1034 657 riderent,
1061 589 1161 642 tamen
1182 583 1246 642 lieri
1269 601 1359 660 posse
1382 601 1455 642 con·

219 689 356 750 fidebant
401 690 448 750 Ab
470 689 562 749 altera
583 695 667 767 parte
687 689 835 767 imprimis
854 689 1076 766 Melanchthon,
1099 690 1170 750 licet
1191 709 1260 750 cum
1277 690 1411 749 Luthero
1435 707 1454 748 a

220 799 318 858 fucata
344 815 417 876 pace
443 797 615 872 abhorrens,
643 803 742 858 tamen
770 797 807 856 de
834 797 1017 858 restituenda
1043 798 1198 858 concordia
1224 797 1303 856 haud
1325 815 1453 874 prorsus

220 905 402 982 desperabat.
447 904 557 964 Eadem
586 905 732 964 sententia
758 905 790 964 in
812 906 929 981 magma
953 905 1127 966 Germaniae
1149 904 1342 965 conventibus
1364 923 1454 982 prae-

220 1013 322 1072 valuit.
373 1013 468 1090 Cujus
499 1011 542 1072 rei
573 1012 757 1089 praeclarum
789 1013 992 1072 testimonium
1019 1015 1195 1090 Augustiana
1221 1011 1367 1073 confessio
1395 1017 1452 1072 esa

220 1119 339 1181 Etenim
361 1122 413 1199 qui
436 1139 501 1182 eam
520 1119 624 1180 Carolo
633 1119 670 1178 V.
694 1119 889 1195 tradiderunt,
913 1121 1015 1180 statim
1036 1121 1229 1198 praelationis
1248 1120 1333 1180 initio
1351 1119 1452 1180 deela-

220 1233 288 1288 rant
309 1228 465 1290 nitendum
488 1245 567 1302 esee,
594 1227 684 1287 utin
707 1228 911 1290 sanctissimae
932 1228 1087 1304 religionis
1109 1246 1211 1303 causa,
1234 1229 1362 1306 partium
1385 1227 1451 1304 opi-

220 1335 324 1396 niones
360 1337 392 1396 in
428 1336 561 1410 cantate,
597 1335 721 1396 lenitate
753 1341 783 1394 et
813 1335 1041 1395 mansuetudine
1073 1341 1176 1395 mutua
1207 1335 1377 1409 audiantur,
1415 1339 1451 1394 ut

221 1461 336 1516 omnes,
364 1443 611 1521 quemadmodum
638 1443 693 1502 sub
720 1461 779 1502 uno
804 1443 922 1502 Christo
949 1443 1011 1502 sint
1037 1448 1068 1504 ot
1095 1443 1236 1518 militent,
1264 1443 1306 1502 ita
1333 1443 1365 1500 in
1389 1461 1450 1500 una

220 1551 345 1612 ecelesia
371 1551 532 1610 christiana
558 1551 591 1610 in
617 1551 732 1610 ammte
758 1555 788 1610 et
811 1551 965 1610 concordia
992 1551 1092 1611 virere
1118 1551 1243 1628 possint
1289 1549 1388 1626 ,Quod
1415 1555 1449 1607 ut

220 1658 366 1718 eltlcbtur
384 1675 417 1718 ee
434 1663 551 1735 paratos
569 1675 636 1718 esse
653 1676 771 1718 causam
790 1659 887 1719 dicere
905 1659 994 1718 ctiam
1012 1658 1044 1716 in
1058 1659 1111 1718 tali
1125 1658 1269 1735 generali,
1288 1657 1448 1717 christiano

220 1769 251 1826 et
276 1764 369 1826 libero
396 1765 533 1840 concilio,
565 1765 602 1825 de
629 1785 688 1843 quo
715 1765 919 1843 congregando
946 1765 978 1824 in
1006 1765 1144 1826 omnibus
1171 1765 1311 1840 comitiis,
1345 1764 1448 1825 Carolo

220 1877 362 1950 regnante
389 1891 442 1950 per
468 1871 631 1949 Electores‚
663 1873 818 1950 Principes
844 1879 875 1933 et
901 1873 1031 1951 reliquos
1060 1878 1155 1934 statue
1181 1873 1304 1950 Imperii
1330 1873 1448 1946 hanins,

221 1999 338 2060 semper
359 1981 541 2042 concorditer
563 1986 662 2042 actum
685 1987 715 2040 et
736 1981 968 2057 congruentibus
992 1980 1141 2058 suffragiis
1163 1981 1338 2041 conclusum
1360 1981 1417 2040 sit‘

327 2089 385 2149 Sed
407 2089 539 2150 Romana
566 2088 647 2149 curia
669 2089 794 2166 ejusque
816 2089 947 2148 asseclae
968 2107 1122 2166 nunquam
1145 2089 1211 2148 sine
1234 2089 1353 2149 horrore
1374 2093 1450 2147 tem·

220 2213 325 2274 porum
356 2197 475 2258 illorum
507 2197 718 2272 meminerunt,
750 2215 808 2274 qno
840 2196 978 2274 pontifex
1009 2196 1170 2256 sceleribus
1197 2201 1323 2256 onustus
1351 2214 1451 2256 coram

221 2303 352 2364 Concilio
379 2323 448 2364 reus
476 2309 597 2364 steterat
622 2309 711 2382 atquc
739 2304 897 2364 concilium
925 2321 1016 2381 supra
1042 2323 1150 2382 papam
1177 2321 1243 2364 esse
1270 2309 1301 2364 et
1324 2304 1392 2380 jure
1418 2309 1452 2362 et

219 2411 297 2471 facto
328 2413 548 2488 comprobatum
580 2416 649 2472 erat.
701 2411 805 2490 Itaque
832 2411 879 2470 illi
906 2430 1023 2487 omnes,
1054 2412 1105 2471 nbi
1133 2411 1312 2488 postrdatam
1340 2411 1451 2470 itemm

220 2518 326 2594 capitis
353 2519 610 2596 membrorumque
637 2519 875 2578 reformationem
902 2521 1093 2597 respuebant,
1120 2519 1163 2578 ita
1185 2519 1320 2578 futurum
1344 2518 1450 2578 Conci-

219 2624 294 2682 lium
325 2625 493 2686 universale
525 2625 774 2686 abominabantur.
829 2627 943 2687 Horum
975 2645 1044 2686 vero
1076 2627 1166 2686 duoes
1198 2625 1258 2702 ipsi
1289 2625 1450 2686 Pontifices

219 2735 310 2791 erant.
357 2730 453 2805 Quare
480 2732 568 2792 etiam
592 2731 801 2811 Seripandus,¹
829 2735 875 2792 vir
897 2735 976 2794 inter
998 2735 1100 2794 Patres
1124 2733 1312 2793 Tridentinos
1334 2737 1448 2810 specta-

219 2838 367 2914 tissimus,
396 2835 485 2916 quein
507 2840 708 2900 Pallavicinus
737 2841 862 2901 summis
885 2841 964 2902 tollit
986 2841 1137 2916 laudibus,
1165 2841 1354 2901 vehementer
1377 2857 1448 2918 que-

219 2945 294 3008 ritur
321 2947 358 3008 de
385 2947 509 3008 concilio
532 2948 619 3009 toties
642 2949 678 3008 ab
701 2947 763 3010 illis
785 2949 945 3026 promisso,
973 2950 1060 3009 toties
1083 2949 1121 3008 ad
1143 2955 1256 3010 certum
1279 2949 1359 3008 diem
1380 2967 1447 3026 pro-

219 3060 333 3132 rogato,
374 3055 461 3116 toties
503 3056 553 3132 ,ad
594 3056 839 3134 beneplacitum‘,
880 3057 1054 3135 priusquam
1095 3057 1251 3134 inciperet,
1293 3073 1444 3134 suspenso.

221 3163 403 3224 Clementem
422 3163 489 3224 Vll.
523 3164 711 3224 severissime
737 3163 940 3241 reprehendit,
971 3163 1065 3224 Paulo
1083 3164 1138 3224 III.
1167 3164 1285 3224 domino
1312 3182 1367 3223 suo
1393 3163 1445 3222 ali·

220 3275 366 3348 quatenus
388 3271 496 3348 parcit:
521 3271 573 3330 sed
595 3277 754 3350 utrumqne
772 3271 884 3348 Papam
903 3271 1068 3332 Concilium
1090 3271 1169 3332 veris
1191 3277 1221 3331 et
1243 3270 1328 3330 falsis
1350 3270 1446 3330 titulis

219 3378 329 3438 evitare
351 3377 488 3453 gavisum
511 3397 577 3438 esse
599 3384 721 3439 constat.
755 3379 935 3440 Dicebantur
951 3379 1123 3454 PontifioeS,
1147 3379 1262 3456 quoties
1285 3379 1361 3438 detis
1380 3397 1447 3456 pro·

219 3485 320 3544 missis
353 3503 385 3545 se
416 3485 582 3560 dedissent,
615 3487 702 3546 toties
734 3486 881 3564 serpentis
908 3487 1003 3547 instar
1029 3487 1118 3562 elabi,
1150 3505 1189 3546 ne
1215 3485 1329 3546 scilieet
1356 3487 1447 3562 hujus

218 3591 323 3652 mundi
359 3592 482 3669 imperio
514 3611 549 3652 ac
580 3592 675 3669 gloria
706 3593 899 3670 privarentur.
954 3593 1039 3655 Salsa
1071 3593 1266 3654 similitudine
1296 3593 1447 3654 Lutherus

218 3717 292 3760 usus
315 3703 372 3776 est,
396 3699 433 3759 ad
456 3699 629 3778 popularem
652 3701 689 3760 de
707 3699 848 3761 Marcolfo
870 3701 1001 3761 tabulam
1023 3701 1167 3762 alludens.
1210 3699 1304 3774 Quem
1326 3700 1447 3760 tradunt

218 3827 236 3868 a
263 3807 418 3868 Salomone
445 3807 551 3885 capitis
578 3808 749 3868 damnatum
776 3809 913 3886 precibus
939 3809 1127 3886 impetrasse,
1154 3812 1189 3867 ut
1215 3809 1359 3882 arborem,
1387 3825 1448 3885 qua

219 3916 461 3994 suspenderetur,
489 3916 554 3994 ipse
577 3915 713 3994 eligeret;
738 3916 844 3976 deinde
867 3917 899 3976 in
922 3916 1027 3976 silvam
1050 3916 1202 3991 eductum,
1225 3915 1262 3974 ab
1283 3916 1386 3974 arbore
1409 3915 1447 3974 ad

218 4023 349 4084 arborem
376 4023 625 4102 progredientem,
657 4024 695 4083 ad
721 4042 960 4103 unamquamque
987 4023 1165 4098 exlamasse,
1197 4022 1274 4082 haue
1302 4023 1359 4084 sibi
1386 4040 1447 4082 non

218 4135 318 4208 aptam
344 4130 389 4190 illi
416 4132 486 4191 usui
508 4131 610 4192 videri.
656 4131 806 4192 Lutherus
830 4132 919 4192 talem
941 4131 1129 4207 Marcollum,
1156 4129 1209 4208 qui
1231 4129 1365 4189 arborem
1388 4147 1448 4207 qua

218 4239 449 4316 suspenderetur
470 4239 604 4299 invenire
627 4256 687 4298 non
709 4243 823 4316 posset,
846 4239 958 4316 Papam
980 4257 1047 4300 esse
1069 4239 1154 4298 dixit

327 4468 353 4534 l)
373 4465 411 4519 Cl.
427 4465 590 4536 Doellingor,
610 4465 757 4520 Urknnden
773 4483 821 4520 zur
831 4465 989 4520 Geschichlo
1004 4467 1050 4521 des
1061 4465 1165 4520 Concils
1181 4478 1232 4518 ron
1243 4463 1332 4519 Trient
1346 4484 1370 4534 p.
1382 4463 1445 4520 2ss.
