3202 5058
254 273 271 331 4
738 269 837 327 anrrs
857 269 972 326 Parenta

255 512 314 554 non
336 493 420 552 modo
444 491 603 550 horrendos
624 491 857 564 pravissimorum
879 489 1025 548 hominum
1049 507 1163 549 errores
1178 507 1212 549 ao
1225 489 1345 565 flagitia,
1368 509 1468 550 verum

255 601 343 659 etiam
365 599 538 671 optimorum
560 597 777 655 inextricabiles
799 597 876 653 rixas
899 595 1019 667 gignere
1042 595 1197 654 videretur.
1243 595 1346 668 Neque
1369 603 1467 655 tamen

253 705 314 762 solo
330 708 563 776 argumentorum
581 717 698 759 suorum
720 699 847 772 pondere
863 697 996 756 Romana
1016 699 1097 756 curia
1119 699 1149 756 id
1167 702 1289 776 peregit,
1313 707 1354 773 ut,
1377 702 1467 758 inter-

254 808 346 881 ceptis
373 805 574 866 reformandae
611 805 762 863 universae
793 803 935 863 ecclesiae
965 803 1152 862 occidentalis
1181 804 1300 878 studiis,
1331 803 1468 876 deinceps

254 913 404 987 perplura
418 911 517 970 secula
537 909 690 982 imperium
712 909 866 966 in·omnes
886 907 949 966 fere
975 908 1137 980 provincias
1159 907 1330 966 Neolatinas
1353 915 1383 966 ct
1402 925 1469 980 par-

254 1018 306 1076 tim
330 1017 418 1076 etiam
445 1015 476 1071 in
498 1013 675 1072 Teutonicas
703 1013 832 1085 aliasque
860 1012 1019 1084 retineret,
1050 1011 1102 1070 sed
1128 1012 1219 1070 multo
1245 1011 1309 1070 suso
1327 1013 1466 1086 sanguine

253 1127 284 1180 et
312 1119 409 1178 studia
429 1119 479 1176 illa
508 1118 648 1191 repressit
677 1122 706 1176 at
735 1116 855 1190 posthac
881 1132 1002 1190 regnum
1024 1115 1167 1176 servabat.
1214 1116 1316 1189 Neque
1341 1133 1466 1189 unquam

251 1226 397 1297 hucusque
419 1222 549 1282 Romana
568 1222 614 1280 vel
635 1222 716 1280 curia
738 1221 784 1278 vel
807 1221 933 1278 ecclesia
953 1219 1085 1280 confessa
1108 1226 1153 1277 est
1177 1222 1328 1293 poenitere
1351 1239 1382 1279 se
1406 1227 1465 1278 tam

252 1335 388 1387 eruentae
421 1326 588 1400 tyrannidis.
641 1324 727 1399 Cujus
754 1325 884 1384 facinora
910 1325 986 1383 inter
1008 1325 1228 1396 Francogellos‚
1258 1341 1315 1397 quo
1336 1330 1465 1398 tempore

251 1433 400 1505 ingenium
423 1447 521 1488 eorum
543 1447 597 1504 per
619 1429 765 1502 Europam
788 1429 998 1502 dominabatur,
1020 1445 1078 1486 non
1101 1444 1119 1486 a
1139 1427 1310 1488 Christianis
1321 1427 1465 1488 Romano-

252 1535 418 1610 catholicis,
441 1534 493 1592 sed
516 1550 533 1591 a
556 1533 709 1620 Voltario„
728 1538 857 1592 ceterum
880 1533 964 1592 nimis
988 1533 1075 1592 docili
1097 1532 1278 1591 Jesuitarum'
1298 1532 1465 1606 discipulo,¹

251 1640 372 1711 aliisque
394 1655 486 1696 novae
505 1639 680 1711 paganitatis
702 1633 962 1711 propugnatoribus
984 1637 1136 1695 audaciter
1158 1635 1274 1696 detecta
1295 1643 1325 1696 et
1340 1635 1464 1696 feliciter

251 1749 416 1817 oppugnata
432 1748 504 1801 sunt.
535 1743 752 1815 Monachorum,
771 1741 961 1814 sacerdotum,
976 1742 1054 1815 vulgi
1069 1757 1104 1799 ac
1120 1741 1339 1813 magistratuum
1355 1740 1465 1814 feritas,

250 1863 325 1920 quaa
353 1847 404 1905 illo
423 1848 485 1918 ipso
514 1853 644 1918 tempore
667 1845 789 1902 Tolosae
813 1845 933 1918 aliisque
956 1844 1026 1902 locis
1049 1845 1199 1917 religionis
1221 1846 1336 1903 nomine
1359 1846 1463 1903 iterum

250 1953 369 2009 incensa
398 1955 475 2024 erat,
507 1967 652 2022 nunquam
686 1949 821 2008 oblivioni
855 1948 978 2009 dabitur.
1024 1949 1112 2020 Cuius
1140 1949 1221 2006 dirae
1252 1949 1393 2023 feritatis,
1427 1947 1464 2008 ab

250 2055 321 2129 ipsis
346 2054 489 2127 quondam
517 2053 659 2112 libertatis
691 2053 859 2112 Gallicanae
889 2053 1152 2126 propugnatoribus
1180 2053 1362 2126 aliquatenus
1389 2069 1465 2111 com-

249 2159 401 2232 probatae,
425 2160 550 2218 ecclesia
569 2157 720 2218 Gallicana
734 2174 792 2216 non
814 2159 907 2216 minas
923 2158 1000 2216 diras
1012 2173 1121 2230 poenas
1136 2157 1225 2216 dedit.
1271 2158 1357 2216 Haud
1373 2159 1464 2215 multe

249 2265 326 2322 enim
348 2269 414 2336 post
434 2264 510 2336 apud
535 2263 757 2336 Francogallos‚
788 2278 824 2320 ex
847 2263 958 2335 magnis
981 2262 1200 2334 recuperandae
1223 2261 1366 2320 libertatis
1388 2263 1465 2320 ausis

249 2370 353 2425 misere
389 2367 572 2440 excidentes,
604 2368 681 2424 inter
708 2366 852 2424 horrenda
880 2366 992 2424 solutae
1027 2365 1242 2439 effrenataeque
1274 2367 1464 2424 multitudinis

248 2473 330 2544 quasi
360 2471 548 2530 bacchanalia
581 2472 646 2542 ipsa
671 2470 827 2527 christiana
861 2469 965 2543 religio
996 2469 1105 2528 abolita
1138 2476 1191 2529 est.
1247 2469 1328 2528 Tunc
1363 2471 1462 2529 cadem

248 2592 345 2648 arma,
379 2576 481 2648 quibus
513 2590 565 2647 pro
591 2575 690 2632 curiae
722 2590 813 2646 regno
834 2573 935 2647 Magni
958 2573 1146 2646 inquisitores
1175 2581 1204 2632 et
1228 2574 1347 2632 fanatici
1370 2576 1464 2634 carni·

247 2675 397 2737 ficinarum
420 2677 546 2738 artifices
568 2695 621 2751 per
636 2679 734 2736 secula
755 2679 799 2735 usi
821 2683 918 2750 erant,
941 2694 994 2750 per
1016 2677 1130 2751 aliquod
1154 2683 1267 2751 tempus
1290 2679 1330 2736 ad
1353 2685 1464 2737 susten-

246 2783 364 2840 tandam
386 2799 488 2840 novam
514 2783 594 2840 illam
623 2784 821 2856 paganitatem
849 2781 978 2840 adhibita
998 2789 1072 2840 sunt.
1117 2783 1185 2840 Nox
1208 2784 1326 2840 emersit
1348 2783 1462 2855 quidem

246 2888 328 2960 quasi
358 2905 374 2945 e
397 2886 557 2960 naufragiis
578 2887 737 2944 christiana
759 2887 879 2959 religio,
905 2885 991 2958 idque
1012 2902 1070 2943 non
1100 2887 1162 2944 sine
1186 2887 1275 2945 nobili
1295 2888 1462 2946 eximiorum

245 2989 424 3062 quorundam
452 2991 634 3063 ingeniorum
661 2991 773 3063 studio,
808 2989 859 3048 sed
882 2990 984 3047 revixit
1008 2991 1105 3062 simul,
1127 2996 1257 3049 veterum
1279 2992 1384 3048 artium
1404 3007 1461 3048 non

246 3093 351 3168 oblita,
382 3095 510 3168 tyrannis
541 3095 665 3154 curialis.
711 3094 792 3165 Quae
820 3093 924 3152 exinde
952 3093 1120 3152 Gallicanae
1151 3095 1273 3154 maxime
1308 3097 1460 3168 ecclesiae,

245 3197 391 3257 veteribus
423 3199 608 3258 libertatibus
632 3200 777 3273 privatae,
807 3199 906 3256 innixa
933 3197 1035 3256 tortior
1056 3198 1235 3271 pedetentim
1257 3206 1354 3258 nostro
1374 3215 1459 3272 quarn

245 3303 436 3362 antecedente
464 3305 560 3362 seculo
591 3305 718 3377 exstitit,
742 3320 806 3362 cum
836 3303 1051 3376 magistratibus
1074 3307 1104 3360 et
1127 3303 1242 3376 regibus
1270 3305 1375 3362 iterum
1396 3319 1459 3362 cer-

244 3413 308 3466 tare
331 3424 390 3466 non
416 3407 573 3482 dubitavit,
608 3409 793 3482 proclamatis
817 3406 937 3466 Concilii
960 3406 1093 3465 Vaticani
1116 3406 1241 3468 decretis
1263 3407 1460 3468 desideratum

243 3511 292 3570 diu
315 3511 488 3584 triumphurn
508 3518 672 3584 reportasse
695 3511 750 3569 sibi
771 3512 832 3568 visa
856 3519 909 3570 est.

331 3615 523 3674 Nihilominus
543 3617 619 3674 inter
642 3616 718 3688 ipsos
741 3616 865 3674 victores
886 3615 1050 3688 probissimi
1065 3623 1096 3672 et
1114 3615 1329 3687 prudentissimi
1354 3618 1459 3690 quique

243 3720 392 3778 victoriam
423 3721 501 3778 illam
531 3721 612 3792 quasi
643 3720 744 3794 Pyrrhi
776 3720 924 3778 victoriam
953 3720 998 3777 vel
1012 3721 1087 3792 -jam
1115 3721 1296 3793 existimant,
1326 3722 1372 3792 vel
1394 3739 1459 3794 pro

241 3824 356 3898 pediem
387 3825 578 3882 existimaturi
615 3831 689 3882 sunt.
741 3823 810 3882 Pius
841 3823 892 3882 IX.
923 3822 1038 3896 quidem
1068 3829 1163 3881 stante
1195 3822 1322 3882 Concilio
1351 3825 1459 3884 dixisse

241 3927 341 4003 lemur,
364 3930 481 4002 papatui
504 3945 647 4002 nunquam
669 3928 826 3986 timendum
852 3944 915 3988 esse
938 3943 1045 3986 annum
1068 3945 1174 3986 nonum
1191 3935 1221 3986 et
1243 3930 1458 4002 octogesimum.

241 4032 298 4091 Sed
321 4032 351 4089 id
371 4050 457 4105 qaum
476 4035 618 4107 jactaret,
642 4033 752 4092 timoris
775 4031 883 4104 aliquid
906 4033 962 4105 ipsi
982 4032 1077 4090 animo
1101 4033 1163 4104 ejus
1178 4031 1319 4092 insedisse
1335 4033 1460 4092 videtur.

240 4135 375 4207 Quamvis
399 4139 475 4196 enim
498 4153 549 4210 pro
572 4137 645 4195 mira
667 4153 719 4196 saa
741 4154 839 4196 rerum
861 4143 1009 4211 gestarum
1030 4137 1195 4208 ignorantia
1216 4138 1292 4195 serio
1314 4137 1368 4195 sibi
1391 4154 1460 4209 per-

240 4241 380 4313 suaserit,
408 4247 544 4314 papatum
567 4241 749 4302 infallibilem
769 4243 829 4314 jam
853 4243 936 4300 initio
958 4241 1077 4312 abipso
1101 4239 1214 4298 Christo
1235 4241 1273 4300 ad
1295 4241 1460 4316 gubernan-

283 4393 467 4400 -—-—·-—...-—-
485 4395 494 4400 .

329 4491 354 4558 l)
372 4491 410 4544 Ol.
422 4491 549 4544 Effluet
565 4493 604 4545 ia:
623 4493 708 4544 Revue
728 4493 772 4542 dea
787 4492 854 4541 deux
867 4491 979 4552 mandes,
1000 4497 1066 4541 tome
1080 4489 1149 4541 XLI.
1169 4509 1195 4556 p.
1210 4497 1271 4542 584:
1293 4492 1335 4559 ,il
1347 4501 1386 4542 est
1398 4499 1460 4558 trop

237 4577 327 4628 l’dleve
339 4578 370 4629 de
393 4595 432 4629 sea
450 4582 577 4631 maltres.“
