3194 5052
250 303 302 358 274
736 305 838 357 Psurrs
855 307 969 357 Paroars

248 519 418 579 condiderat
444 525 475 578 et
498 518 624 590 foverat,
657 537 675 578 a
697 521 952 592 praestantissimi
972 521 1043 579 viris
1066 521 1172 594 ubique
1194 521 1353 596 celebrari;
1382 527 1412 580 et
1431 522 1464 578 in

249 624 362 697 eodem,
383 629 416 682 ut
436 625 589 697 praeclaro
609 625 715 683 sinceri
739 625 883 698 evangelii
905 641 1066 702 praecone,
1090 642 1154 684 cnm
1177 625 1302 685 Erasmo
1326 640 1466 698 agnosce·

247 730 299 788 bat
327 728 437 802 aliquid
456 729 605 802 apostolici
629 729 770 803 pectoris,
798 729 874 802 quod
895 729 946 788 illo
969 731 1058 788 etiam
1080 731 1196 804 plenius
1218 729 1414 804 perspiciebat
1433 734 1466 788 et

247 831 493 906 persentiscebat,
528 833 664 906 quoniam
695 833 789 891 vivam
819 832 1028 906 praedicatoris
1061 851 1162 894 vocem
1192 849 1281 907 saepe
1309 833 1465 893 audiuerat

247 943 278 996 et
307 935 480 995 Germanica
517 938 626 1010 scripta
664 934 859 996 aedificationi
901 938 1089 997 inservientia
1129 943 1297 1013 perattente
1338 939 1462 1013 legerat.

246 1040 371 1114 Propter
394 1041 485 1099 solam
507 1042 661 1101 veritatem
691 1041 831 1100 audacter
854 1043 1068 1115 pronuntiatem
1091 1042 1252 1102 Lutherum
1280 1047 1362 1101 tanto
1394 1043 1463 1102 odio

246 1162 311 1206 esse
337 1145 586 1220 Romanensibns,
621 1146 651 1204 id
682 1147 719 1206 ab
748 1147 813 1206 aliis
840 1144 1003 1206 confirmari
1032 1145 1265 1221 desideraverat,
1299 1147 1361 1220 ipse
1391 1163 1463 1207 vero

243 1249 411 1324 jamdudum
434 1265 603 1323 persuasum
625 1248 761 1310 babebat
805 1251 923 1326 Itaque,
945 1255 1084 1324 quantum
1105 1250 1169 1310 fieri
1184 1257 1317 1326 poterat,
1337 1252 1463 1310 animia

246 1353 362 1428 quidem
394 1355 549 1413 verborum
582 1355 767 1414 vehementia
793 1361 822 1415 et
851 1357 1011 1430 asperitate
1038 1356 1187 1416 retinebat
1209 1356 1385 1431 Lutbernm3
1414 1355 1462 1413 bie

247 1460 324 1517 enim
360 1460 423 1532 ipse
456 1457 624 1535 confitetur,
657 1477 689 1518 se
719 1461 789 1520 licet
821 1461 966 1520 irritatum
995 1461 1026 1520 in
1055 1461 1152 1520 multis
1183 1465 1356 1520 reverenter
1378 1459 1462 1518 illum

246 1563 426 1637 suspexisse,
457 1564 584 1636 alioquin
616 1581 648 1624 se
680 1565 796 1638 saepius
827 1565 858 1622 in
884 1563 1083 1624 Romanenscs
1112 1572 1308 1639 grassaturam
1338 1560 1462 1624 tuisse¹

246 1665 347 1740 Neque
368 1672 467 1726 tamen
489 1668 720 1742 religiosissimus
741 1671 876 1743 princeps
898 1670 928 1727 in
951 1670 1015 1744 ipsa
1037 1687 1070 1729 re
1091 1669 1173 1728 illum
1188 1669 1346 1742 impedivit
1383 1669 1461 1740 Quin

247 1771 335 1829 etiarn
358 1787 410 1843 ea,
444 1787 519 1845 qnae
541 1773 604 1846 ipso
626 1773 732 1847 invito,
762 1790 849 1847 quum
872 1773 1016 1834 Lutherus
1046 1775 1076 1832 in
1095 1791 1164 1834 arce
1186 1774 1362 1849 Thuringica
1385 1773 1460 1832 deli·

245 1881 388 1946 tesceret,
422 1877 452 1934 in
474 1876 691 1951 Vitebergensis
726 1878 870 1937 ecclesiae
901 1879 1004 1937 ritibus
1025 1879 1132 1952 partim
1158 1879 1324 1938 turbulente
1349 1882 1461 1936 mutata

245 1986 326 2054 sunt,
360 1981 423 2054 ipse
456 1980 485 2038 vi
512 1983 671 2055 reprimere
699 1999 756 2041 non
789 1999 876 2041 ausus
906 1988 958 2042 est.
1004 1983 1076 2041 Mali
1101 1962 1210 2056 aliquid
1233 1983 1353 2042 tolerari
1373 1998 1461 2055 quam

245 2084 351 2144 bonum
390 2085 537 2159 prohiberi
575 2086 684 2146 meluit
742 2086 962 2146 Recordabatur
998 2087 1132 2145 nimbum
1169 2077 1338 2162 uerborum,
1383 2101 1460 2160 qaae

245 2188 384 2248 Erasmus
415 2191 443 2248 ei
471 2195 502 2250 et
533 2190 647 2250 dixerat
673 2197 704 2249 et
723 2192 898 2266 scripserat,
928 2190 1079 2266 ,mundum
1100 2190 1182 2249 fatali
1205 2191 1350 2250 desiderio
1372 2207 1461 2250 evan·

246 2294 357 2368 gelicae
387 2295 518 2353 veritatis
545 2311 622 2354 nunc
651 2293 739 2370 terri,
766 2312 822 2354 neo
847 2295 947 2355 odiose
969 2293 1163 2354 resistendum
1185 2293 1268 2356 esse.‘
1313 2295 1462 2354 Audiebat

244 2397 403 2456 Lutherum
427 2403 606 2473 monentem,
632 2399 663 2456 in
688 2400 870 2474 ingeniorum
893 2401 1053 2458 eonomine
1075 2399 1272 2472 plenissimam
1292 2397 1461 2458 libertatem

245 2501 460 2561 concedendam
493 2519 557 2562 esse
587 2501 733 2578 omnibus,
770 2509 803 2562 ut
832 2504 894 2562 sola
922 2504 951 2563 vi
986 2503 1074 2563 insita
1098 2503 1202 2561 victrix
1233 2508 1312 2562 esset
1339 2503 1459 2564 veritas.

244 2603 340 2676 Quare
366 2605 454 2664 etiam
475 2623 525 2665 eos
546 2607 698 2681 tuebatur,
727 2608 776 2680 qui
799 2609 830 2666 in
850 2607 1000 2667 Romanae
1023 2607 1130 2666 Curiae
1153 2607 1341 2667 oboedientia
1362 2623 1460 2667 rema·

243 2723 332 2782 nere,
364 2725 449 2783 quam
485 2711 579 2784 ipsum
609 2713 792 2785 evangelium
820 2712 902 2785 sequi
928 2711 1083 2773 malebant.
1134 2712 1216 2784 Quod
1244 2712 1281 2770 ad
1303 2717 1459 2770 consuetas

242 2812 336 2871 cultus
368 2813 458 2873 divini
492 2813 600 2874 formas
633 2817 777 2890 pertinet,
815 2817 876 2889 ipso
909 2815 948 2875 ad
976 2817 1041 2876 illos
1071 2815 1239 2874 inclinabat
1295 2815 1459 2875 Morituros

241 2915 357 2975 demum
380 2935 500 2978 coenam
522 2936 634 2980 sacram
656 2919 709 2979 sub
729 2926 852 2994 utraque
876 2922 973 2994 specie
994 2921 1122 2994 sumpsit.

329 3021 410 3095 Quae
432 3041 518 3098 quum
541 3025 584 3084 ita
605 3025 678 3100 sint,
707 3026 770 3100 ipse
793 3025 948 3098 Erasmus,
975 3025 1000 3083 si
1022 3023 1174 3084 Friderico
1197 3024 1352 3098 superstite
1374 3023 1459 3084 Vite·

242 3127 363 3200 bergam
391 3145 423 3187 se
453 3131 639 3206 contulisset,
669 3131 717 3190 vix
746 3129 857 3203 aliquid
886 3127 1106 3202 improbandum
1127 3127 1183 3187 sibi
1205 3129 1265 3187 illic
1288 3127 1459 3202 invenisset,

242 3231 294 3289 sed
315 3249 369 3306 pro
391 3233 577 3310 adndranda,
599 3251 657 3308 qna
679 3234 854 3307 excellebat,
878 3233 1038 3308 sagacitate
1061 3232 1221 3292 divinasset
1237 3229 1376 3306 fortasse,
1404 3231 1460 3290 ad·

238 3337 357 3408 juvante
388 3355 439 3397 suo
461 3340 579 3413 ingenio
602 3339 690 3397 futuri
714 3337 863 3412 cujusdam
885 3337 949 3396 aevi
972 3337 1084 3397 semina
1105 3337 1167 3396 illic
1187 3339 1310 3398 mamme
1333 3351 1459 3410 praepa-

241 3441 310 3497 rari.
358 3440 563 3501 Proficiscendi
590 3443 659 3500 illuc
686 3441 864 3501 desiderium
887 3441 1002 3514 saepius
1032 3445 1157 3500 testatus
1186 3447 1238 3500 est
1284 3441 1350 3502 Jam
1369 3439 1459 3514 paulo

243 3547 310 3602 ante
334 3560 419 3617 quam
441 3562 506 3603 curn
524 3544 676 3604 Friderico
691 3543 829 3604 Coloniae
845 3561 1017 3617 congressas
1033 3549 1091 3618 est,
1115 3545 1265 3618 spalatino
1280 3545 1458 3618 scripserat:

241 3647 375 3722 ,Utinam
394 3665 430 3708 ea
450 3646 577 3708 felicitas
599 3649 668 3708 mibi
689 3649 838 3722 contingat
860 3649 891 3706 iu
913 3649 987 3720 vita,
1010 3654 1043 3706 ut
1056 3648 1194 3722 inclytum
1209 3648 1375 3721 Principem
1390 3663 1459 3705 cum

242 3753 392 3813 academia
421 3751 538 3814 florenti
568 3753 667 3812 ridere
690 3753 787 3811 liceat.
832 3752 871 3810 Ni
893 3750 979 3823 fallor
1001 3753 1056 3811 boc
1079 3757 1217 3812 autumno
1239 3751 1370 3814 aditurus
1392 3767 1459 3808 sum

241 3855 441 3918 Germaniam:
462 3858 578 3917 adnitar
599 3859 725 3917 invisere
748 3873 814 3932 vos,
837 3857 862 3915 si
884 3856 968 3916 modo
991 3861 1054 3915 tuto
1076 3856 1183 3916 liceat‘

329 3963 388 4024 Sed
418 3964 505 4037 longe
536 3963 595 4022 alia
624 3962 704 4022 iacta
733 3967 779 4021 est
797 3977 895 4022 rerum
913 3959 1167 4034 Vitebergensinm
1191 3959 1336 4032 condicio,
1370 3976 1459 4033 quum

241 4068 391 4127 Fridorico
418 4065 510 4127 frater
533 4068 596 4126 eius
614 4067 758 4126 Iohannes
781 4067 812 4125 in
831 4083 923 4140 regno
946 4065 1143 4125 successisset.
1188 4065 1245 4124 Hic
1267 4065 1345 4124 enlm
1368 4079 1458 4123 evan-

242 4171 364 4247 gelicam
388 4171 633 4245 praedicationem
664 4177 695 4231 et
717 4171 953 4231 reformationem
977 4170 1069 4229 civilis
1091 4169 1245 4243 potestatis
1268 4169 1376 4228 auxilio
1398 4183 1459 4226 non

241 4283 354 4336 tantum
387 4278 475 4335 tutari
505 4293 607 4335 verum
636 4275 725 4335 etiam
752 4293 922 4349 promovere
950 4273 1068 4333 studuit
1121 4273 1212 4346 Quem
1243 4275 1273 4332 in
1298 4270 1458 4332 Germania

241 4381 323 4440 mrdti
347 4387 377 4438 ct
398 4381 548 4454 Principes
571 4385 601 4440 et
622 4379 781 4438 liberarum
805 4379 951 4438 civitatum
974 4379 1160 4453 magistratus
1182 4379 1287 4437 imitati
1303 4382 1377 4438 sunt.
1420 4375 1457 4434 Id

251 4527 504 4537 ———.-—-.-.—-..

331 4609 356 4673 1)
376 4607 462 4656 Briclo
481 4615 504 4666 l,
519 4609 568 4656 roo
587 4621 606 4654 s.
