<?xml version="1.0" encoding="UTF-8"?>
<!DOCTYPE html PUBLIC "-//W3C//DTD XHTML 1.0 Transitional//EN"
    "http://www.w3.org/TR/xhtml1/DTD/xhtml1-transitional.dtd">
<html xmlns="http://www.w3.org/1999/xhtml" xml:lang="en" lang="en">
 <head>
  <title>
</title>
<meta http-equiv="Content-Type" content="text/html;charset=utf-8" />
  <meta name='ocr-system' content='tesseract 3.04.00' />
  <meta name='ocr-capabilities' content='ocr_page ocr_carea ocr_par ocr_line ocrx_word'/>
</head>
<body>
  <div class='ocr_page' id='page_1' title='image "./erasmusredivivu00schlgoog_0030.png"; bbox 0 0 3202 5058; ppageno 0'>
   <div class='ocr_carea' id='block_1_1' title="bbox 703 293 1375 354">
    <p class='ocr_par' dir='ltr' id='par_1_1' title="bbox 703 293 1375 354">
     <span class='ocr_line' id='line_1_1' title="bbox 703 293 1375 354; baseline 0.006 -4"><span class='ocrx_word' id='word_1_1' title='bbox 703 297 793 350; x_wconf 71' lang='lat' dir='ltr'>Garum</span> <span class='ocrx_word' id='word_1_2' title='bbox 812 293 833 350; x_wconf 91' lang='grc' dir='ltr'>Ῑ.</span> <span class='ocrx_word' id='word_1_3' title='bbox 1342 298 1375 354; x_wconf 84' lang='grc'>13</span> 
     </span>
    </p>
   </div>
   <div class='ocr_carea' id='block_1_2' title="bbox 157 512 1379 1112">
    <p class='ocr_par' dir='ltr' id='par_1_2' title="bbox 157 512 1379 1112">
     <span class='ocr_line' id='line_1_2' title="bbox 157 512 1376 589; baseline 0.005 -17"><span class='ocrx_word' id='word_1_4' title='bbox 157 515 330 586; x_wconf 73' lang='lat' dir='ltr'><strong>Europaeos</strong></span> <span class='ocrx_word' id='word_1_5' title='bbox 344 514 464 588; x_wconf 90' lang='lat' dir='ltr'>populos</span> <span class='ocrx_word' id='word_1_6' title='bbox 486 513 663 576; x_wconf 87' lang='lat' dir='ltr'>invaderet.¹</span> <span class='ocrx_word' id='word_1_7' title='bbox 701 512 822 574; x_wconf 83' lang='lat' dir='ltr'>Ceteras</span> <span class='ocrx_word' id='word_1_8' title='bbox 840 521 943 589; x_wconf 79' lang='lat' dir='ltr'><strong>gentes</strong></span> <span class='ocrx_word' id='word_1_9' title='bbox 959 513 996 574; x_wconf 92' lang='lat' dir='ltr'>ad</span> <span class='ocrx_word' id='word_1_10' title='bbox 1011 513 1134 574; x_wconf 87' lang='lat' dir='ltr'>eandem</span> <span class='ocrx_word' id='word_1_11' title='bbox 1150 517 1376 580; x_wconf 82' lang='lat' dir='ltr'>communionem</span> 
     </span>
     <span class='ocr_line' id='line_1_3' title="bbox 157 619 1376 694; baseline 0.005 -18"><span class='ocrx_word' id='word_1_12' title='bbox 157 619 331 677; x_wconf 86' lang='lat' dir='ltr'>alliciendas</span> <span class='ocrx_word' id='word_1_13' title='bbox 354 636 433 692; x_wconf 86' lang='lat' dir='ltr'>esse,</span> <span class='ocrx_word' id='word_1_14' title='bbox 456 620 612 678; x_wconf 88' lang='lat' dir='ltr'>Turcarum</span> <span class='ocrx_word' id='word_1_15' title='bbox 636 636 705 678; x_wconf 86' lang='lat' dir='ltr'>vero</span> <span class='ocrx_word' id='word_1_16' title='bbox 728 635 861 693; x_wconf 90' lang='lat' dir='ltr'>reguum,</span> <span class='ocrx_word' id='word_1_17' title='bbox 885 621 972 678; x_wconf 80' lang='lat' dir='ltr'>almis</span> <span class='ocrx_word' id='word_1_18' title='bbox 994 620 1150 694; x_wconf 90' lang='lat' dir='ltr'>prolatum,</span> <span class='ocrx_word' id='word_1_19' title='bbox 1170 622 1278 694; x_wconf 87' lang='lat' dir='ltr'>junctis</span> <span class='ocrx_word' id='word_1_20' title='bbox 1295 621 1376 682; x_wconf 85' lang='lat' dir='ltr'>Chri-</span> 
     </span>
     <span class='ocr_line' id='line_1_4' title="bbox 157 723 1379 797; baseline 0.005 -16"><span class='ocrx_word' id='word_1_21' title='bbox 157 724 322 782; x_wconf 84' lang='lat' dir='ltr'>stiauornm</span> <span class='ocrx_word' id='word_1_22' title='bbox 352 726 440 782; x_wconf 89' lang='lat' dir='ltr'>armis</span> <span class='ocrx_word' id='word_1_23' title='bbox 469 725 678 796; x_wconf 91' lang='lat' dir='ltr'>repellendum.</span> <span class='ocrx_word' id='word_1_24' title='bbox 728 723 816 794; x_wconf 89' lang='lat' dir='ltr'>Cujus</span> <span class='ocrx_word' id='word_1_25' title='bbox 842 725 888 782; x_wconf 91' lang='lat' dir='ltr'>rei</span> <span class='ocrx_word' id='word_1_26' title='bbox 910 731 975 797; x_wconf 89' lang='lat' dir='ltr'>post</span> <span class='ocrx_word' id='word_1_27' title='bbox 999 723 1152 782; x_wconf 87' lang='lat' dir='ltr'>liberatam</span> <span class='ocrx_word' id='word_1_28' title='bbox 1174 725 1269 784; x_wconf 91' lang='lat' dir='ltr'>denuo</span> <span class='ocrx_word' id='word_1_29' title='bbox 1292 727 1379 787; x_wconf 92' lang='lat' dir='ltr'>Vien-</span> 
     </span>
     <span class='ocr_line' id='line_1_5' title="bbox 158 827 1377 903; baseline 0.007 -19"><span class='ocrx_word' id='word_1_30' title='bbox 158 843 230 884; x_wconf 91' lang='lat' dir='ltr'>nam</span> <span class='ocrx_word' id='word_1_31' title='bbox 257 828 382 899; x_wconf 81' lang='lat' dir='ltr'><strong>gloriose</strong></span> <span class='ocrx_word' id='word_1_32' title='bbox 409 829 544 902; x_wconf 75' lang='lat' dir='ltr'>inceptae</span> <span class='ocrx_word' id='word_1_33' title='bbox 571 827 697 888; x_wconf 84' lang='lat' dir='ltr'>faustum</span> <span class='ocrx_word' id='word_1_34' title='bbox 727 834 861 888; x_wconf 88' lang='lat' dir='ltr'>eventum</span> <span class='ocrx_word' id='word_1_35' title='bbox 887 843 1024 902; x_wconf 87' lang='lat' dir='ltr'>sperans,</span> <span class='ocrx_word' id='word_1_36' title='bbox 1054 828 1187 887; x_wconf 88' lang='lat' dir='ltr'>similiter</span> <span class='ocrx_word' id='word_1_37' title='bbox 1212 837 1298 903; x_wconf 88' lang='lat' dir='ltr'>atquo</span> <span class='ocrx_word' id='word_1_38' title='bbox 1325 849 1377 892; x_wconf 90' lang='lat' dir='ltr'>suo</span> 
     </span>
     <span class='ocr_line' id='line_1_6' title="bbox 158 931 1377 1008; baseline 0.005 -18"><span class='ocrx_word' id='word_1_39' title='bbox 158 939 293 1004; x_wconf 88' lang='lat' dir='ltr'>tempore</span> <span class='ocrx_word' id='word_1_40' title='bbox 323 931 478 1007; x_wconf 85' lang='lat' dir='ltr'>Erasmus,</span> <span class='ocrx_word' id='word_1_41' title='bbox 513 933 648 1006; x_wconf 81' lang='lat' dir='ltr'>,letalem</span> <span class='ocrx_word' id='word_1_42' title='bbox 676 931 841 992; x_wconf 70' lang='lat' dir='ltr'>adfuturam</span> <span class='ocrx_word' id='word_1_43' title='bbox 876 949 940 992; x_wconf 85' lang='lat' dir='ltr'>esse</span> <span class='ocrx_word' id='word_1_44' title='bbox 970 933 1184 992; x_wconf 87' lang='lat' dir='ltr'>Mahometiuae</span> <span class='ocrx_word' id='word_1_45' title='bbox 1216 937 1377 1008; x_wconf 81' lang='lat' dir='ltr'>tyrannidis</span> 
     </span>
     <span class='ocr_line' id='line_1_7' title="bbox 160 1037 1202 1112; baseline 0.003 -19"><span class='ocrx_word' id='word_1_46' title='bbox 160 1037 254 1094; x_wconf 87' lang='lat' dir='ltr'>diem‘</span> <span class='ocrx_word' id='word_1_47' title='bbox 277 1037 435 1111; x_wconf 84' lang='lat' dir='ltr'>praedixit,</span> <span class='ocrx_word' id='word_1_48' title='bbox 458 1055 557 1096; x_wconf 83' lang='lat' dir='ltr'>versus</span> <span class='ocrx_word' id='word_1_49' title='bbox 580 1038 719 1110; x_wconf 88' lang='lat' dir='ltr'>quosdam</span> <span class='ocrx_word' id='word_1_50' title='bbox 742 1038 861 1097; x_wconf 87' lang='lat' dir='ltr'>Latinos</span> <span class='ocrx_word' id='word_1_51' title='bbox 882 1038 919 1096; x_wconf 87' lang='lat' dir='ltr'>de</span> <span class='ocrx_word' id='word_1_52' title='bbox 944 1055 980 1096; x_wconf 90' lang='lat' dir='ltr'>ea</span> <span class='ocrx_word' id='word_1_53' title='bbox 1002 1054 1036 1096; x_wconf 93' lang='lat' dir='ltr'>re</span> <span class='ocrx_word' id='word_1_54' title='bbox 1058 1054 1202 1112; x_wconf 79' lang='lat' dir='ltr'>pangens:</span> 
     </span>
    </p>
   </div>
   <div class='ocr_carea' id='block_1_3' title="bbox 339 1158 1161 1324">
    <p class='ocr_par' dir='ltr' id='par_1_3' title="bbox 339 1158 1161 1324">
     <span class='ocr_line' id='line_1_8' title="bbox 339 1158 1161 1232; baseline 0.001 -16"><span class='ocrx_word' id='word_1_55' title='bbox 339 1158 413 1216; x_wconf 87' lang='lat' dir='ltr'>Tum</span> <span class='ocrx_word' id='word_1_56' title='bbox 433 1165 570 1232; x_wconf 89' lang='lat' dir='ltr'>repetens</span> <span class='ocrx_word' id='word_1_57' title='bbox 592 1159 687 1218; x_wconf 87' lang='lat' dir='ltr'>lamae</span> <span class='ocrx_word' id='word_1_58' title='bbox 710 1159 876 1218; x_wconf 79' lang='lat' dir='ltr'>miserabile</span> <span class='ocrx_word' id='word_1_59' title='bbox 901 1159 1026 1218; x_wconf 87' lang='lat' dir='ltr'>Graecia</span> <span class='ocrx_word' id='word_1_60' title='bbox 1048 1159 1161 1218; x_wconf 89' lang='lat' dir='ltr'>bustum</span> 
     </span>
     <span class='ocr_line' id='line_1_9' title="bbox 339 1261 1063 1324; baseline 0.001 -3"><span class='ocrx_word' id='word_1_61' title='bbox 339 1264 379 1322; x_wconf 87' lang='lat' dir='ltr'>Et</span> <span class='ocrx_word' id='word_1_62' title='bbox 402 1263 584 1322; x_wconf 84' lang='lat' dir='ltr'>Constantini</span> <span class='ocrx_word' id='word_1_63' title='bbox 606 1263 765 1323; x_wconf 87' lang='lat' dir='ltr'>reddentur</span> <span class='ocrx_word' id='word_1_64' title='bbox 787 1265 902 1322; x_wconf 88' lang='lat' dir='ltr'>moenie</span> <span class='ocrx_word' id='word_1_65' title='bbox 924 1261 1063 1324; x_wconf 83' lang='lat' dir='ltr'>Christo.²</span> 
     </span>
    </p>
   </div>
   <div class='ocr_carea' id='block_1_4' title="bbox 161 1383 1381 4172">
    <p class='ocr_par' dir='ltr' id='par_1_4' title="bbox 161 1383 1381 4172">
     <span class='ocr_line' id='line_1_10' title="bbox 251 1383 1379 1464; baseline 0.004 -23"><span class='ocrx_word' id='word_1_66' title='bbox 251 1383 359 1443; x_wconf 86' lang='lat' dir='ltr'>Verum</span> <span class='ocrx_word' id='word_1_67' title='bbox 387 1385 461 1443; x_wconf 90' lang='lat' dir='ltr'>haec</span> <span class='ocrx_word' id='word_1_68' title='bbox 488 1387 597 1460; x_wconf 91' lang='lat' dir='ltr'>omnia,</span> <span class='ocrx_word' id='word_1_69' title='bbox 628 1401 702 1458; x_wconf 90' lang='lat' dir='ltr'>quae</span> <span class='ocrx_word' id='word_1_70' title='bbox 737 1385 774 1444; x_wconf 88' lang='lat' dir='ltr'>ad</span> <span class='ocrx_word' id='word_1_71' title='bbox 808 1385 984 1444; x_wconf 87' lang='lat' dir='ltr'>christianae</span> <span class='ocrx_word' id='word_1_72' title='bbox 1012 1386 1219 1444; x_wconf 91' lang='lat' dir='ltr'>communionis</span> <span class='ocrx_word' id='word_1_73' title='bbox 1247 1387 1379 1464; x_wconf 89' lang='lat' dir='ltr'>salutem,</span> 
     </span>
     <span class='ocr_line' id='line_1_11' title="bbox 162 1489 1380 1564; baseline 0.004 -18"><span class='ocrx_word' id='word_1_74' title='bbox 162 1489 402 1564; x_wconf 87' lang='lat' dir='ltr'>prosperitatem,</span> <span class='ocrx_word' id='word_1_75' title='bbox 425 1491 662 1563; x_wconf 83' lang='lat' dir='ltr'>propagationem</span> <span class='ocrx_word' id='word_1_76' title='bbox 683 1489 831 1564; x_wconf 87' lang='lat' dir='ltr'>pertinere</span> <span class='ocrx_word' id='word_1_77' title='bbox 853 1491 977 1562; x_wconf 87' lang='lat' dir='ltr'>putavit,</span> <span class='ocrx_word' id='word_1_78' title='bbox 1005 1490 1145 1563; x_wconf 91' lang='lat' dir='ltr'>impedita</span> <span class='ocrx_word' id='word_1_79' title='bbox 1168 1505 1232 1549; x_wconf 86' lang='lat' dir='ltr'>esse</span> <span class='ocrx_word' id='word_1_80' title='bbox 1255 1491 1327 1550; x_wconf 88' lang='lat' dir='ltr'>vidit</span> <span class='ocrx_word' id='word_1_81' title='bbox 1349 1498 1380 1551; x_wconf 93' lang='lat' dir='ltr'>et</span> 
     </span>
     <span class='ocr_line' id='line_1_12' title="bbox 162 1593 1379 1669; baseline 0.005 -19"><span class='ocrx_word' id='word_1_82' title='bbox 162 1593 298 1665; x_wconf 90' lang='lat' dir='ltr'>impediri</span> <span class='ocrx_word' id='word_1_83' title='bbox 325 1595 443 1652; x_wconf 91' lang='lat' dir='ltr'>immani</span> <span class='ocrx_word' id='word_1_84' title='bbox 465 1596 592 1667; x_wconf 85' lang='lat' dir='ltr'>partium</span> <span class='ocrx_word' id='word_1_85' title='bbox 620 1595 725 1654; x_wconf 89' lang='lat' dir='ltr'>studio.</span> <span class='ocrx_word' id='word_1_86' title='bbox 770 1595 815 1653; x_wconf 91' lang='lat' dir='ltr'>De</span> <span class='ocrx_word' id='word_1_87' title='bbox 838 1611 894 1668; x_wconf 90' lang='lat' dir='ltr'>quo</span> <span class='ocrx_word' id='word_1_88' title='bbox 914 1597 974 1668; x_wconf 88' lang='lat' dir='ltr'>jam</span> <span class='ocrx_word' id='word_1_89' title='bbox 997 1595 1076 1653; x_wconf 89' lang='lat' dir='ltr'>inter</span> <span class='ocrx_word' id='word_1_90' title='bbox 1098 1595 1261 1668; x_wconf 87' lang='lat' dir='ltr'>dogmatica</span> <span class='ocrx_word' id='word_1_91' title='bbox 1283 1598 1379 1669; x_wconf 89' lang='lat' dir='ltr'>quarti</span> 
     </span>
     <span class='ocr_line' id='line_1_13' title="bbox 161 1698 1379 1774; baseline 0.005 -20"><span class='ocrx_word' id='word_1_92' title='bbox 161 1698 256 1755; x_wconf 87' lang='lat' dir='ltr'>seculi</span> <span class='ocrx_word' id='word_1_93' title='bbox 288 1700 448 1756; x_wconf 87' lang='lat' dir='ltr'>certamina</span> <span class='ocrx_word' id='word_1_94' title='bbox 474 1699 658 1758; x_wconf 84' lang='lat' dir='ltr'>Ammianum</span> <span class='ocrx_word' id='word_1_95' title='bbox 688 1700 828 1772; x_wconf 80' lang='lat' dir='ltr'>gentilem</span> <span class='ocrx_word' id='word_1_96' title='bbox 862 1715 932 1758; x_wconf 91' lang='lat' dir='ltr'>vere</span> <span class='ocrx_word' id='word_1_97' title='bbox 969 1699 1075 1758; x_wconf 87' lang='lat' dir='ltr'>dixisse</span> <span class='ocrx_word' id='word_1_98' title='bbox 1103 1705 1260 1774; x_wconf 90' lang='lat' dir='ltr'>memorat,</span> <span class='ocrx_word' id='word_1_99' title='bbox 1286 1701 1379 1760; x_wconf 91' lang='lat' dir='ltr'>nullas</span> 
     </span>
     <span class='ocr_line' id='line_1_14' title="bbox 162 1801 1381 1879; baseline 0.005 -21"><span class='ocrx_word' id='word_1_100' title='bbox 162 1801 256 1875; x_wconf 86' lang='lat' dir='ltr'>magis</span> <span class='ocrx_word' id='word_1_101' title='bbox 287 1801 408 1860; x_wconf 83' lang='lat' dir='ltr'>infestas</span> <span class='ocrx_word' id='word_1_102' title='bbox 436 1803 600 1862; x_wconf 86' lang='lat' dir='ltr'>hominibus</span> <span class='ocrx_word' id='word_1_103' title='bbox 623 1805 732 1863; x_wconf 88' lang='lat' dir='ltr'>bestias</span> <span class='ocrx_word' id='word_1_104' title='bbox 750 1803 853 1878; x_wconf 90' lang='lat' dir='ltr'>luisse,</span> <span class='ocrx_word' id='word_1_105' title='bbox 883 1821 968 1876; x_wconf 91' lang='lat' dir='ltr'>quam</span> <span class='ocrx_word' id='word_1_106' title='bbox 991 1810 1089 1863; x_wconf 87' lang='lat' dir='ltr'>esseut</span> <span class='ocrx_word' id='word_1_107' title='bbox 1110 1805 1165 1862; x_wconf 94' lang='lat' dir='ltr'>sibi</span> <span class='ocrx_word' id='word_1_108' title='bbox 1188 1803 1295 1864; x_wconf 80' lang='lat' dir='ltr'>ferales</span> <span class='ocrx_word' id='word_1_109' title='bbox 1317 1807 1381 1879; x_wconf 92' lang='lat' dir='ltr'>ple·</span> 
     </span>
     <span class='ocr_line' id='line_1_15' title="bbox 162 1905 1380 1982; baseline 0.003 -19"><span class='ocrx_word' id='word_1_110' title='bbox 162 1907 248 1979; x_wconf 88' lang='lat' dir='ltr'>rique</span> <span class='ocrx_word' id='word_1_111' title='bbox 280 1905 516 1966; x_wconf 84' lang='lat' dir='ltr'>Christianorum.</span> <span class='ocrx_word' id='word_1_112' title='bbox 565 1908 694 1966; x_wconf 87' lang='lat' dir='ltr'>Foedum</span> <span class='ocrx_word' id='word_1_113' title='bbox 733 1910 863 1982; x_wconf 89' lang='lat' dir='ltr'>inprimis</span> <span class='ocrx_word' id='word_1_114' title='bbox 894 1915 924 1966; x_wconf 91' lang='lat' dir='ltr'>et</span> <span class='ocrx_word' id='word_1_115' title='bbox 950 1909 1129 1967; x_wconf 86' lang='lat' dir='ltr'>exsecrabile</span> <span class='ocrx_word' id='word_1_116' title='bbox 1159 1925 1222 1967; x_wconf 87' lang='lat' dir='ltr'>esse</span> <span class='ocrx_word' id='word_1_117' title='bbox 1251 1915 1380 1968; x_wconf 89' lang='lat' dir='ltr'>mutuum</span> 
     </span>
     <span class='ocr_line' id='line_1_16' title="bbox 165 2011 1380 2088; baseline 0.004 -21"><span class='ocrx_word' id='word_1_118' title='bbox 165 2011 307 2083; x_wconf 90' lang='lat' dir='ltr'>ejusmodi</span> <span class='ocrx_word' id='word_1_119' title='bbox 343 2011 439 2069; x_wconf 91' lang='lat' dir='ltr'>odium</span> <span class='ocrx_word' id='word_1_120' title='bbox 474 2013 553 2070; x_wconf 87' lang='lat' dir='ltr'>inter</span> <span class='ocrx_word' id='word_1_121' title='bbox 585 2011 760 2071; x_wconf 87' lang='lat' dir='ltr'>Germaniae</span> <span class='ocrx_word' id='word_1_122' title='bbox 786 2011 970 2072; x_wconf 87' lang='lat' dir='ltr'>Lutberanos</span> <span class='ocrx_word' id='word_1_123' title='bbox 996 2019 1026 2072; x_wconf 90' lang='lat' dir='ltr'>et</span> <span class='ocrx_word' id='word_1_124' title='bbox 1049 2011 1231 2072; x_wconf 87' lang='lat' dir='ltr'>Reformatos</span> <span class='ocrx_word' id='word_1_125' title='bbox 1258 2014 1380 2088; x_wconf 89' lang='lat' dir='ltr'>judicat,</span> 
     </span>
     <span class='ocr_line' id='line_1_17' title="bbox 167 2115 1380 2189; baseline 0.003 -19"><span class='ocrx_word' id='word_1_126' title='bbox 167 2115 276 2188; x_wconf 90' lang='lat' dir='ltr'>quippe</span> <span class='ocrx_word' id='word_1_127' title='bbox 304 2132 424 2187; x_wconf 89' lang='lat' dir='ltr'>quorum</span> <span class='ocrx_word' id='word_1_128' title='bbox 448 2117 611 2175; x_wconf 87' lang='lat' dir='ltr'>sententiae</span> <span class='ocrx_word' id='word_1_129' title='bbox 635 2116 671 2174; x_wconf 91' lang='lat' dir='ltr'>de</span> <span class='ocrx_word' id='word_1_130' title='bbox 693 2115 762 2175; x_wconf 90' lang='lat' dir='ltr'>fidei</span> <span class='ocrx_word' id='word_1_131' title='bbox 789 2117 974 2175; x_wconf 80' lang='lat' dir='ltr'>fundamento</span> <span class='ocrx_word' id='word_1_132' title='bbox 996 2117 1229 2189; x_wconf 88' lang='lat' dir='ltr'>gravissimisque</span> <span class='ocrx_word' id='word_1_133' title='bbox 1251 2117 1380 2174; x_wconf 87' lang='lat' dir='ltr'>articulis</span> 
     </span>
     <span class='ocr_line' id='line_1_18' title="bbox 164 2219 1380 2294; baseline 0.004 -19"><span class='ocrx_word' id='word_1_134' title='bbox 164 2220 254 2290; x_wconf 90' lang='lat' dir='ltr'>plane</span> <span class='ocrx_word' id='word_1_135' title='bbox 277 2220 469 2292; x_wconf 84' lang='lat' dir='ltr'>concordent;</span> <span class='ocrx_word' id='word_1_136' title='bbox 501 2237 574 2293; x_wconf 91' lang='lat' dir='ltr'>quae</span> <span class='ocrx_word' id='word_1_137' title='bbox 598 2237 670 2278; x_wconf 90' lang='lat' dir='ltr'>vero</span> <span class='ocrx_word' id='word_1_138' title='bbox 692 2221 770 2279; x_wconf 90' lang='lat' dir='ltr'>inter</span> <span class='ocrx_word' id='word_1_139' title='bbox 792 2237 843 2278; x_wconf 88' lang='lat' dir='ltr'>eos</span> <span class='ocrx_word' id='word_1_140' title='bbox 857 2221 1004 2294; x_wconf 88' lang='lat' dir='ltr'>agitentur</span> <span class='ocrx_word' id='word_1_141' title='bbox 1020 2220 1125 2292; x_wconf 85' lang='lat' dir='ltr'>partim</span> <span class='ocrx_word' id='word_1_142' title='bbox 1148 2219 1195 2277; x_wconf 87' lang='lat' dir='ltr'>vix</span> <span class='ocrx_word' id='word_1_143' title='bbox 1217 2221 1269 2278; x_wconf 85' lang='lat' dir='ltr'>lite</span> <span class='ocrx_word' id='word_1_144' title='bbox 1292 2220 1380 2294; x_wconf 85' lang='lat' dir='ltr'>digna</span> 
     </span>
     <span class='ocr_line' id='line_1_19' title="bbox 161 2322 1378 2398; baseline 0.004 -19"><span class='ocrx_word' id='word_1_145' title='bbox 161 2322 272 2396; x_wconf 89' lang='lat' dir='ltr'>videri,</span> <span class='ocrx_word' id='word_1_146' title='bbox 293 2323 399 2381; x_wconf 91' lang='lat' dir='ltr'>nedum</span> <span class='ocrx_word' id='word_1_147' title='bbox 427 2325 574 2387; x_wconf 85' lang='lat' dir='ltr'>scissione.</span> <span class='ocrx_word' id='word_1_148' title='bbox 619 2324 725 2383; x_wconf 90' lang='lat' dir='ltr'>Omnes</span> <span class='ocrx_word' id='word_1_149' title='bbox 752 2325 818 2383; x_wconf 91' lang='lat' dir='ltr'>illos</span> <span class='ocrx_word' id='word_1_150' title='bbox 840 2325 1038 2382; x_wconf 88' lang='lat' dir='ltr'>schismaticos</span> <span class='ocrx_word' id='word_1_151' title='bbox 1061 2340 1125 2382; x_wconf 86' lang='lat' dir='ltr'>esse</span> <span class='ocrx_word' id='word_1_152' title='bbox 1145 2323 1231 2398; x_wconf 89' lang='lat' dir='ltr'>dicit,</span> <span class='ocrx_word' id='word_1_153' title='bbox 1256 2325 1304 2397; x_wconf 92' lang='lat' dir='ltr'>qui</span> <span class='ocrx_word' id='word_1_154' title='bbox 1326 2342 1378 2397; x_wconf 93' lang='lat' dir='ltr'>pro</span> 
     </span>
     <span class='ocr_line' id='line_1_20' title="bbox 163 2425 1380 2501; baseline 0.004 -18"><span class='ocrx_word' id='word_1_155' title='bbox 163 2425 303 2485; x_wconf 82' lang='lat' dir='ltr'>iratribus</span> <span class='ocrx_word' id='word_1_156' title='bbox 330 2445 388 2486; x_wconf 88' lang='lat' dir='ltr'>nou</span> <span class='ocrx_word' id='word_1_157' title='bbox 411 2436 570 2501; x_wconf 88' lang='lat' dir='ltr'>agnoscant</span> <span class='ocrx_word' id='word_1_158' title='bbox 591 2445 650 2488; x_wconf 90' lang='lat' dir='ltr'>non</span> <span class='ocrx_word' id='word_1_159' title='bbox 673 2429 929 2488; x_wconf 87' lang='lat' dir='ltr'>fundamentaliter</span> <span class='ocrx_word' id='word_1_160' title='bbox 946 2425 1178 2487; x_wconf 80' lang='lat' dir='ltr'>dissentientes.³</span> <span class='ocrx_word' id='word_1_161' title='bbox 1221 2427 1317 2498; x_wconf 83' lang='lat' dir='ltr'>Quare</span> <span class='ocrx_word' id='word_1_162' title='bbox 1344 2431 1380 2488; x_wconf 92' lang='lat' dir='ltr'>iis</span> 
     </span>
     <span class='ocr_line' id='line_1_21' title="bbox 162 2530 1379 2606; baseline 0.003 -18"><span class='ocrx_word' id='word_1_163' title='bbox 162 2547 196 2588; x_wconf 88' lang='lat' dir='ltr'>se</span> <span class='ocrx_word' id='word_1_164' title='bbox 221 2530 362 2605; x_wconf 87' lang='lat' dir='ltr'>adjunxit,</span> <span class='ocrx_word' id='word_1_165' title='bbox 385 2533 433 2604; x_wconf 91' lang='lat' dir='ltr'>qui</span> <span class='ocrx_word' id='word_1_166' title='bbox 453 2533 514 2604; x_wconf 88' lang='lat' dir='ltr'>jam</span> <span class='ocrx_word' id='word_1_167' title='bbox 536 2541 605 2591; x_wconf 88' lang='lat' dir='ltr'>tunc</span> <span class='ocrx_word' id='word_1_168' title='bbox 628 2541 778 2606; x_wconf 88' lang='lat' dir='ltr'>utramque</span> <span class='ocrx_word' id='word_1_169' title='bbox 801 2533 1030 2592; x_wconf 88' lang='lat' dir='ltr'>Protestantium</span> <span class='ocrx_word' id='word_1_170' title='bbox 1052 2533 1192 2592; x_wconf 85' lang='lat' dir='ltr'>familiam</span> <span class='ocrx_word' id='word_1_171' title='bbox 1214 2534 1297 2592; x_wconf 89' lang='lat' dir='ltr'>unire</span> <span class='ocrx_word' id='word_1_172' title='bbox 1320 2540 1379 2593; x_wconf 89' lang='lat' dir='ltr'>stu-</span> 
     </span>
     <span class='ocr_line' id='line_1_22' title="bbox 161 2633 1381 2712; baseline 0.004 -20"><span class='ocrx_word' id='word_1_173' title='bbox 161 2633 281 2694; x_wconf 85' lang='lat' dir='ltr'>debant.</span> <span class='ocrx_word' id='word_1_174' title='bbox 326 2635 428 2708; x_wconf 89' lang='lat' dir='ltr'>Neque</span> <span class='ocrx_word' id='word_1_175' title='bbox 451 2654 538 2710; x_wconf 92' lang='lat' dir='ltr'>quum</span> <span class='ocrx_word' id='word_1_176' title='bbox 560 2644 630 2697; x_wconf 90' lang='lat' dir='ltr'>tunc</span> <span class='ocrx_word' id='word_1_177' title='bbox 652 2641 791 2711; x_wconf 84' lang='lat' dir='ltr'>temporis</span> <span class='ocrx_word' id='word_1_178' title='bbox 812 2637 920 2697; x_wconf 85' lang='lat' dir='ltr'>frustra</span> <span class='ocrx_word' id='word_1_179' title='bbox 942 2639 996 2696; x_wconf 88' lang='lat' dir='ltr'>niti</span> <span class='ocrx_word' id='word_1_180' title='bbox 1013 2637 1190 2712; x_wconf 88' lang='lat' dir='ltr'>viderentur,</span> <span class='ocrx_word' id='word_1_181' title='bbox 1215 2638 1251 2696; x_wconf 91' lang='lat' dir='ltr'>de</span> <span class='ocrx_word' id='word_1_182' title='bbox 1270 2655 1302 2697; x_wconf 91' lang='lat' dir='ltr'>re</span> <span class='ocrx_word' id='word_1_183' title='bbox 1318 2639 1381 2710; x_wconf 91' lang='lat' dir='ltr'>ipsa</span> 
     </span>
     <span class='ocr_line' id='line_1_23' title="bbox 161 2739 1381 2816; baseline 0.004 -20"><span class='ocrx_word' id='word_1_184' title='bbox 161 2739 343 2814; x_wconf 87' lang='lat' dir='ltr'>desperavit,</span> <span class='ocrx_word' id='word_1_185' title='bbox 371 2742 422 2799; x_wconf 91' lang='lat' dir='ltr'>sed</span> <span class='ocrx_word' id='word_1_186' title='bbox 452 2741 587 2800; x_wconf 87' lang='lat' dir='ltr'>Fabricio</span> <span class='ocrx_word' id='word_1_187' title='bbox 618 2745 747 2816; x_wconf 87' lang='lat' dir='ltr'>scripsit:</span> <span class='ocrx_word' id='word_1_188' title='bbox 786 2743 870 2816; x_wconf 91' lang='lat' dir='ltr'>,Ipsa</span> <span class='ocrx_word' id='word_1_189' title='bbox 905 2761 937 2802; x_wconf 86' lang='lat' dir='ltr'>se</span> <span class='ocrx_word' id='word_1_190' title='bbox 965 2759 1014 2801; x_wconf 89' lang='lat' dir='ltr'>res</span> <span class='ocrx_word' id='word_1_191' title='bbox 1044 2743 1198 2815; x_wconf 88' lang='lat' dir='ltr'>aliquando</span> <span class='ocrx_word' id='word_1_192' title='bbox 1227 2740 1381 2803; x_wconf 83' lang='lat' dir='ltr'>conficiet‘</span> 
     </span>
     <span class='ocr_line' id='line_1_24' title="bbox 162 2843 1381 2922; baseline 0.003 -20"><span class='ocrx_word' id='word_1_193' title='bbox 162 2843 276 2902; x_wconf 85' lang='lat' dir='ltr'>Eadem</span> <span class='ocrx_word' id='word_1_194' title='bbox 306 2853 405 2904; x_wconf 88' lang='lat' dir='ltr'>mente</span> <span class='ocrx_word' id='word_1_195' title='bbox 428 2847 516 2904; x_wconf 89' lang='lat' dir='ltr'>etium</span> <span class='ocrx_word' id='word_1_196' title='bbox 541 2865 640 2905; x_wconf 89' lang='lat' dir='ltr'>eorum</span> <span class='ocrx_word' id='word_1_197' title='bbox 663 2847 759 2906; x_wconf 89' lang='lat' dir='ltr'>studia</span> <span class='ocrx_word' id='word_1_198' title='bbox 783 2848 935 2906; x_wconf 87' lang='lat' dir='ltr'>admodum</span> <span class='ocrx_word' id='word_1_199' title='bbox 958 2848 1116 2922; x_wconf 84' lang='lat' dir='ltr'>probabat,</span> <span class='ocrx_word' id='word_1_200' title='bbox 1147 2849 1197 2920; x_wconf 92' lang='lat' dir='ltr'>qui</span> <span class='ocrx_word' id='word_1_201' title='bbox 1219 2847 1381 2906; x_wconf 82' lang='lat' dir='ltr'>Catholico·</span> 
     </span>
     <span class='ocr_line' id='line_1_25' title="bbox 162 2949 1380 3025; baseline 0.004 -19"><span class='ocrx_word' id='word_1_202' title='bbox 162 2967 229 3007; x_wconf 91' lang='lat' dir='ltr'>rum</span> <span class='ocrx_word' id='word_1_203' title='bbox 251 2955 282 3007; x_wconf 89' lang='lat' dir='ltr'>ot</span> <span class='ocrx_word' id='word_1_204' title='bbox 301 2949 541 3022; x_wconf 84' lang='lat' dir='ltr'>Evangelicorum</span> <span class='ocrx_word' id='word_1_205' title='bbox 564 2953 689 3010; x_wconf 89' lang='lat' dir='ltr'>schisma</span> <span class='ocrx_word' id='word_1_206' title='bbox 710 2953 813 3010; x_wconf 89' lang='lat' dir='ltr'>illaesa</span> <span class='ocrx_word' id='word_1_207' title='bbox 831 2959 1016 3025; x_wconf 86' lang='lat' dir='ltr'>utrorumque</span> <span class='ocrx_word' id='word_1_208' title='bbox 1033 2953 1211 3010; x_wconf 89' lang='lat' dir='ltr'>conscientia</span> <span class='ocrx_word' id='word_1_209' title='bbox 1227 2953 1380 3011; x_wconf 90' lang='lat' dir='ltr'>ethonore</span> 
     </span>
     <span class='ocr_line' id='line_1_26' title="bbox 163 3054 1380 3127; baseline 0.004 -16"><span class='ocrx_word' id='word_1_210' title='bbox 163 3054 228 3112; x_wconf 89' lang='lat' dir='ltr'>tolli</span> <span class='ocrx_word' id='word_1_211' title='bbox 250 3071 334 3126; x_wconf 90' lang='lat' dir='ltr'>posse</span> <span class='ocrx_word' id='word_1_212' title='bbox 357 3061 501 3127; x_wconf 90' lang='lat' dir='ltr'>putarent.</span> <span class='ocrx_word' id='word_1_213' title='bbox 547 3056 663 3114; x_wconf 83' lang='lat' dir='ltr'>Favere</span> <span class='ocrx_word' id='word_1_214' title='bbox 686 3056 860 3116; x_wconf 85' lang='lat' dir='ltr'>videbantur</span> <span class='ocrx_word' id='word_1_215' title='bbox 882 3057 928 3114; x_wconf 92' lang='lat' dir='ltr'>bis</span> <span class='ocrx_word' id='word_1_216' title='bbox 950 3057 1053 3114; x_wconf 89' lang='lat' dir='ltr'>studiis</span> <span class='ocrx_word' id='word_1_217' title='bbox 1075 3063 1107 3115; x_wconf 89' lang='lat' dir='ltr'>et</span> <span class='ocrx_word' id='word_1_218' title='bbox 1129 3057 1316 3114; x_wconf 88' lang='lat' dir='ltr'>Innocentius</span> <span class='ocrx_word' id='word_1_219' title='bbox 1328 3057 1380 3116; x_wconf 89' lang='lat' dir='ltr'>XI.</span> 
     </span>
     <span class='ocr_line' id='line_1_27' title="bbox 164 3157 1381 3234; baseline 0.001 -18"><span class='ocrx_word' id='word_1_220' title='bbox 164 3157 248 3230; x_wconf 86' lang='lat' dir='ltr'>Papa</span> <span class='ocrx_word' id='word_1_221' title='bbox 267 3176 336 3217; x_wconf 90' lang='lat' dir='ltr'>vere</span> <span class='ocrx_word' id='word_1_222' title='bbox 359 3161 423 3232; x_wconf 90' lang='lat' dir='ltr'>pius</span> <span class='ocrx_word' id='word_1_223' title='bbox 444 3166 474 3218; x_wconf 91' lang='lat' dir='ltr'>et</span> <span class='ocrx_word' id='word_1_224' title='bbox 495 3161 617 3219; x_wconf 82' lang='lat' dir='ltr'>Jesnitis</span> <span class='ocrx_word' id='word_1_225' title='bbox 639 3162 763 3234; x_wconf 89' lang='lat' dir='ltr'>invisus,</span> <span class='ocrx_word' id='word_1_226' title='bbox 793 3177 913 3234; x_wconf 92' lang='lat' dir='ltr'>quorum</span> <span class='ocrx_word' id='word_1_227' title='bbox 936 3161 1086 3232; x_wconf 85' lang='lat' dir='ltr'>sexaginta</span> <span class='ocrx_word' id='word_1_228' title='bbox 1107 3158 1163 3217; x_wconf 90' lang='lat' dir='ltr'>duo</span> <span class='ocrx_word' id='word_1_229' title='bbox 1181 3160 1317 3231; x_wconf 84' lang='lat' dir='ltr'>dogmata</span> <span class='ocrx_word' id='word_1_230' title='bbox 1344 3161 1381 3217; x_wconf 91' lang='lat' dir='ltr'>ad</span> 
     </span>
     <span class='ocr_line' id='line_1_28' title="bbox 164 3263 1381 3338; baseline 0.001 -18"><span class='ocrx_word' id='word_1_231' title='bbox 164 3279 263 3320; x_wconf 88' lang='lat' dir='ltr'>mores</span> <span class='ocrx_word' id='word_1_232' title='bbox 277 3265 457 3336; x_wconf 88' lang='lat' dir='ltr'>pertinentia</span> <span class='ocrx_word' id='word_1_233' title='bbox 472 3265 687 3338; x_wconf 88' lang='lat' dir='ltr'>condemnavit,</span> <span class='ocrx_word' id='word_1_234' title='bbox 710 3271 741 3322; x_wconf 87' lang='lat' dir='ltr'>et</span> <span class='ocrx_word' id='word_1_235' title='bbox 764 3263 930 3337; x_wconf 89' lang='lat' dir='ltr'>Leopoldus</span> <span class='ocrx_word' id='word_1_236' title='bbox 952 3265 975 3322; x_wconf 94' lang='lat' dir='ltr'>I.</span> <span class='ocrx_word' id='word_1_237' title='bbox 996 3263 1159 3335; x_wconf 87' lang='lat' dir='ltr'>Imperator</span> <span class='ocrx_word' id='word_1_238' title='bbox 1180 3263 1260 3335; x_wconf 89' lang='lat' dir='ltr'>pacis</span> <span class='ocrx_word' id='word_1_239' title='bbox 1283 3280 1381 3322; x_wconf 90' lang='lat' dir='ltr'>aman-</span> 
     </span>
     <span class='ocr_line' id='line_1_29' title="bbox 164 3367 1381 3441; baseline 0.001 -15"><span class='ocrx_word' id='word_1_240' title='bbox 164 3367 310 3440; x_wconf 88' lang='lat' dir='ltr'>tissimus,</span> <span class='ocrx_word' id='word_1_241' title='bbox 333 3375 489 3441; x_wconf 90' lang='lat' dir='ltr'>praeterea</span> <span class='ocrx_word' id='word_1_242' title='bbox 509 3369 606 3441; x_wconf 89' lang='lat' dir='ltr'>plures</span> <span class='ocrx_word' id='word_1_243' title='bbox 630 3367 805 3427; x_wconf 88' lang='lat' dir='ltr'>Germaniae</span> <span class='ocrx_word' id='word_1_244' title='bbox 829 3367 1004 3441; x_wconf 68' lang='lat' dir='ltr'>Principess</span> <span class='ocrx_word' id='word_1_245' title='bbox 1031 3368 1225 3426; x_wconf 85' lang='lat' dir='ltr'>Accesserant</span> <span class='ocrx_word' id='word_1_246' title='bbox 1244 3367 1282 3425; x_wconf 89' lang='lat' dir='ltr'>ad</span> <span class='ocrx_word' id='word_1_247' title='bbox 1302 3368 1381 3427; x_wconf 92' lang='lat' dir='ltr'>idem</span> 
     </span>
     <span class='ocr_line' id='line_1_30' title="bbox 164 3469 1380 3546; baseline 0.002 -16"><span class='ocrx_word' id='word_1_248' title='bbox 164 3471 313 3544; x_wconf 89' lang='lat' dir='ltr'>negotium</span> <span class='ocrx_word' id='word_1_249' title='bbox 343 3471 501 3530; x_wconf 86' lang='lat' dir='ltr'>Bossuetus</span> <span class='ocrx_word' id='word_1_250' title='bbox 530 3473 638 3546; x_wconf 92' lang='lat' dir='ltr'>aliique</span> <span class='ocrx_word' id='word_1_251' title='bbox 665 3471 826 3546; x_wconf 87' lang='lat' dir='ltr'>Gallicani,</span> <span class='ocrx_word' id='word_1_252' title='bbox 857 3469 1026 3531; x_wconf 89' lang='lat' dir='ltr'>Pontificem</span> <span class='ocrx_word' id='word_1_253' title='bbox 1055 3471 1217 3531; x_wconf 88' lang='lat' dir='ltr'>absolutum</span> <span class='ocrx_word' id='word_1_254' title='bbox 1238 3473 1380 3532; x_wconf 91' lang='lat' dir='ltr'>ecclesiae</span> 
     </span>
     <span class='ocr_line' id='line_1_31' title="bbox 164 3575 1380 3650; baseline 0.001 -16"><span class='ocrx_word' id='word_1_255' title='bbox 164 3577 313 3634; x_wconf 91' lang='lat' dir='ltr'>dominum</span> <span class='ocrx_word' id='word_1_256' title='bbox 347 3583 377 3633; x_wconf 90' lang='lat' dir='ltr'>et</span> <span class='ocrx_word' id='word_1_257' title='bbox 410 3575 472 3634; x_wconf 89' lang='lat' dir='ltr'>lalli</span> <span class='ocrx_word' id='word_1_258' title='bbox 506 3579 635 3635; x_wconf 91' lang='lat' dir='ltr'>nescium</span> <span class='ocrx_word' id='word_1_259' title='bbox 669 3595 727 3636; x_wconf 93' lang='lat' dir='ltr'>uon</span> <span class='ocrx_word' id='word_1_260' title='bbox 758 3583 956 3650; x_wconf 88' lang='lat' dir='ltr'>agnoscentes.</span> <span class='ocrx_word' id='word_1_261' title='bbox 1002 3577 1037 3635; x_wconf 93' lang='lat' dir='ltr'>In</span> <span class='ocrx_word' id='word_1_262' title='bbox 1063 3576 1108 3634; x_wconf 89' lang='lat' dir='ltr'>his</span> <span class='ocrx_word' id='word_1_263' title='bbox 1138 3577 1227 3650; x_wconf 87' lang='lat' dir='ltr'>igitur</span> <span class='ocrx_word' id='word_1_264' title='bbox 1249 3577 1380 3635; x_wconf 92' lang='lat' dir='ltr'>omnibus</span> 
     </span>
     <span class='ocr_line' id='line_1_32' title="bbox 165 3679 1381 3755; baseline 0 -17"><span class='ocrx_word' id='word_1_265' title='bbox 165 3679 328 3738; x_wconf 87' lang='lat' dir='ltr'>Leibuitius</span> <span class='ocrx_word' id='word_1_266' title='bbox 344 3679 442 3738; x_wconf 80' lang='lat' dir='ltr'>fausta</span> <span class='ocrx_word' id='word_1_267' title='bbox 457 3681 554 3740; x_wconf 88' lang='lat' dir='ltr'>omina</span> <span class='ocrx_word' id='word_1_268' title='bbox 568 3681 706 3740; x_wconf 78' lang='lat' dir='ltr'>divimtus</span> <span class='ocrx_word' id='word_1_269' title='bbox 720 3681 789 3740; x_wconf 91' lang='lat' dir='ltr'>data</span> <span class='ocrx_word' id='word_1_270' title='bbox 808 3683 976 3755; x_wconf 84' lang='lat' dir='ltr'>conspicere</span> <span class='ocrx_word' id='word_1_271' title='bbox 994 3682 1049 3740; x_wconf 90' lang='lat' dir='ltr'>sibi</span> <span class='ocrx_word' id='word_1_272' title='bbox 1069 3681 1191 3742; x_wconf 83' lang='lat' dir='ltr'>videtur.</span> <span class='ocrx_word' id='word_1_273' title='bbox 1237 3681 1381 3755; x_wconf 68' lang='lat' dir='ltr'>‚Falcon‘</span> 
     </span>
     <span class='ocr_line' id='line_1_33' title="bbox 163 3783 1381 3857; baseline 0.001 -15"><span class='ocrx_word' id='word_1_274' title='bbox 163 3785 277 3857; x_wconf 84' lang='lat' dir='ltr'>inquit,</span> <span class='ocrx_word' id='word_1_275' title='bbox 311 3785 415 3855; x_wconf 85' lang='lat' dir='ltr'>,valde</span> <span class='ocrx_word' id='word_1_276' title='bbox 448 3783 595 3844; x_wconf 85' lang='lat' dir='ltr'>difficilem</span> <span class='ocrx_word' id='word_1_277' title='bbox 623 3802 688 3844; x_wconf 90' lang='lat' dir='ltr'>esse</span> <span class='ocrx_word' id='word_1_278' title='bbox 711 3802 775 3843; x_wconf 90' lang='lat' dir='ltr'>oum</span> <span class='ocrx_word' id='word_1_279' title='bbox 798 3788 923 3844; x_wconf 90' lang='lat' dir='ltr'>ecclesia</span> <span class='ocrx_word' id='word_1_280' title='bbox 944 3785 1076 3843; x_wconf 84' lang='lat' dir='ltr'>Romana</span> <span class='ocrx_word' id='word_1_281' title='bbox 1098 3785 1294 3856; x_wconf 77' lang='lat' dir='ltr'>concordiam3</span> <span class='ocrx_word' id='word_1_282' title='bbox 1329 3784 1381 3843; x_wconf 90' lang='lat' dir='ltr'>sed</span> 
     </span>
     <span class='ocr_line' id='line_1_34' title="bbox 162 3887 1381 3963; baseline -0.002 -16"><span class='ocrx_word' id='word_1_283' title='bbox 162 3887 373 3960; x_wconf 91' lang='lat' dir='ltr'>impossibilem</span> <span class='ocrx_word' id='word_1_284' title='bbox 388 3888 487 3947; x_wconf 89' lang='lat' dir='ltr'>dicere</span> <span class='ocrx_word' id='word_1_285' title='bbox 499 3906 557 3947; x_wconf 93' lang='lat' dir='ltr'>non</span> <span class='ocrx_word' id='word_1_286' title='bbox 568 3891 669 3963; x_wconf 86' lang='lat' dir='ltr'>ausim,</span> <span class='ocrx_word' id='word_1_287' title='bbox 694 3905 789 3963; x_wconf 87' lang='lat' dir='ltr'>neque</span> <span class='ocrx_word' id='word_1_288' title='bbox 806 3891 882 3949; x_wconf 92' lang='lat' dir='ltr'>enim</span> <span class='ocrx_word' id='word_1_289' title='bbox 897 3889 1066 3950; x_wconf 87' lang='lat' dir='ltr'>abbreviata</span> <span class='ocrx_word' id='word_1_290' title='bbox 1082 3895 1126 3947; x_wconf 88' lang='lat' dir='ltr'>est</span> <span class='ocrx_word' id='word_1_291' title='bbox 1141 3903 1241 3945; x_wconf 88' lang='lat' dir='ltr'>manus</span> <span class='ocrx_word' id='word_1_292' title='bbox 1256 3887 1381 3945; x_wconf 90' lang='lat' dir='ltr'>Domini.</span> 
     </span>
     <span class='ocr_line' id='line_1_35' title="bbox 163 3991 1381 4066; baseline -0.001 -15"><span class='ocrx_word' id='word_1_293' title='bbox 163 3992 330 4066; x_wconf 86' lang='lat' dir='ltr'>Optandum</span> <span class='ocrx_word' id='word_1_294' title='bbox 347 3999 425 4050; x_wconf 89' lang='lat' dir='ltr'>esset</span> <span class='ocrx_word' id='word_1_295' title='bbox 439 3991 608 4065; x_wconf 86' lang='lat' dir='ltr'>Pontificem</span> <span class='ocrx_word' id='word_1_296' title='bbox 623 3995 784 4052; x_wconf 86' lang='lat' dir='ltr'>Romanum</span> <span class='ocrx_word' id='word_1_297' title='bbox 805 4011 862 4053; x_wconf 93' lang='lat' dir='ltr'>non</span> <span class='ocrx_word' id='word_1_298' title='bbox 885 4001 995 4053; x_wconf 88' lang='lat' dir='ltr'>tuntum</span> <span class='ocrx_word' id='word_1_299' title='bbox 1018 4009 1075 4051; x_wconf 91' lang='lat' dir='ltr'>non</span> <span class='ocrx_word' id='word_1_300' title='bbox 1090 3993 1206 4064; x_wconf 89' lang='lat' dir='ltr'>exigere</span> <span class='ocrx_word' id='word_1_301' title='bbox 1222 3991 1381 4050; x_wconf 84' lang='lat' dir='ltr'>infallibili·</span> 
     </span>
     <span class='ocr_line' id='line_1_36' title="bbox 162 4095 1380 4172; baseline -0.001 -16"><span class='ocrx_word' id='word_1_302' title='bbox 162 4099 236 4156; x_wconf 87' lang='lat' dir='ltr'>tatis</span> <span class='ocrx_word' id='word_1_303' title='bbox 259 4112 330 4156; x_wconf 90' lang='lat' dir='ltr'>snae</span> <span class='ocrx_word' id='word_1_304' title='bbox 349 4095 446 4170; x_wconf 90' lang='lat' dir='ltr'>fidem,</span> <span class='ocrx_word' id='word_1_305' title='bbox 467 4097 520 4156; x_wconf 91' lang='lat' dir='ltr'>sed</span> <span class='ocrx_word' id='word_1_306' title='bbox 543 4099 631 4156; x_wconf 89' lang='lat' dir='ltr'>etiam</span> <span class='ocrx_word' id='word_1_307' title='bbox 654 4115 713 4157; x_wconf 90' lang='lat' dir='ltr'>non</span> <span class='ocrx_word' id='word_1_308' title='bbox 728 4099 890 4172; x_wconf 88' lang='lat' dir='ltr'>adstruere,</span> <span class='ocrx_word' id='word_1_309' title='bbox 910 4100 997 4156; x_wconf 88' lang='lat' dir='ltr'>immo</span> <span class='ocrx_word' id='word_1_310' title='bbox 1021 4098 1049 4154; x_wconf 95' lang='lat' dir='ltr'>ei</span> <span class='ocrx_word' id='word_1_311' title='bbox 1064 4095 1233 4153; x_wconf 86' lang='lat' dir='ltr'>renuntiare</span> <span class='ocrx_word' id='word_1_312' title='bbox 1251 4095 1380 4157; x_wconf 87' lang='lat' dir='ltr'>diserte.‘</span> 
     </span>
    </p>
   </div>
   <div class='ocr_carea' id='block_1_5' title="bbox 160 4319 1380 4662">
    <p class='ocr_par' dir='ltr' id='par_1_5' title="bbox 160 4319 1380 4490">
     <span class='ocr_line' id='line_1_37' title="bbox 255 4319 1380 4399; baseline -0.003 -15"><span class='ocrx_word' id='word_1_313' title='bbox 255 4335 281 4399; x_wconf 80' lang='lat'>1)</span> <span class='ocrx_word' id='word_1_314' title='bbox 301 4333 355 4384; x_wconf 88' lang='lat' dir='ltr'>Iam</span> <span class='ocrx_word' id='word_1_315' title='bbox 373 4333 475 4384; x_wconf 84' lang='lat' dir='ltr'>Herder</span> <span class='ocrx_word' id='word_1_316' title='bbox 495 4334 632 4399; x_wconf 79' lang='lat' dir='ltr'>(Adrastea</span> <span class='ocrx_word' id='word_1_317' title='bbox 651 4333 678 4396; x_wconf 92' lang='lat'>1,</span> <span class='ocrx_word' id='word_1_318' title='bbox 700 4335 741 4398; x_wconf 79' lang='lat' dir='ltr'>l),</span> <span class='ocrx_word' id='word_1_319' title='bbox 769 4349 844 4398; x_wconf 86' lang='lat' dir='ltr'>quam</span> <span class='ocrx_word' id='word_1_320' title='bbox 871 4339 938 4381; x_wconf 84' lang='lat' dir='ltr'>recte</span> <span class='ocrx_word' id='word_1_321' title='bbox 956 4329 1102 4380; x_wconf 87' lang='lat' dir='ltr'>Loibuitius</span> <span class='ocrx_word' id='word_1_322' title='bbox 1126 4330 1188 4379; x_wconf 85' lang='lat' dir='ltr'>haec</span> <span class='ocrx_word' id='word_1_323' title='bbox 1205 4319 1380 4396; x_wconf 70' lang='lat' dir='ltr'>praedixerit,</span> 
     </span>
     <span class='ocr_line' id='line_1_38' title="bbox 160 4419 723 4490; baseline -0.009 -16"><span class='ocrx_word' id='word_1_324' title='bbox 160 4422 299 4490; x_wconf 75' lang='lat' dir='ltr'>aequantia</span> <span class='ocrx_word' id='word_1_325' title='bbox 316 4431 432 4486; x_wconf 82' lang='lat' dir='ltr'>tempora</span> <span class='ocrx_word' id='word_1_326' title='bbox 451 4429 606 4471; x_wconf 85' lang='lat' dir='ltr'>monstrasse</span> <span class='ocrx_word' id='word_1_327' title='bbox 618 4419 723 4487; x_wconf 85' lang='lat' dir='ltr'>judicat.</span> 
     </span>
    </p>

    <p class='ocr_par' dir='ltr' id='par_1_6' title="bbox 254 4506 820 4574">
     <span class='ocr_line' id='line_1_39' title="bbox 254 4506 820 4574; baseline -0.007 -14"><span class='ocrx_word' id='word_1_328' title='bbox 254 4509 281 4574; x_wconf 74' lang='lat'>2)</span> <span class='ocrx_word' id='word_1_329' title='bbox 301 4509 403 4559; x_wconf 90' lang='lat' dir='ltr'>Ludolll</span> <span class='ocrx_word' id='word_1_330' title='bbox 423 4513 449 4556; x_wconf 85' lang='lat' dir='ltr'>st</span> <span class='ocrx_word' id='word_1_331' title='bbox 467 4506 592 4557; x_wconf 86' lang='lat' dir='ltr'>Lsibnitii</span> <span class='ocrx_word' id='word_1_332' title='bbox 609 4507 733 4572; x_wconf 83' lang='lat' dir='ltr'>epistolae</span> <span class='ocrx_word' id='word_1_333' title='bbox 751 4523 777 4572; x_wconf 91' lang='lat' dir='ltr'>p.</span> <span class='ocrx_word' id='word_1_334' title='bbox 797 4511 820 4556; x_wconf 79' lang='lat' dir='ltr'>b.</span> 
     </span>
    </p>

    <p class='ocr_par' dir='ltr' id='par_1_7' title="bbox 255 4593 732 4662">
     <span class='ocr_line' id='line_1_40' title="bbox 255 4593 732 4662; baseline -0.008 -16"><span class='ocrx_word' id='word_1_335' title='bbox 255 4601 282 4662; x_wconf 78' lang='lat'>³)</span> <span class='ocrx_word' id='word_1_336' title='bbox 301 4596 389 4646; x_wconf 82' lang='lat' dir='ltr'>Fellar</span> <span class='ocrx_word' id='word_1_337' title='bbox 407 4593 488 4643; x_wconf 85' lang='lat' dir='ltr'>otium</span> <span class='ocrx_word' id='word_1_338' title='bbox 505 4593 607 4646; x_wconf 74' lang='lat' dir='ltr'>Honor.</span> <span class='ocrx_word' id='word_1_339' title='bbox 628 4611 652 4656; x_wconf 93' lang='lat' dir='ltr'>p.</span> <span class='ocrx_word' id='word_1_340' title='bbox 676 4599 732 4643; x_wconf 76' lang='lat'>184.</span> 
     </span>
    </p>
   </div>
   <div class='ocr_carea' id='block_1_6' title="bbox 0 0 1611 5058">
    <p class='ocr_par' dir='ltr' id='par_1_8' title="bbox 0 0 1611 5058">
     <span class='ocr_line' id='line_1_41' title="bbox 0 0 1611 5058; baseline 0 0"><span class='ocrx_word' id='word_1_341' title='bbox 0 0 1611 5058; x_wconf 95' lang='lat' dir='ltr'> </span> 
     </span>
    </p>
   </div>
  </div>
 </body>
</html>
