3156 5056
225 314 276 368 236
713 311 816 360 annrs
832 310 947 359 Pnronrs

224 527 305 586 libris
320 526 479 586 clarissime
494 531 605 600 pateat,
625 523 740 584 felicem
754 521 841 583 funem
856 521 911 582 sibi
925 523 1110 597 proposuisse
1124 523 1253 596 aliosque
1268 521 1439 598 timidiores,

223 637 255 690 ut
274 631 397 691 eundem
419 628 504 690 finem
526 633 773 704 persequerentur
795 627 954 701 excitasse,
976 627 1112 686 nindrum
1132 633 1164 686 ut
1186 627 1324 701 ccclesia,
1350 629 1438 702 longo

223 741 354 810 tempore
375 735 472 793 multis
495 734 630 793 abusibus
652 733 809 806 maculata,
837 731 968 790 funditus
989 730 1207 791 reformaretur.
1252 731 1325 790 Tam
1346 731 1438 790 nobili

222 855 295 898 ausu
325 855 458 914 magnam
486 838 568 896 illum
597 837 712 896 laudern
744 836 821 910 apud
848 837 924 896 viros
952 835 1051 896 doctos
1076 836 1233 908 meruissc;
1262 835 1437 910 sperandum

222 943 285 1002 fore
308 948 341 1001 ut
362 943 426 1016 ipse
448 941 568 1001 Carolus
591 941 622 1000 id
645 946 793 1016 agnoscat.
839 939 940 1015 ,Ego‘,
962 941 1070 1014 inquit,
1093 939 1229 1016 ,Caesari
1250 939 1324 998 dixi:
1355 939 1437 998 Deus

222 1044 382 1120 flagellabit
404 1044 560 1105 Caesarem
587 1050 618 1106 et
639 1061 738 1104 omnes
760 1043 926 1118 Principes,
955 1044 1012 1102 nisi
1035 1060 1142 1118 sponsa
1163 1043 1271 1102 Christi
1294 1043 1437 1103 liberatur

222 1150 259 1209 ab
286 1151 350 1209 istis
379 1150 515 1209 oneribus
544 1155 575 1208 ct
602 1149 682 1223 rugis
705 1147 807 1222 quibus
829 1148 979 1221 premitur.
1022 1147 1091 1206 Dixi
1114 1148 1217 1222 etiam,
1246 1147 1323 1206 bunc
1344 1146 1435 1205 hemi·

222 1271 289 1313 nem
315 1270 333 1312 a
359 1253 424 1314 Deo
446 1254 564 1314 missum
587 1259 617 1313 et
637 1253 681 1312 illi
703 1258 890 1327 praeceptum
914 1267 993 1326 esse,
1024 1259 1056 1312 ut
1078 1253 1117 1311 sit
1138 1251 1285 1326 flagellum
1314 1257 1435 1326 propter

221 1354 381 1432 peccata‘1
425 1358 617 1417 Novissimum
638 1361 752 1417 tanturn
769 1356 1052 1430 Lutheri.scriptum
1074 1357 1125 1431 ,de
1149 1357 1319 1430 captivitate
1341 1355 1436 1428 Baby-

221 1461 339 1535 lonioa‘,
362 1462 438 1534 quod
461 1467 491 1521 et
511 1461 633 1520 Erasmo
655 1461 814 1535 displicuit,
836 1459 1089 1519 vehementissime
1111 1460 1300 1534 vituperavit,
1328 1459 1435 1532 quippe

221 1581 279 1638 qno
308 1566 371 1638 ipse
402 1565 554 1624 admodum
575 1563 802 1639 perterrefactus
825 1569 856 1622 et
878 1563 1003 1624 afflictus
1026 1570 1112 1624 esset.
1156 1563 1313 1623 Excusavit
1339 1569 1435 1622 tamen

221 1668 294 1727 illud
316 1668 517 1742 aliquomodo
539 1675 658 1743 propter
680 1669 768 1742 iram,
792 1685 829 1728 ex
848 1669 929 1728 bulla
951 1667 1132 1728 damnatoria
1154 1672 1341 1742 conceptam
1369 1683 1435 1725 con·

222 1773 310 1830 cessit
332 1773 434 1846 etiam,
457 1788 590 1846 eaquae
612 1773 672 1830 illic
694 1773 794 1832 durius
817 1772 895 1833 dicta
919 1777 1030 1848 essent,
1059 1789 1095 1832 ex
1117 1773 1216 1831 libello
1238 1771 1275 1830 de
1296 1771 1433 1831 libertate

222 1876 381 1936 christiana
408 1878 451 1935 ita
476 1892 561 1952 posse
592 1876 746 1950 explicari,
776 1882 809 1935 ut
834 1875 941 1935 bonurn
963 1880 995 1935 et
1018 1875 1191 1935 catholicum
1212 1893 1328 1935 sensum
1350 1891 1435 1950 prae-

220 1979 317 2041 beant.
363 1982 444 2053 Quae
474 1986 575 2041 contra
592 1981 754 2040 Lutberum
781 1981 890 2054 scripta
909 1986 1008 2056 erant,
1035 1997 1130 2056 paene
1153 1981 1249 2041 omnia
1271 1981 1434 2055 improbare

220 2086 298 2144 visus
328 2091 388 2161 est,
425 2086 570 2160 inprimis,
606 2102 692 2158 quem
721 2085 875 2144 novissime
905 2089 1073 2158 acceperat,
1111 2083 1256 2144 Ambrosii
1285 2083 1434 2144 Catharini

220 2190 365 2265 libellum;
387 2189 462 2249 bunc
484 2190 561 2250 enim
583 2190 684 2264 viginti
706 2187 769 2249 fere
791 2190 863 2248 locis
886 2189 1009 2249 Lutheri
1031 2194 1159 2248 mentem
1182 2205 1241 2248 non
1263 2193 1345 2248 recte
1367 2205 1433 2262 per-

222 2295 342 2368 cepisse.
377 2294 452 2366 Qnid
472 2293 698 2368 exspectandum
720 2294 748 2354 ei
769 2310 846 2368 esse,
869 2294 894 2352 si
912 2293 989 2353 liber
1004 2291 1042 2352 ad
1056 2293 1217 2363 Luthernm
1230 2295 1434 2367 pervenisset?

220 2396 305 2455 Nunc
327 2398 434 2456 nullam
456 2413 610 2472 superesse
633 2398 723 2472 dam,
752 2399 809 2456 nisi
831 2403 877 2472 ut,
906 2398 1017 2458 omissis
1038 2398 1161 2471 publicis
1183 2398 1433 2473 disputationibus,

220 2501 320 2558 resin
342 2507 456 2561 secreto
476 2505 635 2573 tractetur,
662 2501 735 2560 alias
756 2501 909 2561 Diabolum
930 2519 990 2561 non
1012 2517 1077 2563 esse
1100 2507 1279 2562 cessaturum
1301 2502 1339 2561 ab
1362 2501 1434 2574 obji-

220 2603 330 2662 ciendis
358 2603 556 2663 reformationi
586 2604 727 2664 ecclesiae
758 2605 927 2680 obstaculis,
956 2608 1044 2666 immo
1074 2605 1263 2666 seditionibus
1295 2610 1326 2664 et
1350 2605 1434 2665 bellis

221 2705 390 2765 excitandis.
447 2707 543 2778 Quare
578 2725 610 2768 se
642 2710 702 2782 jam
737 2709 877 2769 Nassovio
910 2709 1029 2786 Comiti,
1066 2711 1240 2770 Hellandiae
1273 2709 1434 2786 praefecto,

221 2809 328 2870 dixisse
344 2811 493 2870 nitendum
509 2827 587 2888 esse,
610 2818 642 2870 nt
657 2813 804 2873 commodo
822 2819 954 2890 tempore
972 2816 1104 2876 homines
1124 2815 1295 2890 doctissimi,
1313 2815 1435 2874 sanctis·

221 2915 299 2989 simi,
321 2914 452 2976 doctrina
474 2921 505 2976 et
523 2918 583 2976 vita
604 2917 797 2991 probatissimi
818 2920 856 2978 ad
870 2935 986 2980 causam
1002 2921 1230 2995 cognoscendam
1244 2919 1434 2993 eligerentur,

219 3020 314 3092 iisque
336 3019 471 3081 Pontifex
495 3027 524 3082 et
546 3021 690 3082 Lutherus
708 3024 849 3098 judicium
872 3023 1036 3101 deferrent,
1058 3041 1152 3098 neque
1175 3024 1334 3083 verendum
1357 3039 1433 3097 esse,

218 3131 252 3183 ut
272 3123 406 3185 Pontifex
435 3127 633 3202 refragaretur
662 3133 713 3187 aot
735 3129 773 3188 ad
795 3129 951 3189 Caesarem
978 3129 1127 3203 pertinere
1150 3145 1212 3188 rem
1235 3132 1359 3202 negaret
1384 3127 1433 3186 vel

219 3227 370 3290 Caesareis
401 3232 472 3292 actis
502 3232 701 3306 mandatisque
733 3235 893 3292 contrarius
916 3239 1003 3294 esset.
1047 3231 1198 3307 subjunxit
1219 3230 1337 3305 Cispio,
1367 3231 1433 3290 heri

218 3333 249 3390 in
270 3335 370 3407 vigilia
387 3333 549 3395 Cardinalis
570 3329 617 3417 (ut
632 3337 748 3396 videtur
761 3331 939 3418 Mogontiui)
962 3337 1129 3409 episcopum
1151 3335 1296 3409 quendam
1314 3335 1434 3409 dixisse,

218 3450 275 3492 non
297 3452 369 3508 opus
390 3453 456 3496 esse
478 3444 511 3498 ut
532 3439 677 3498 Lutherus
694 3441 857 3514 audiretur,
880 3458 966 3514 quum
981 3440 1048 3499 libri
1063 3443 1125 3515 ejus
1144 3445 1309 3514 emissent,
1330 3456 1432 3499 verum

133 3615 136 3621 Δ
218 3554 250 3595 se
278 3539 476 3614 respondisse,
507 3543 631 3601 maxime
661 3543 837 3603 audiendum
868 3561 948 3620 esse,
980 3545 1117 3604 articulos
1146 3545 1223 3604 enim
1250 3544 1387 3618 quosdam
1413 3561 1435 3603 a

217 3640 346 3700 Luthero
367 3643 410 3701 ita
432 3659 496 3702 esse
519 3646 642 3724 positos,
665 3651 697 3704 ιιι
717 3647 775 3704 alio
797 3663 885 3706 sensu
902 3648 978 3722 veri,
1000 3650 1058 3707 alio
1073 3649 1139 3708 falsi
1156 3654 1262 3709 essent.
1299 3648 1435 3708 Arbitros

218 3762 287 3805 vero
309 3745 375 3804 illos
397 3747 512 3820 utrique
534 3749 611 3821 parti
634 3754 791 3808 oretenus
813 3749 1092 3827 indicaturosesse,
1110 3752 1180 3826 quid
1201 3751 1360 3826 probarent
1380 3758 1436 3812 aut

218 3851 430 3926 improbarent3
459 3852 554 3912 vivam
583 3868 683 3911 vocem
710 3869 775 3914 esse
803 3855 934 3928 spiritum
961 3856 1071 3930 uvam,
1100 3856 1273 3930 scripturam
1297 3856 1433 3928 spiritum

217 3961 371 4014 mortuum.
421 3956 488 4016 Lite
525 3957 673 4030 pendente
703 3959 818 4032 utrique
844 3961 921 4034 parti
951 3959 1157 4034 quiescendum
1183 3977 1264 4035 esse;
1301 3959 1432 4020 Luthero

217 4057 419 4118 abstinendum
452 4077 471 4119 a
500 4061 668 4136 scribendo,
713 4061 847 4122 Pontifici
883 4065 1004 4138 ejusque
1039 4064 1144 4138 legatis
1177 4081 1196 4123 a
1229 4063 1433 4123 comburendis

214 4161 338 4219 Lutheri
360 4163 442 4223 libris
465 4166 586 4239 aliisque
606 4167 746 4240 ejusmodi
764 4168 896 4228 actibus‘
932 4168 995 4227 Hoc
1014 4169 1164 4228 consilium
1180 4167 1284 4242 Glapio
1298 4167 1433 4227 Pontano

216 4266 428 4328 commendavit
457 4269 494 4328 ad
516 4270 682 4330 Electorem
710 4272 912 4346 referendum,
943 4289 1007 4332 sese
1038 4289 1104 4331 cunr
1127 4273 1231 4332 Cevrio
1262 4279 1293 4332 et
1323 4271 1432 4332 deinde

215 4371 365 4444 cumipse
389 4371 517 4434 Caesare
538 4375 576 4434 de
598 4392 634 4435 eo
657 4382 787 4436 acturum
809 4393 883 4440 esse.
927 4377 1022 4436 Deum
1042 4394 1073 4437 se
1097 4377 1213 4451 testari,
1236 4381 1374 4449 quantum
1398 4377 1433 4436 in

263 4581 264 4584 ’
306 4584 333 4654 1)
350 4586 422 4640 Haec
439 4587 571 4642 Pantanus
590 4587 742 4640 verbotenus
761 4588 841 4639 latins
857 4587 970 4653 scripsit.
1005 4589 1194 4640 Foerstamaun'
1204 4605 1229 4654 p.
1243 4592 1283 4638 ba.
