<?xml version="1.0" encoding="UTF-8"?>
<!DOCTYPE html PUBLIC "-//W3C//DTD XHTML 1.0 Transitional//EN"
    "http://www.w3.org/TR/xhtml1/DTD/xhtml1-transitional.dtd">
<html xmlns="http://www.w3.org/1999/xhtml" xml:lang="en" lang="en">
 <head>
  <title>
</title>
<meta http-equiv="Content-Type" content="text/html;charset=utf-8" />
  <meta name='ocr-system' content='tesseract 3.04.00' />
  <meta name='ocr-capabilities' content='ocr_page ocr_carea ocr_par ocr_line ocrx_word'/>
</head>
<body>
  <div class='ocr_page' id='page_1' title='image "./erasmusredivivu00schlgoog_0442.png"; bbox 0 0 3144 5092; ppageno 0'>
   <div class='ocr_carea' id='block_1_1' title="bbox 665 296 1351 355">
    <p class='ocr_par' dir='ltr' id='par_1_1' title="bbox 665 296 1351 355">
     <span class='ocr_line' id='line_1_1' title="bbox 665 296 1351 355; baseline -0.004 -4"><span class='ocrx_word' id='word_1_1' title='bbox 665 296 753 351; x_wconf 74' lang='lat' dir='ltr'>Carus</span> <span class='ocrx_word' id='word_1_2' title='bbox 766 297 814 350; x_wconf 91' lang='lat' dir='ltr'>IV.</span> <span class='ocrx_word' id='word_1_3' title='bbox 1319 302 1351 355; x_wconf 82' lang='grc'>61</span> 
     </span>
    </p>
   </div>
   <div class='ocr_carea' id='block_1_2' title="bbox 1194 393 1354 402">
    <p class='ocr_par' dir='ltr' id='par_1_2' title="bbox 1194 393 1354 402">
     <span class='ocr_line' id='line_1_2' title="bbox 1194 393 1354 402; baseline 0.013 -2"><span class='ocrx_word' id='word_1_4' title='bbox 1194 393 1354 402; x_wconf 75' lang='grc'>----</span> 
     </span>
    </p>
   </div>
   <div class='ocr_carea' id='block_1_3' title="bbox 116 480 1387 4425">
    <p class='ocr_par' dir='ltr' id='par_1_3' title="bbox 119 480 1354 1309">
     <span class='ocr_line' id='line_1_3' title="bbox 119 480 1354 569; baseline 0.006 -31"><span class='ocrx_word' id='word_1_5' title='bbox 119 481 224 538; x_wconf 85' lang='lat' dir='ltr'>omnia</span> <span class='ocrx_word' id='word_1_6' title='bbox 251 480 288 539; x_wconf 91' lang='lat' dir='ltr'>de</span> <span class='ocrx_word' id='word_1_7' title='bbox 316 480 381 556; x_wconf 88' lang='lat' dir='ltr'>ejus</span> <span class='ocrx_word' id='word_1_8' title='bbox 408 480 598 555; x_wconf 83' lang='lat' dir='ltr'>celsitudine,</span> <span class='ocrx_word' id='word_1_9' title='bbox 626 481 791 569; x_wconf 87' lang='lat' dir='ltr'>majestate,</span> <span class='ocrx_word' id='word_1_10' title='bbox 819 485 964 557; x_wconf 78' lang='lat' dir='ltr'>potestate</span> <span class='ocrx_word' id='word_1_11' title='bbox 985 485 1101 557; x_wconf 79' lang='lat' dir='ltr'>agunt‘</span> <span class='ocrx_word' id='word_1_12' title='bbox 1146 481 1252 560; x_wconf 86' lang='lat' dir='ltr'>Itaque</span> <span class='ocrx_word' id='word_1_13' title='bbox 1273 484 1354 546; x_wconf 88' lang='lat' dir='ltr'>huno</span> 
     </span>
     <span class='ocr_line' id='line_1_4' title="bbox 119 586 1353 668; baseline 0.004 -22"><span class='ocrx_word' id='word_1_14' title='bbox 119 586 284 664; x_wconf 88' lang='lat' dir='ltr'>primatum</span> <span class='ocrx_word' id='word_1_15' title='bbox 316 586 483 664; x_wconf 86' lang='lat' dir='ltr'>potestatis,</span> <span class='ocrx_word' id='word_1_16' title='bbox 515 587 572 647; x_wconf 89' lang='lat' dir='ltr'>hoo</span> <span class='ocrx_word' id='word_1_17' title='bbox 601 587 760 664; x_wconf 88' lang='lat' dir='ltr'>imperium</span> <span class='ocrx_word' id='word_1_18' title='bbox 787 587 893 665; x_wconf 86' lang='lat' dir='ltr'>papale</span> <span class='ocrx_word' id='word_1_19' title='bbox 919 592 963 648; x_wconf 91' lang='lat' dir='ltr'>tot</span> <span class='ocrx_word' id='word_1_20' title='bbox 990 587 1169 664; x_wconf 79' lang='lat' dir='ltr'>manifestis,</span> <span class='ocrx_word' id='word_1_21' title='bbox 1201 607 1276 668; x_wconf 90' lang='lat' dir='ltr'>quas</span> <span class='ocrx_word' id='word_1_22' title='bbox 1303 592 1353 652; x_wconf 87' lang='lat' dir='ltr'>de·</span> 
     </span>
     <span class='ocr_line' id='line_1_5' title="bbox 120 694 1352 771; baseline 0.005 -19"><span class='ocrx_word' id='word_1_23' title='bbox 120 694 313 771; x_wconf 84' lang='lat' dir='ltr'>scripsimus,</span> <span class='ocrx_word' id='word_1_24' title='bbox 341 695 467 767; x_wconf 87' lang='lat' dir='ltr'>artibus,</span> <span class='ocrx_word' id='word_1_25' title='bbox 495 694 646 770; x_wconf 83' lang='lat' dir='ltr'>caedibus,</span> <span class='ocrx_word' id='word_1_26' title='bbox 674 695 836 754; x_wconf 82' lang='lat' dir='ltr'>mendaciis</span> <span class='ocrx_word' id='word_1_27' title='bbox 860 699 931 754; x_wconf 89' lang='lat' dir='ltr'>tuno</span> <span class='ocrx_word' id='word_1_28' title='bbox 953 695 1082 756; x_wconf 84' lang='lat' dir='ltr'>maxime</span> <span class='ocrx_word' id='word_1_29' title='bbox 1104 695 1212 756; x_wconf 88' lang='lat' dir='ltr'>itemm</span> <span class='ocrx_word' id='word_1_30' title='bbox 1236 703 1352 758; x_wconf 88' lang='lat' dir='ltr'>susten·</span> 
     </span>
     <span class='ocr_line' id='line_1_6' title="bbox 120 800 1352 882; baseline 0.003 -22"><span class='ocrx_word' id='word_1_31' title='bbox 120 805 231 876; x_wconf 82' lang='lat' dir='ltr'>tatum,</span> <span class='ocrx_word' id='word_1_32' title='bbox 255 800 405 862; x_wconf 87' lang='lat' dir='ltr'>Lutherus</span> <span class='ocrx_word' id='word_1_33' title='bbox 428 801 501 862; x_wconf 90' lang='lat' dir='ltr'>dicit</span> <span class='ocrx_word' id='word_1_34' title='bbox 523 820 620 880; x_wconf 90' lang='lat' dir='ltr'>neque</span> <span class='ocrx_word' id='word_1_35' title='bbox 642 821 660 862; x_wconf 92' lang='lat' dir='ltr'>a</span> <span class='ocrx_word' id='word_1_36' title='bbox 684 801 826 862; x_wconf 75' lang='lat' dir='ltr'>conciliis</span> <span class='ocrx_word' id='word_1_37' title='bbox 849 801 1058 863; x_wconf 90' lang='lat' dir='ltr'>ecelesiasticis</span> <span class='ocrx_word' id='word_1_38' title='bbox 1081 821 1178 882; x_wconf 90' lang='lat' dir='ltr'>neque</span> <span class='ocrx_word' id='word_1_39' title='bbox 1200 823 1218 864; x_wconf 93' lang='lat' dir='ltr'>a</span> <span class='ocrx_word' id='word_1_40' title='bbox 1238 804 1352 866; x_wconf 88' lang='lat' dir='ltr'>Princi-</span> 
     </span>
     <span class='ocr_line' id='line_1_7' title="bbox 119 908 1352 987; baseline 0.006 -21"><span class='ocrx_word' id='word_1_41' title='bbox 119 908 212 986; x_wconf 89' lang='lat' dir='ltr'>pibus</span> <span class='ocrx_word' id='word_1_42' title='bbox 238 909 519 987; x_wconf 83' lang='lat' dir='ltr'>megistratibusque</span> <span class='ocrx_word' id='word_1_43' title='bbox 545 909 697 984; x_wconf 87' lang='lat' dir='ltr'>civilibus,</span> <span class='ocrx_word' id='word_1_44' title='bbox 727 909 779 969; x_wconf 88' lang='lat' dir='ltr'>sed</span> <span class='ocrx_word' id='word_1_45' title='bbox 806 928 824 968; x_wconf 90' lang='lat' dir='ltr'>a</span> <span class='ocrx_word' id='word_1_46' title='bbox 851 909 987 985; x_wconf 86' lang='lat' dir='ltr'>DiaboIo,</span> <span class='ocrx_word' id='word_1_47' title='bbox 1020 911 1165 970; x_wconf 87' lang='lat' dir='ltr'>mendacii</span> <span class='ocrx_word' id='word_1_48' title='bbox 1193 930 1227 972; x_wconf 87' lang='lat' dir='ltr'>ac</span> <span class='ocrx_word' id='word_1_49' title='bbox 1254 913 1352 973; x_wconf 89' lang='lat' dir='ltr'>caedis</span> 
     </span>
     <span class='ocr_line' id='line_1_8' title="bbox 119 1015 1352 1096; baseline 0.006 -21"><span class='ocrx_word' id='word_1_50' title='bbox 119 1020 219 1094; x_wconf 80' lang='lat' dir='ltr'>patre,</span> <span class='ocrx_word' id='word_1_51' title='bbox 239 1017 397 1076; x_wconf 90' lang='lat' dir='ltr'>fundatum</span> <span class='ocrx_word' id='word_1_52' title='bbox 415 1033 495 1093; x_wconf 89' lang='lat' dir='ltr'>esse;</span> <span class='ocrx_word' id='word_1_53' title='bbox 515 1034 574 1076; x_wconf 92' lang='lat' dir='ltr'>non</span> <span class='ocrx_word' id='word_1_54' title='bbox 594 1015 706 1077; x_wconf 80' lang='lat' dir='ltr'>Christi</span> <span class='ocrx_word' id='word_1_55' title='bbox 725 1017 778 1076; x_wconf 91' lang='lat' dir='ltr'>sed</span> <span class='ocrx_word' id='word_1_56' title='bbox 796 1015 913 1076; x_wconf 82' lang='lat' dir='ltr'>Diaboli</span> <span class='ocrx_word' id='word_1_57' title='bbox 931 1017 1012 1078; x_wconf 79' lang='lat' dir='ltr'>vires</span> <span class='ocrx_word' id='word_1_58' title='bbox 1030 1017 1156 1078; x_wconf 86' lang='lat' dir='ltr'>Paulum</span> <span class='ocrx_word' id='word_1_59' title='bbox 1174 1017 1229 1079; x_wconf 89' lang='grc' dir='ltr'>ΠΙ.</span> <span class='ocrx_word' id='word_1_60' title='bbox 1251 1038 1352 1096; x_wconf 82' lang='lat' dir='ltr'>geram</span> 
     </span>
     <span class='ocr_line' id='line_1_9' title="bbox 120 1123 1352 1204; baseline 0.003 -20"><span class='ocrx_word' id='word_1_61' title='bbox 120 1140 285 1201; x_wconf 86' lang='lat' dir='ltr'>omnesque</span> <span class='ocrx_word' id='word_1_62' title='bbox 307 1123 441 1199; x_wconf 88' lang='lat' dir='ltr'>ejusdem</span> <span class='ocrx_word' id='word_1_63' title='bbox 461 1124 574 1184; x_wconf 87' lang='lat' dir='ltr'>farinae</span> <span class='ocrx_word' id='word_1_64' title='bbox 592 1123 702 1201; x_wconf 86' lang='lat' dir='ltr'>Papae,</span> <span class='ocrx_word' id='word_1_65' title='bbox 726 1123 827 1184; x_wconf 81' lang='lat' dir='ltr'>Sancti</span> <span class='ocrx_word' id='word_1_66' title='bbox 846 1123 980 1201; x_wconf 82' lang='lat' dir='ltr'>Gregorii</span> <span class='ocrx_word' id='word_1_67' title='bbox 998 1124 1020 1184; x_wconf 95' lang='lat' dir='ltr'>I.</span> <span class='ocrx_word' id='word_1_68' title='bbox 1044 1124 1227 1204; x_wconf 88' lang='lat' dir='ltr'>aliorumque</span> <span class='ocrx_word' id='word_1_69' title='bbox 1245 1127 1352 1204; x_wconf 90' lang='lat' dir='ltr'>prioris</span> 
     </span>
     <span class='ocr_line' id='line_1_10' title="bbox 119 1231 885 1309; baseline 0 -19"><span class='ocrx_word' id='word_1_70' title='bbox 119 1231 188 1290; x_wconf 87' lang='lat' dir='ltr'>aevi</span> <span class='ocrx_word' id='word_1_71' title='bbox 211 1232 415 1309; x_wconf 85' lang='lat' dir='ltr'>episcoporum</span> <span class='ocrx_word' id='word_1_72' title='bbox 439 1231 638 1291; x_wconf 87' lang='lat' dir='ltr'>Romanorum</span> <span class='ocrx_word' id='word_1_73' title='bbox 660 1231 885 1291; x_wconf 89' lang='lat' dir='ltr'>dissimillimos.</span> 
     </span>
    </p>

    <p class='ocr_par' dir='ltr' id='par_1_4' title="bbox 116 1338 1387 4425">
     <span class='ocr_line' id='line_1_11' title="bbox 230 1338 1351 1416; baseline 0.004 -19"><span class='ocrx_word' id='word_1_74' title='bbox 230 1338 308 1397; x_wconf 90' lang='lat' dir='ltr'>Dum</span> <span class='ocrx_word' id='word_1_75' title='bbox 336 1339 515 1399; x_wconf 90' lang='lat' dir='ltr'>sententiam</span> <span class='ocrx_word' id='word_1_76' title='bbox 544 1357 629 1398; x_wconf 90' lang='lat' dir='ltr'>suam</span> <span class='ocrx_word' id='word_1_77' title='bbox 657 1339 694 1398; x_wconf 91' lang='lat' dir='ltr'>de</span> <span class='ocrx_word' id='word_1_78' title='bbox 721 1339 769 1398; x_wconf 82' lang='lat' dir='ltr'>uie</span> <span class='ocrx_word' id='word_1_79' title='bbox 796 1339 884 1398; x_wconf 89' lang='lat' dir='ltr'>rebus</span> <span class='ocrx_word' id='word_1_80' title='bbox 912 1339 1048 1416; x_wconf 87' lang='lat' dir='ltr'>exponit,</span> <span class='ocrx_word' id='word_1_81' title='bbox 1075 1357 1176 1399; x_wconf 88' lang='lat' dir='ltr'>rerum</span> <span class='ocrx_word' id='word_1_82' title='bbox 1198 1341 1351 1402; x_wconf 86' lang='lat' dir='ltr'>historica·</span> 
     </span>
     <span class='ocr_line' id='line_1_12' title="bbox 119 1445 1350 1526; baseline 0.004 -22"><span class='ocrx_word' id='word_1_83' title='bbox 119 1464 202 1522; x_wconf 77' lang='lat' dir='ltr'>mim,</span> <span class='ocrx_word' id='word_1_84' title='bbox 235 1450 379 1524; x_wconf 86' lang='lat' dir='ltr'>quantum</span> <span class='ocrx_word' id='word_1_85' title='bbox 411 1445 474 1506; x_wconf 89' lang='lat' dir='ltr'>fieri</span> <span class='ocrx_word' id='word_1_86' title='bbox 506 1446 559 1506; x_wconf 93' lang='lat' dir='ltr'>illo</span> <span class='ocrx_word' id='word_1_87' title='bbox 587 1451 718 1524; x_wconf 82' lang='lat' dir='ltr'>tempore</span> <span class='ocrx_word' id='word_1_88' title='bbox 745 1450 871 1523; x_wconf 86' lang='lat' dir='ltr'>poterat,</span> <span class='ocrx_word' id='word_1_89' title='bbox 906 1447 979 1506; x_wconf 89' lang='lat' dir='ltr'>satis</span> <span class='ocrx_word' id='word_1_90' title='bbox 1006 1447 1136 1524; x_wconf 90' lang='lat' dir='ltr'>peritum</span> <span class='ocrx_word' id='word_1_91' title='bbox 1163 1465 1196 1508; x_wconf 93' lang='lat' dir='ltr'>se</span> <span class='ocrx_word' id='word_1_92' title='bbox 1223 1450 1350 1526; x_wconf 89' lang='lat' dir='ltr'>praebet.</span> 
     </span>
     <span class='ocr_line' id='line_1_13' title="bbox 121 1551 1351 1635; baseline 0.004 -24"><span class='ocrx_word' id='word_1_93' title='bbox 121 1551 207 1626; x_wconf 84' lang='lat' dir='ltr'>Quod</span> <span class='ocrx_word' id='word_1_94' title='bbox 229 1553 261 1612; x_wconf 90' lang='lat' dir='ltr'>in</span> <span class='ocrx_word' id='word_1_95' title='bbox 285 1553 412 1630; x_wconf 88' lang='lat' dir='ltr'>siugulis</span> <span class='ocrx_word' id='word_1_96' title='bbox 435 1553 588 1628; x_wconf 79' lang='lat' dir='ltr'>enaverit,</span> <span class='ocrx_word' id='word_1_97' title='bbox 611 1554 698 1632; x_wconf 91' lang='lat' dir='ltr'>aequi</span> <span class='ocrx_word' id='word_1_98' title='bbox 718 1553 835 1630; x_wconf 88' lang='lat' dir='ltr'>judices</span> <span class='ocrx_word' id='word_1_99' title='bbox 858 1553 946 1614; x_wconf 85' lang='lat' dir='ltr'>facile</span> <span class='ocrx_word' id='word_1_100' title='bbox 963 1553 1125 1630; x_wconf 85' lang='lat' dir='ltr'>ignoscent.</span> <span class='ocrx_word' id='word_1_101' title='bbox 1163 1553 1201 1614; x_wconf 93' lang='lat' dir='ltr'>In</span> <span class='ocrx_word' id='word_1_102' title='bbox 1219 1555 1257 1615; x_wconf 89' lang='lat' dir='ltr'>iis</span> <span class='ocrx_word' id='word_1_103' title='bbox 1276 1575 1351 1635; x_wconf 90' lang='lat' dir='ltr'>quae</span> 
     </span>
     <span class='ocr_line' id='line_1_14' title="bbox 121 1660 1351 1740; baseline 0.004 -20"><span class='ocrx_word' id='word_1_104' title='bbox 121 1661 232 1720; x_wconf 90' lang='lat' dir='ltr'>summi</span> <span class='ocrx_word' id='word_1_105' title='bbox 254 1661 395 1721; x_wconf 89' lang='lat' dir='ltr'>momenti</span> <span class='ocrx_word' id='word_1_106' title='bbox 418 1665 489 1721; x_wconf 87' lang='lat' dir='ltr'>sunt</span> <span class='ocrx_word' id='word_1_107' title='bbox 510 1661 586 1720; x_wconf 83' lang='lat' dir='ltr'>mira</span> <span class='ocrx_word' id='word_1_108' title='bbox 609 1660 767 1738; x_wconf 85' lang='lat' dir='ltr'>sagacitate</span> <span class='ocrx_word' id='word_1_109' title='bbox 789 1666 904 1722; x_wconf 88' lang='lat' dir='ltr'>rectum</span> <span class='ocrx_word' id='word_1_110' title='bbox 926 1660 1014 1722; x_wconf 81' lang='lat' dir='ltr'>ridet</span> <span class='ocrx_word' id='word_1_111' title='bbox 1057 1660 1161 1740; x_wconf 89' lang='lat' dir='ltr'>Neque</span> <span class='ocrx_word' id='word_1_112' title='bbox 1184 1663 1296 1724; x_wconf 77' lang='lat' dir='ltr'>frustra</span> <span class='ocrx_word' id='word_1_113' title='bbox 1319 1683 1351 1725; x_wconf 92' lang='lat' dir='ltr'>se</span> 
     </span>
     <span class='ocr_line' id='line_1_15' title="bbox 119 1768 1350 1846; baseline 0.003 -20"><span class='ocrx_word' id='word_1_114' title='bbox 119 1769 192 1828; x_wconf 91' lang='lat' dir='ltr'>inde</span> <span class='ocrx_word' id='word_1_115' title='bbox 214 1769 250 1827; x_wconf 89' lang='lat' dir='ltr'>ab</span> <span class='ocrx_word' id='word_1_116' title='bbox 272 1787 307 1828; x_wconf 91' lang='lat' dir='ltr'>eo</span> <span class='ocrx_word' id='word_1_117' title='bbox 329 1773 473 1846; x_wconf 89' lang='lat' dir='ltr'>tempore,</span> <span class='ocrx_word' id='word_1_118' title='bbox 497 1787 556 1846; x_wconf 89' lang='lat' dir='ltr'>quo</span> <span class='ocrx_word' id='word_1_119' title='bbox 579 1787 647 1828; x_wconf 88' lang='lat' dir='ltr'>oum</span> <span class='ocrx_word' id='word_1_120' title='bbox 669 1769 782 1830; x_wconf 89' lang='lat' dir='ltr'>Joanne</span> <span class='ocrx_word' id='word_1_121' title='bbox 804 1769 897 1828; x_wconf 83' lang='lat' dir='ltr'>lleido</span> <span class='ocrx_word' id='word_1_122' title='bbox 920 1768 957 1828; x_wconf 90' lang='grc'>(19</span> <span class='ocrx_word' id='word_1_123' title='bbox 980 1769 1072 1828; x_wconf 88' lang='lat' dir='ltr'>simili</span> <span class='ocrx_word' id='word_1_124' title='bbox 1095 1775 1268 1846; x_wconf 87' lang='lat' dir='ltr'>argumento</span> <span class='ocrx_word' id='word_1_125' title='bbox 1290 1772 1350 1830; x_wconf 89' lang='lat' dir='ltr'>dis·</span> 
     </span>
     <span class='ocr_line' id='line_1_16' title="bbox 120 1875 1350 1954; baseline 0.003 -20"><span class='ocrx_word' id='word_1_126' title='bbox 120 1880 268 1952; x_wconf 83' lang='lat' dir='ltr'>putasset,</span> <span class='ocrx_word' id='word_1_127' title='bbox 291 1875 430 1936; x_wconf 88' lang='lat' dir='ltr'>historiae</span> <span class='ocrx_word' id='word_1_128' title='bbox 453 1881 578 1952; x_wconf 87' lang='lat' dir='ltr'>papatus</span> <span class='ocrx_word' id='word_1_129' title='bbox 596 1895 715 1954; x_wconf 89' lang='lat' dir='ltr'>operam</span> <span class='ocrx_word' id='word_1_130' title='bbox 733 1875 851 1936; x_wconf 88' lang='lat' dir='ltr'>dedisse</span> <span class='ocrx_word' id='word_1_131' title='bbox 868 1875 988 1952; x_wconf 90' lang='lat' dir='ltr'>gloriari</span> <span class='ocrx_word' id='word_1_132' title='bbox 1003 1877 1072 1952; x_wconf 87' lang='lat' dir='ltr'>jure</span> <span class='ocrx_word' id='word_1_133' title='bbox 1090 1881 1211 1954; x_wconf 89' lang='lat' dir='ltr'>poterat.</span> <span class='ocrx_word' id='word_1_134' title='bbox 1253 1877 1350 1938; x_wconf 79' lang='lat' dir='ltr'>Pictas</span> 
     </span>
     <span class='ocr_line' id='line_1_17' title="bbox 120 1975 1387 2061; baseline 0.002 -20"><span class='ocrx_word' id='word_1_135' title='bbox 120 1987 152 2041; x_wconf 91' lang='lat' dir='ltr'>et</span> <span class='ocrx_word' id='word_1_136' title='bbox 179 1983 334 2043; x_wconf 87' lang='lat' dir='ltr'>ementitas</span> <span class='ocrx_word' id='word_1_137' title='bbox 362 1983 471 2042; x_wconf 87' lang='lat' dir='ltr'>multas</span> <span class='ocrx_word' id='word_1_138' title='bbox 498 1983 588 2042; x_wconf 89' lang='lat' dir='ltr'>medii</span> <span class='ocrx_word' id='word_1_139' title='bbox 616 1984 681 2042; x_wconf 81' lang='lat' dir='ltr'>aevi</span> <span class='ocrx_word' id='word_1_140' title='bbox 709 1983 837 2058; x_wconf 83' lang='lat' dir='ltr'>fabulas,</span> <span class='ocrx_word' id='word_1_141' title='bbox 871 1983 978 2061; x_wconf 90' lang='lat' dir='ltr'>quibus</span> <span class='ocrx_word' id='word_1_142' title='bbox 1006 1983 1144 2060; x_wconf 88' lang='lat' dir='ltr'>Papistae</span> <span class='ocrx_word' id='word_1_143' title='bbox 1171 1985 1349 2060; x_wconf 81' lang='lat' dir='ltr'>nitebantur,</span> <span class='ocrx_word' id='word_1_144' title='bbox 1383 1975 1387 1982; x_wconf 73' lang='grc'><strong>’</strong></span> 
     </span>
     <span class='ocr_line' id='line_1_18' title="bbox 120 2090 1349 2168; baseline 0.002 -19"><span class='ocrx_word' id='word_1_145' title='bbox 120 2090 268 2168; x_wconf 87' lang='lat' dir='ltr'>explodit;</span> <span class='ocrx_word' id='word_1_146' title='bbox 292 2091 447 2150; x_wconf 80' lang='lat' dir='ltr'>veritatem</span> <span class='ocrx_word' id='word_1_147' title='bbox 470 2090 621 2167; x_wconf 85' lang='lat' dir='ltr'>religiose,</span> <span class='ocrx_word' id='word_1_148' title='bbox 645 2095 791 2164; x_wconf 85' lang='lat' dir='ltr'>accurate,</span> <span class='ocrx_word' id='word_1_149' title='bbox 816 2090 930 2150; x_wconf 83' lang='lat' dir='ltr'>sortiter</span> <span class='ocrx_word' id='word_1_150' title='bbox 953 2090 990 2149; x_wconf 90' lang='lat' dir='ltr'>iis</span> <span class='ocrx_word' id='word_1_151' title='bbox 1012 2091 1142 2168; x_wconf 90' lang='lat' dir='ltr'>opponit.</span> <span class='ocrx_word' id='word_1_152' title='bbox 1183 2091 1261 2151; x_wconf 90' lang='lat' dir='ltr'>Istas</span> <span class='ocrx_word' id='word_1_153' title='bbox 1279 2111 1349 2152; x_wconf 79' lang='lat' dir='ltr'>vero</span> 
     </span>
     <span class='ocr_line' id='line_1_19' title="bbox 120 2197 1348 2276; baseline 0.003 -20"><span class='ocrx_word' id='word_1_154' title='bbox 120 2197 249 2274; x_wconf 85' lang='lat' dir='ltr'>fabulas,</span> <span class='ocrx_word' id='word_1_155' title='bbox 274 2215 348 2276; x_wconf 87' lang='lat' dir='ltr'>quas</span> <span class='ocrx_word' id='word_1_156' title='bbox 370 2198 472 2275; x_wconf 84' lang='lat' dir='ltr'>inepta</span> <span class='ocrx_word' id='word_1_157' title='bbox 494 2202 658 2258; x_wconf 82' lang='lat' dir='ltr'>commenta</span> <span class='ocrx_word' id='word_1_158' title='bbox 681 2215 747 2258; x_wconf 89' lang='lat' dir='ltr'>esse</span> <span class='ocrx_word' id='word_1_159' title='bbox 769 2197 847 2258; x_wconf 89' lang='lat' dir='ltr'>docti</span> <span class='ocrx_word' id='word_1_160' title='bbox 869 2197 927 2256; x_wconf 81' lang='lat' dir='ltr'>viri</span> <span class='ocrx_word' id='word_1_161' title='bbox 950 2199 1073 2275; x_wconf 87' lang='lat' dir='ltr'>probare</span> <span class='ocrx_word' id='word_1_162' title='bbox 1090 2197 1265 2273; x_wconf 86' lang='lat' dir='ltr'>jamdudum</span> <span class='ocrx_word' id='word_1_163' title='bbox 1284 2217 1348 2260; x_wconf 88' lang='lat' dir='ltr'>eoe-</span> 
     </span>
     <span class='ocr_line' id='line_1_20' title="bbox 120 2303 1348 2385; baseline 0.001 -19"><span class='ocrx_word' id='word_1_164' title='bbox 120 2311 237 2382; x_wconf 84' lang='lat' dir='ltr'>perant,</span> <span class='ocrx_word' id='word_1_165' title='bbox 263 2309 383 2382; x_wconf 85' lang='lat' dir='ltr'>propter</span> <span class='ocrx_word' id='word_1_166' title='bbox 405 2305 576 2381; x_wconf 85' lang='lat' dir='ltr'>utilitatem,</span> <span class='ocrx_word' id='word_1_167' title='bbox 600 2305 670 2365; x_wconf 84' lang='lat' dir='ltr'>licet</span> <span class='ocrx_word' id='word_1_168' title='bbox 692 2305 823 2382; x_wconf 87' lang='lat' dir='ltr'>pessima</span> <span class='ocrx_word' id='word_1_169' title='bbox 845 2303 1025 2366; x_wconf 86' lang='lat' dir='ltr'>conscientia</span> <span class='ocrx_word' id='word_1_170' title='bbox 1047 2305 1196 2366; x_wconf 90' lang='lat' dir='ltr'>mordicus</span> <span class='ocrx_word' id='word_1_171' title='bbox 1218 2325 1236 2364; x_wconf 87' lang='lat' dir='ltr'>a</span> <span class='ocrx_word' id='word_1_172' title='bbox 1258 2306 1348 2385; x_wconf 86' lang='lat' dir='ltr'>Papis</span> 
     </span>
     <span class='ocr_line' id='line_1_21' title="bbox 120 2411 1349 2491; baseline 0.002 -19"><span class='ocrx_word' id='word_1_173' title='bbox 120 2413 215 2472; x_wconf 88' lang='lat' dir='ltr'>teneri</span> <span class='ocrx_word' id='word_1_174' title='bbox 243 2413 384 2487; x_wconf 87' lang='lat' dir='ltr'>ostendit,</span> <span class='ocrx_word' id='word_1_175' title='bbox 413 2413 587 2490; x_wconf 83' lang='lat' dir='ltr'>praesertim</span> <span class='ocrx_word' id='word_1_176' title='bbox 614 2430 678 2488; x_wconf 89' lang='lat' dir='ltr'>eas,</span> <span class='ocrx_word' id='word_1_177' title='bbox 706 2413 814 2491; x_wconf 92' lang='lat' dir='ltr'>quibus</span> <span class='ocrx_word' id='word_1_178' title='bbox 841 2430 967 2489; x_wconf 90' lang='lat' dir='ltr'>regnum</span> <span class='ocrx_word' id='word_1_179' title='bbox 989 2411 1093 2472; x_wconf 90' lang='lat' dir='ltr'>mundi</span> <span class='ocrx_word' id='word_1_180' title='bbox 1117 2413 1155 2489; x_wconf 89' lang='lat' dir='ltr'>iis</span> <span class='ocrx_word' id='word_1_181' title='bbox 1177 2417 1238 2472; x_wconf 86' lang='lat' dir='ltr'>tam</span> <span class='ocrx_word' id='word_1_182' title='bbox 1261 2413 1349 2490; x_wconf 87' lang='lat' dir='ltr'>plene</span> 
     </span>
     <span class='ocr_line' id='line_1_22' title="bbox 120 2519 1348 2597; baseline 0.002 -18"><span class='ocrx_word' id='word_1_183' title='bbox 120 2521 299 2595; x_wconf 87' lang='lat' dir='ltr'>conferatur,</span> <span class='ocrx_word' id='word_1_184' title='bbox 336 2525 370 2579; x_wconf 92' lang='lat' dir='ltr'>ut</span> <span class='ocrx_word' id='word_1_185' title='bbox 405 2538 460 2580; x_wconf 92' lang='lat' dir='ltr'>sua</span> <span class='ocrx_word' id='word_1_186' title='bbox 490 2521 644 2580; x_wconf 85' lang='lat' dir='ltr'>dumtaxat</span> <span class='ocrx_word' id='word_1_187' title='bbox 676 2520 880 2580; x_wconf 88' lang='lat' dir='ltr'>benevolentia</span> <span class='ocrx_word' id='word_1_188' title='bbox 911 2519 1076 2597; x_wconf 87' lang='lat' dir='ltr'>Imperium</span> <span class='ocrx_word' id='word_1_189' title='bbox 1107 2539 1125 2579; x_wconf 91' lang='lat' dir='ltr'>a</span> <span class='ocrx_word' id='word_1_190' title='bbox 1157 2519 1278 2581; x_wconf 81' lang='lat' dir='ltr'>Graecis</span> <span class='ocrx_word' id='word_1_191' title='bbox 1311 2522 1348 2581; x_wconf 89' lang='lat' dir='ltr'>ad</span> 
     </span>
     <span class='ocr_line' id='line_1_23' title="bbox 122 2627 1348 2706; baseline 0.002 -20"><span class='ocrx_word' id='word_1_192' title='bbox 122 2627 285 2687; x_wconf 88' lang='lat' dir='ltr'>Germanos</span> <span class='ocrx_word' id='word_1_193' title='bbox 309 2628 485 2687; x_wconf 88' lang='lat' dir='ltr'>translatum</span> <span class='ocrx_word' id='word_1_194' title='bbox 508 2645 574 2688; x_wconf 87' lang='lat' dir='ltr'>esse</span> <span class='ocrx_word' id='word_1_195' title='bbox 597 2633 732 2705; x_wconf 79' lang='lat' dir='ltr'>proterve</span> <span class='ocrx_word' id='word_1_196' title='bbox 754 2627 892 2688; x_wconf 85' lang='lat' dir='ltr'>hariolari</span> <span class='ocrx_word' id='word_1_197' title='bbox 915 2628 1050 2688; x_wconf 89' lang='lat' dir='ltr'>audeant.</span> <span class='ocrx_word' id='word_1_198' title='bbox 1097 2628 1213 2703; x_wconf 88' lang='lat' dir='ltr'>,Suut‘,</span> <span class='ocrx_word' id='word_1_199' title='bbox 1242 2629 1348 2706; x_wconf 86' lang='lat' dir='ltr'>inquit,</span> 
     </span>
     <span class='ocr_line' id='line_1_24' title="bbox 121 2735 1348 2815; baseline 0.002 -21"><span class='ocrx_word' id='word_1_200' title='bbox 121 2736 232 2812; x_wconf 90' lang='lat' dir='ltr'>,magni</span> <span class='ocrx_word' id='word_1_201' title='bbox 256 2741 286 2796; x_wconf 91' lang='lat' dir='ltr'>et</span> <span class='ocrx_word' id='word_1_202' title='bbox 308 2735 417 2813; x_wconf 87' lang='lat' dir='ltr'>impuri</span> <span class='ocrx_word' id='word_1_203' title='bbox 441 2735 621 2810; x_wconf 85' lang='lat' dir='ltr'>adulatores,</span> <span class='ocrx_word' id='word_1_204' title='bbox 649 2736 701 2814; x_wconf 90' lang='lat' dir='ltr'>qui</span> <span class='ocrx_word' id='word_1_205' title='bbox 723 2737 835 2814; x_wconf 90' lang='lat' dir='ltr'>Papam</span> <span class='ocrx_word' id='word_1_206' title='bbox 858 2736 895 2794; x_wconf 90' lang='lat' dir='ltr'>ad</span> <span class='ocrx_word' id='word_1_207' title='bbox 918 2741 1043 2810; x_wconf 86' lang='lat' dir='ltr'>tantam,</span> <span class='ocrx_word' id='word_1_208' title='bbox 1067 2741 1207 2814; x_wconf 88' lang='lat' dir='ltr'>quantam</span> <span class='ocrx_word' id='word_1_209' title='bbox 1231 2738 1348 2815; x_wconf 90' lang='lat' dir='ltr'>conspi-</span> 
     </span>
     <span class='ocr_line' id='line_1_25' title="bbox 119 2843 1347 2916; baseline 0.002 -14"><span class='ocrx_word' id='word_1_210' title='bbox 119 2843 229 2916; x_wconf 72' lang='lat' dir='ltr'>cimuS,</span> <span class='ocrx_word' id='word_1_211' title='bbox 261 2843 439 2902; x_wconf 89' lang='lat' dir='ltr'>dementiam</span> <span class='ocrx_word' id='word_1_212' title='bbox 471 2843 664 2904; x_wconf 85' lang='lat' dir='ltr'>irritamentis</span> <span class='ocrx_word' id='word_1_213' title='bbox 696 2844 760 2903; x_wconf 90' lang='lat' dir='ltr'>suis</span> <span class='ocrx_word' id='word_1_214' title='bbox 792 2844 961 2904; x_wconf 87' lang='lat' dir='ltr'>sollicitant</span> <span class='ocrx_word' id='word_1_215' title='bbox 1012 2843 1125 2904; x_wconf 89' lang='lat' dir='ltr'>Dicunt</span> <span class='ocrx_word' id='word_1_216' title='bbox 1156 2844 1236 2904; x_wconf 91' lang='lat' dir='ltr'>enim</span> <span class='ocrx_word' id='word_1_217' title='bbox 1267 2845 1347 2904; x_wconf 89' lang='lat' dir='ltr'>omni</span> 
     </span>
     <span class='ocr_line' id='line_1_26' title="bbox 116 2950 1348 3028; baseline 0.002 -18"><span class='ocrx_word' id='word_1_218' title='bbox 116 2950 184 3028; x_wconf 83' lang='lat' dir='ltr'>jure</span> <span class='ocrx_word' id='word_1_219' title='bbox 206 2968 305 3027; x_wconf 89' lang='lat' dir='ltr'>regem</span> <span class='ocrx_word' id='word_1_220' title='bbox 328 2969 396 3012; x_wconf 91' lang='lat' dir='ltr'>eum</span> <span class='ocrx_word' id='word_1_221' title='bbox 420 2968 486 3012; x_wconf 90' lang='lat' dir='ltr'>esse</span> <span class='ocrx_word' id='word_1_222' title='bbox 509 2969 598 3028; x_wconf 87' lang='lat' dir='ltr'>super</span> <span class='ocrx_word' id='word_1_223' title='bbox 620 2968 722 3010; x_wconf 88' lang='lat' dir='ltr'>omnes</span> <span class='ocrx_word' id='word_1_224' title='bbox 745 2969 843 3028; x_wconf 89' lang='lat' dir='ltr'>reges;</span> <span class='ocrx_word' id='word_1_225' title='bbox 866 2951 1015 3011; x_wconf 88' lang='lat' dir='ltr'>Neronem</span> <span class='ocrx_word' id='word_1_226' title='bbox 1035 2951 1189 3011; x_wconf 84' lang='lat' dir='ltr'>Caesarem</span> <span class='ocrx_word' id='word_1_227' title='bbox 1209 2951 1348 3012; x_wconf 88' lang='lat' dir='ltr'>debuisse</span> 
     </span>
     <span class='ocr_line' id='line_1_27' title="bbox 120 3056 1347 3136; baseline 0 -20"><span class='ocrx_word' id='word_1_228' title='bbox 120 3056 227 3118; x_wconf 88' lang='lat' dir='ltr'>Sancto</span> <span class='ocrx_word' id='word_1_229' title='bbox 254 3057 342 3118; x_wconf 87' lang='lat' dir='ltr'>Petro</span> <span class='ocrx_word' id='word_1_230' title='bbox 365 3057 531 3136; x_wconf 82' lang='lat' dir='ltr'>Romanum</span> <span class='ocrx_word' id='word_1_231' title='bbox 558 3057 716 3135; x_wconf 88' lang='lat' dir='ltr'>imperium</span> <span class='ocrx_word' id='word_1_232' title='bbox 743 3058 953 3118; x_wconf 77' lang='lat' dir='ltr'>transscribere</span> <span class='ocrx_word' id='word_1_233' title='bbox 981 3061 1011 3118; x_wconf 90' lang='lat' dir='ltr'>et</span> <span class='ocrx_word' id='word_1_234' title='bbox 1034 3057 1261 3118; x_wconf 85' lang='lat' dir='ltr'>Constantinum</span> <span class='ocrx_word' id='word_1_235' title='bbox 1285 3057 1347 3116; x_wconf 87' lang='lat' dir='ltr'>Ma·</span> 
     </span>
     <span class='ocr_line' id='line_1_28' title="bbox 119 3163 1346 3242; baseline 0 -18"><span class='ocrx_word' id='word_1_236' title='bbox 119 3183 211 3240; x_wconf 90' lang='lat' dir='ltr'>gnum</span> <span class='ocrx_word' id='word_1_237' title='bbox 240 3165 320 3241; x_wconf 90' lang='lat' dir='ltr'>jure,</span> <span class='ocrx_word' id='word_1_238' title='bbox 353 3166 442 3225; x_wconf 88' lang='lat' dir='ltr'>etiam</span> <span class='ocrx_word' id='word_1_239' title='bbox 470 3166 563 3225; x_wconf 74' lang='lat' dir='ltr'>invito</span> <span class='ocrx_word' id='word_1_240' title='bbox 591 3170 621 3224; x_wconf 91' lang='lat' dir='ltr'>et</span> <span class='ocrx_word' id='word_1_241' title='bbox 647 3169 831 3242; x_wconf 83' lang='lat' dir='ltr'>repugnante</span> <span class='ocrx_word' id='word_1_242' title='bbox 859 3164 982 3238; x_wconf 86' lang='lat' dir='ltr'>Senatu,</span> <span class='ocrx_word' id='word_1_243' title='bbox 1015 3164 1173 3241; x_wconf 91' lang='lat' dir='ltr'>imperium</span> <span class='ocrx_word' id='word_1_244' title='bbox 1202 3163 1346 3224; x_wconf 81' lang='lat' dir='ltr'>Silvestro</span> 
     </span>
     <span class='ocr_line' id='line_1_29' title="bbox 120 3271 1347 3350; baseline -0.001 -19"><span class='ocrx_word' id='word_1_245' title='bbox 120 3273 258 3350; x_wconf 88' lang='lat' dir='ltr'>episeopo</span> <span class='ocrx_word' id='word_1_246' title='bbox 280 3273 413 3333; x_wconf 78' lang='lat' dir='ltr'>Rommo</span> <span class='ocrx_word' id='word_1_247' title='bbox 440 3273 606 3333; x_wconf 83' lang='lat' dir='ltr'>tradidisse.</span> <span class='ocrx_word' id='word_1_248' title='bbox 652 3271 727 3332; x_wconf 90' lang='lat' dir='ltr'>Inde</span> <span class='ocrx_word' id='word_1_249' title='bbox 754 3272 868 3348; x_wconf 89' lang='lat' dir='ltr'>ingenti</span> <span class='ocrx_word' id='word_1_250' title='bbox 896 3271 1048 3331; x_wconf 87' lang='lat' dir='ltr'>mendacio</span> <span class='ocrx_word' id='word_1_251' title='bbox 1072 3271 1253 3347; x_wconf 83' lang='lat' dir='ltr'>excogitatae</span> <span class='ocrx_word' id='word_1_252' title='bbox 1276 3276 1347 3330; x_wconf 89' lang='lat' dir='ltr'>sunt</span> 
     </span>
     <span class='ocr_line' id='line_1_30' title="bbox 119 3376 1347 3456; baseline 0.001 -18"><span class='ocrx_word' id='word_1_253' title='bbox 119 3379 290 3440; x_wconf 87' lang='lat' dir='ltr'>donationes</span> <span class='ocrx_word' id='word_1_254' title='bbox 314 3379 501 3440; x_wconf 86' lang='lat' dir='ltr'>Constantini</span> <span class='ocrx_word' id='word_1_255' title='bbox 530 3386 560 3440; x_wconf 90' lang='lat' dir='ltr'>et</span> <span class='ocrx_word' id='word_1_256' title='bbox 581 3379 725 3439; x_wconf 63' lang='lat' dir='ltr'>liudovioi</span> <span class='ocrx_word' id='word_1_257' title='bbox 742 3378 767 3440; x_wconf 88' lang='grc' dir='ltr'>Ι.</span> <span class='ocrx_word' id='word_1_258' title='bbox 791 3383 821 3440; x_wconf 92' lang='lat' dir='ltr'>et</span> <span class='ocrx_word' id='word_1_259' title='bbox 843 3376 984 3438; x_wconf 84' lang='lat' dir='ltr'>Ottonis.¹</span> <span class='ocrx_word' id='word_1_260' title='bbox 1030 3378 1129 3456; x_wconf 85' lang='lat' dir='ltr'>Atque</span> <span class='ocrx_word' id='word_1_261' title='bbox 1154 3378 1226 3437; x_wconf 84' lang='lat' dir='ltr'>dnm</span> <span class='ocrx_word' id='word_1_262' title='bbox 1249 3377 1347 3455; x_wconf 87' lang='lat' dir='ltr'>Papae</span> 
     </span>
     <span class='ocr_line' id='line_1_31' title="bbox 120 3485 1346 3562; baseline -0.001 -16"><span class='ocrx_word' id='word_1_263' title='bbox 120 3487 265 3562; x_wconf 89' lang='lat' dir='ltr'>ejusmodi</span> <span class='ocrx_word' id='word_1_264' title='bbox 302 3487 464 3548; x_wconf 89' lang='lat' dir='ltr'>mendaciis</span> <span class='ocrx_word' id='word_1_265' title='bbox 501 3487 617 3546; x_wconf 85' lang='lat' dir='ltr'>titillari</span> <span class='ocrx_word' id='word_1_266' title='bbox 648 3492 761 3562; x_wconf 83' lang='lat' dir='ltr'>amant,</span> <span class='ocrx_word' id='word_1_267' title='bbox 798 3485 910 3546; x_wconf 88' lang='lat' dir='ltr'>stultus</span> <span class='ocrx_word' id='word_1_268' title='bbox 942 3485 1068 3545; x_wconf 89' lang='lat' dir='ltr'>stultum</span> <span class='ocrx_word' id='word_1_269' title='bbox 1099 3485 1136 3545; x_wconf 89' lang='lat' dir='ltr'>ad</span> <span class='ocrx_word' id='word_1_270' title='bbox 1168 3485 1346 3546; x_wconf 91' lang='lat' dir='ltr'>dementiam</span> 
     </span>
     <span class='ocr_line' id='line_1_32' title="bbox 119 3592 1347 3673; baseline 0.002 -21"><span class='ocrx_word' id='word_1_271' title='bbox 119 3594 218 3671; x_wconf 87' lang='lat' dir='ltr'>adigit</span> <span class='ocrx_word' id='word_1_272' title='bbox 265 3593 333 3654; x_wconf 90' lang='lat' dir='ltr'>Non</span> <span class='ocrx_word' id='word_1_273' title='bbox 358 3595 436 3673; x_wconf 91' lang='lat' dir='ltr'>quod</span> <span class='ocrx_word' id='word_1_274' title='bbox 459 3613 530 3654; x_wconf 78' lang='lat' dir='ltr'>rora</span> <span class='ocrx_word' id='word_1_275' title='bbox 551 3594 610 3654; x_wconf 86' lang='lat' dir='ltr'>ista</span> <span class='ocrx_word' id='word_1_276' title='bbox 632 3595 752 3654; x_wconf 87' lang='lat' dir='ltr'>credaut</span> <span class='ocrx_word' id='word_1_277' title='bbox 776 3592 885 3672; x_wconf 91' lang='lat' dir='ltr'>(sciunt</span> <span class='ocrx_word' id='word_1_278' title='bbox 907 3593 988 3654; x_wconf 90' lang='lat' dir='ltr'>enim</span> <span class='ocrx_word' id='word_1_279' title='bbox 1009 3593 1098 3669; x_wconf 87' lang='lat' dir='ltr'>longo</span> <span class='ocrx_word' id='word_1_280' title='bbox 1119 3593 1206 3652; x_wconf 89' lang='lat' dir='ltr'>aliter</span> <span class='ocrx_word' id='word_1_281' title='bbox 1227 3611 1291 3653; x_wconf 88' lang='lat' dir='ltr'>rem</span> <span class='ocrx_word' id='word_1_282' title='bbox 1313 3611 1347 3654; x_wconf 88' lang='lat' dir='ltr'>se</span> 
     </span>
     <span class='ocr_line' id='line_1_33' title="bbox 119 3700 1346 3781; baseline -0.002 -21"><span class='ocrx_word' id='word_1_283' title='bbox 119 3701 249 3781; x_wconf 81' lang='lat' dir='ltr'>habere),</span> <span class='ocrx_word' id='word_1_284' title='bbox 278 3703 330 3762; x_wconf 90' lang='lat' dir='ltr'>sed</span> <span class='ocrx_word' id='word_1_285' title='bbox 357 3720 392 3761; x_wconf 93' lang='lat' dir='ltr'>ea</span> <span class='ocrx_word' id='word_1_286' title='bbox 418 3721 471 3779; x_wconf 89' lang='lat' dir='ltr'>pro</span> <span class='ocrx_word' id='word_1_287' title='bbox 499 3701 578 3762; x_wconf 80' lang='lat' dir='ltr'>veris</span> <span class='ocrx_word' id='word_1_288' title='bbox 605 3702 641 3762; x_wconf 92' lang='lat' dir='ltr'>ab</span> <span class='ocrx_word' id='word_1_289' title='bbox 669 3701 806 3761; x_wconf 90' lang='lat' dir='ltr'>omnibus</span> <span class='ocrx_word' id='word_1_290' title='bbox 828 3701 930 3761; x_wconf 88' lang='lat' dir='ltr'>haberi</span> <span class='ocrx_word' id='word_1_291' title='bbox 952 3700 1146 3778; x_wconf 88' lang='lat' dir='ltr'>cupidissime</span> <span class='ocrx_word' id='word_1_292' title='bbox 1168 3700 1284 3776; x_wconf 87' lang='lat' dir='ltr'>volunt,</span> <span class='ocrx_word' id='word_1_293' title='bbox 1311 3705 1346 3758; x_wconf 91' lang='lat' dir='ltr'>ut</span> 
     </span>
     <span class='ocr_line' id='line_1_34' title="bbox 119 3808 1346 3886; baseline -0.002 -18"><span class='ocrx_word' id='word_1_294' title='bbox 119 3808 281 3886; x_wconf 86' lang='lat' dir='ltr'>Imperator</span> <span class='ocrx_word' id='word_1_295' title='bbox 314 3815 344 3870; x_wconf 88' lang='lat' dir='ltr'>et</span> <span class='ocrx_word' id='word_1_296' title='bbox 374 3809 471 3886; x_wconf 86' lang='lat' dir='ltr'>Reges</span> <span class='ocrx_word' id='word_1_297' title='bbox 503 3809 581 3869; x_wconf 84' lang='lat' dir='ltr'>malo</span> <span class='ocrx_word' id='word_1_298' title='bbox 608 3809 718 3869; x_wconf 86' lang='lat' dir='ltr'>conscii</span> <span class='ocrx_word' id='word_1_299' title='bbox 747 3809 803 3868; x_wconf 90' lang='lat' dir='ltr'>sibi</span> <span class='ocrx_word' id='word_1_300' title='bbox 832 3809 904 3884; x_wconf 90' lang='lat' dir='ltr'>sint,</span> <span class='ocrx_word' id='word_1_301' title='bbox 937 3808 964 3868; x_wconf 91' lang='lat' dir='ltr'>si</span> <span class='ocrx_word' id='word_1_302' title='bbox 991 3813 1137 3885; x_wconf 84' lang='lat' dir='ltr'>potestate</span> <span class='ocrx_word' id='word_1_303' title='bbox 1164 3825 1218 3867; x_wconf 91' lang='lat' dir='ltr'>sua</span> <span class='ocrx_word' id='word_1_304' title='bbox 1244 3811 1346 3866; x_wconf 82' lang='lat' dir='ltr'>contra</span> 
     </span>
     <span class='ocr_line' id='line_1_35' title="bbox 119 3913 1345 3994; baseline -0.002 -20"><span class='ocrx_word' id='word_1_305' title='bbox 119 3915 216 3993; x_wconf 87' lang='lat' dir='ltr'>Papae</span> <span class='ocrx_word' id='word_1_306' title='bbox 251 3917 434 3977; x_wconf 80' lang='lat' dir='ltr'>voluntatem</span> <span class='ocrx_word' id='word_1_307' title='bbox 470 3919 617 3976; x_wconf 89' lang='lat' dir='ltr'>utuntur.‘</span> <span class='ocrx_word' id='word_1_308' title='bbox 671 3915 776 3994; x_wconf 90' lang='lat' dir='ltr'>Neque</span> <span class='ocrx_word' id='word_1_309' title='bbox 811 3933 881 3975; x_wconf 78' lang='lat' dir='ltr'>vero</span> <span class='ocrx_word' id='word_1_310' title='bbox 914 3915 965 3991; x_wconf 88' lang='lat' dir='ltr'>jus</span> <span class='ocrx_word' id='word_1_311' title='bbox 996 3913 1218 3988; x_wconf 86' lang='lat' dir='ltr'>dominationis,</span> <span class='ocrx_word' id='word_1_312' title='bbox 1255 3931 1345 3991; x_wconf 88' lang='lat' dir='ltr'>quam</span> 
     </span>
     <span class='ocr_line' id='line_1_36' title="bbox 119 4020 1344 4100; baseline -0.002 -18"><span class='ocrx_word' id='word_1_313' title='bbox 119 4023 277 4084; x_wconf 88' lang='lat' dir='ltr'>Pontifices</span> <span class='ocrx_word' id='word_1_314' title='bbox 300 4024 356 4084; x_wconf 85' lang='lat' dir='ltr'>eibi</span> <span class='ocrx_word' id='word_1_315' title='bbox 380 4024 543 4098; x_wconf 82' lang='lat' dir='ltr'>vindicent,</span> <span class='ocrx_word' id='word_1_316' title='bbox 566 4023 603 4084; x_wconf 90' lang='lat' dir='ltr'>ab</span> <span class='ocrx_word' id='word_1_317' title='bbox 621 4023 756 4084; x_wconf 83' lang='lat' dir='ltr'>Ecclesia</span> <span class='ocrx_word' id='word_1_318' title='bbox 777 4041 909 4100; x_wconf 88' lang='lat' dir='ltr'>unquam</span> <span class='ocrx_word' id='word_1_319' title='bbox 931 4022 970 4080; x_wconf 90' lang='lat' dir='ltr'>iis</span> <span class='ocrx_word' id='word_1_320' title='bbox 988 4022 1092 4080; x_wconf 89' lang='lat' dir='ltr'>datum</span> <span class='ocrx_word' id='word_1_321' title='bbox 1110 4039 1176 4082; x_wconf 86' lang='lat' dir='ltr'>esse</span> <span class='ocrx_word' id='word_1_322' title='bbox 1194 4020 1344 4081; x_wconf 86' lang='lat' dir='ltr'>Lutherus</span> 
     </span>
     <span class='ocr_line' id='line_1_37' title="bbox 120 4128 1344 4206; baseline -0.003 -16"><span class='ocrx_word' id='word_1_323' title='bbox 120 4131 255 4191; x_wconf 86' lang='lat' dir='ltr'>ostendit.</span> <span class='ocrx_word' id='word_1_324' title='bbox 302 4131 424 4193; x_wconf 90' lang='lat' dir='ltr'>Summa</span> <span class='ocrx_word' id='word_1_325' title='bbox 453 4131 598 4206; x_wconf 79' lang='lat' dir='ltr'>Concilio,</span> <span class='ocrx_word' id='word_1_326' title='bbox 631 4129 791 4206; x_wconf 88' lang='lat' dir='ltr'>Nicenum,</span> <span class='ocrx_word' id='word_1_327' title='bbox 820 4129 1191 4206; x_wconf 81' lang='lat' dir='ltr'>Constantinopolitannm,</span> <span class='ocrx_word' id='word_1_328' title='bbox 1219 4128 1344 4206; x_wconf 82' lang='lat' dir='ltr'>llphesi-</span> 
     </span>
     <span class='ocr_line' id='line_1_38' title="bbox 120 4235 1343 4314; baseline -0.002 -17"><span class='ocrx_word' id='word_1_329' title='bbox 120 4257 203 4314; x_wconf 90' lang='lat' dir='ltr'>num,</span> <span class='ocrx_word' id='word_1_330' title='bbox 237 4238 490 4314; x_wconf 71' lang='lat' dir='ltr'>chalcedonense,</span> <span class='ocrx_word' id='word_1_331' title='bbox 521 4238 751 4297; x_wconf 87' lang='lat' dir='ltr'>dominationem</span> <span class='ocrx_word' id='word_1_332' title='bbox 778 4237 866 4296; x_wconf 86' lang='lat' dir='ltr'>istam</span> <span class='ocrx_word' id='word_1_333' title='bbox 894 4236 1035 4314; x_wconf 87' lang='lat' dir='ltr'>Papnlem</span> <span class='ocrx_word' id='word_1_334' title='bbox 1063 4235 1151 4312; x_wconf 87' lang='lat' dir='ltr'>plane</span> <span class='ocrx_word' id='word_1_335' title='bbox 1177 4235 1343 4312; x_wconf 85' lang='lat' dir='ltr'>ignorasee;</span> 
     </span>
     <span class='ocr_line' id='line_1_39' title="bbox 119 4341 1343 4425; baseline -0.004 -20"><span class='ocrx_word' id='word_1_336' title='bbox 119 4365 215 4425; x_wconf 91' lang='lat' dir='ltr'>neque</span> <span class='ocrx_word' id='word_1_337' title='bbox 243 4345 404 4425; x_wconf 90' lang='lat' dir='ltr'>quidquam</span> <span class='ocrx_word' id='word_1_338' title='bbox 432 4346 469 4404; x_wconf 91' lang='lat' dir='ltr'>de</span> <span class='ocrx_word' id='word_1_339' title='bbox 497 4363 531 4406; x_wconf 88' lang='lat' dir='ltr'>eo</span> <span class='ocrx_word' id='word_1_340' title='bbox 557 4345 698 4406; x_wconf 85' lang='lat' dir='ltr'>Sanctum</span> <span class='ocrx_word' id='word_1_341' title='bbox 722 4345 917 4422; x_wconf 75' lang='lat' dir='ltr'>cyprianum,</span> <span class='ocrx_word' id='word_1_342' title='bbox 945 4343 1160 4418; x_wconf 83' lang='lat' dir='ltr'>Augustinum,</span> <span class='ocrx_word' id='word_1_343' title='bbox 1187 4341 1343 4418; x_wconf 87' lang='lat' dir='ltr'>Hilarium,</span> 
     </span>
    </p>
   </div>
   <div class='ocr_carea' id='block_1_4' title="bbox 121 4489 330 4498">
    <p class='ocr_par' dir='ltr' id='par_1_5' title="bbox 121 4489 330 4498">
     <span class='ocr_line' id='line_1_40' title="bbox 121 4489 330 4498; baseline 0 -2"><span class='ocrx_word' id='word_1_344' title='bbox 121 4489 330 4498; x_wconf 72' lang='lat'><em>---—-..-..</em></span> 
     </span>
    </p>
   </div>
   <div class='ocr_carea' id='block_1_5' title="bbox 227 4572 777 4642">
    <p class='ocr_par' dir='ltr' id='par_1_6' title="bbox 227 4572 777 4642">
     <span class='ocr_line' id='line_1_41' title="bbox 227 4572 777 4642; baseline -0.002 -16"><span class='ocrx_word' id='word_1_345' title='bbox 227 4575 254 4642; x_wconf 85' lang='lat'>1)</span> <span class='ocrx_word' id='word_1_346' title='bbox 272 4573 376 4628; x_wconf 77' lang='lat' dir='ltr'>laudat</span> <span class='ocrx_word' id='word_1_347' title='bbox 394 4572 529 4626; x_wconf 87' lang='lat' dir='ltr'>Lutherus</span> <span class='ocrx_word' id='word_1_348' title='bbox 548 4572 615 4626; x_wconf 82' lang='lat' dir='ltr'>Dist</span> <span class='ocrx_word' id='word_1_349' title='bbox 635 4572 670 4626; x_wconf 88' lang='grc'>96</span> <span class='ocrx_word' id='word_1_350' title='bbox 689 4573 777 4626; x_wconf 86' lang='grc'>9164.</span> 
     </span>
    </p>
   </div>
   <div class='ocr_carea' id='block_1_6' title="bbox 0 0 1576 5092">
    <p class='ocr_par' dir='ltr' id='par_1_7' title="bbox 0 0 1576 5092">
     <span class='ocr_line' id='line_1_42' title="bbox 0 0 1576 5092; baseline 0 0"><span class='ocrx_word' id='word_1_351' title='bbox 0 0 1576 5092; x_wconf 95' lang='lat' dir='ltr'> </span> 
     </span>
    </p>
   </div>
  </div>
 </body>
</html>
