3202 5058
700 257 792 343 Carnu
813 277 832 325 I.
1346 249 1370 334 ’7

796 367 913 374 ..ω-,-

151 487 300 555 apostolos
329 493 357 544 et
380 504 505 547 summos
525 489 650 547 omnium
677 495 838 562 temporum
857 491 990 550 doctores
1010 492 1181 565 insipienter
1201 495 1372 571 despiciunt,

148 590 391 661 gravissimarum
422 593 620 665 quaestionum
645 593 760 667 jndices
790 595 820 652 in
844 597 908 669 ipsa
931 597 1055 654 ecclesia
1075 598 1188 669 publice
1211 617 1243 658 se
1267 602 1372 658 consti·
1409 630 1416 642 ·

147 697 243 750 tuere
264 696 419 766 patiantur.
463 696 538 767 Quid
558 698 660 755 mirum
688 699 764 770 quod
781 699 823 772 pii
849 699 965 772 quidam
986 699 1268 776 Romanooatholici,
1297 704 1371 763 haec

145 798 266 869 omnia,
289 801 370 872 quasi
392 801 446 859 soli
465 799 678 860 reformationis
700 800 811 860 fructus
835 809 948 876 essent,
966 803 1082 863 assidue
1104 806 1264 880 intuentes,
1286 807 1371 866 infal-

143 901 236 959 libile
257 902 330 974 qnod
346 909 450 976 putant
471 905 619 964 oraculum
641 907 700 964 suis
723 906 868 980 sodalibus
890 909 1085 983 gratulantur,
1117 909 1153 967 ab
1176 911 1253 968 omui
1277 913 1370 972 eccle-

145 1006 216 1064 siae
255 1023 324 1066 suae
357 1009 564 1068 reformatione
593 1011 705 1068 scilicet
733 1027 948 1084 supervacanea
977 1013 1152 1086 abhorrent,
1183 1015 1369 1088 evangelicae

144 1125 225 1168 vcro
250 1113 392 1170 eeclesiae
421 1113 637 1172 dissolutionem
668 1119 754 1187 atquo
783 1117 933 1174 interitum
957 1117 1139 1192 jamdudum,
1166 1119 1237 1178 licet
1263 1119 1370 1178 frustra

144 1230 279 1287 semper,
303 1223 480 1289 exspectant.
1084 1232 1086 1238 ’

244 1319 395 1379 Falluntur
416 1321 553 1380 videlicet
573 1323 632 1380 illis
654 1323 876 1396 cogitationibus
892 1325 958 1384 suis.
1004 1325 1069 1382 Non
1091 1325 1272 1399 intellegunt,
1295 1327 1371 1384 chri-

144 1427 277 1483 stianam
321 1425 492 1497 religionem
533 1427 588 1485 nisi
630 1429 871 1486 conscientiarum
914 1428 1049 1487 libertate
1091 1427 1236 1488 vindicati
1274 1445 1368 1504 neque

146 1527 290 1587 mundum
315 1529 458 1601 qnondam
480 1547 623 1603 paganum
639 1533 754 1590 vincere
769 1533 912 1606 potuisse,
935 1549 1030 1604 nsque
1045 1549 1146 1605 puram
1169 1550 1203 1592 ac
1227 1534 1370 1594 sinceram

145 1633 316 1691 conservari
355 1625 494 1707 unquam
512 1652 605 1708 posse.
660 1635 747 1709 Cujus
791 1637 935 1696 libertatis
968 1637 1087 1695 abusum
1119 1654 1205 1696 nemo
1243 1639 1369 1713 corriget

146 1738 206 1796 nisi
246 1737 276 1795 in
323 1737 389 1810 ipsa.
424 1739 560 1798 libertate
600 1742 838 1812 perseveraverit
893 1741 976 1798 Hanc
1009 1741 1066 1798 rite
1096 1757 1160 1799 cum
1201 1743 1369 1802 necessaria

147 1841 297 1900 ecclesiae
325 1843 436 1901 unitate
467 1849 497 1902 et
525 1842 677 1917 disciplina
707 1846 884 1918 conjungere
915 1843 1032 1902 difficile
1054 1843 1185 1918 proiecto
1208 1853 1260 1906 est.
1305 1846 1368 1918 Qua

147 1947 182 2003 in
215 1962 249 2003 re
278 1951 392 2004 nostros
422 1963 511 2020 saepe
534 1963 656 2021 peccare
688 1965 747 2007 non
769 1963 916 2021 negamus.
963 1947 1020 2006 Sed
1043 1964 1153 2006 summa
1174 1949 1256 2008 verbi
1279 1949 1367 2008 divini

148 2051 326 2122 auctoritas,
353 2065 427 2123 quae
459 2068 523 2108 curu
554 2053 684 2110 omnibns
710 2051 879 2110 Christianis
908 2051 990 2109 nobis
1017 2052 1183 2112 tcommunis
1211 2059 1269 2126 est,
1300 2052 1367 2110 dum

149 2153 319 2226 Scripturas
335 2153 564 2214 Sacroslittera
586 2156 733 2213 liberrime
757 2156 905 2212 internos
927 2133 1125 2227 investigatur,
1146 2155 1235 2212 divini
1250 2155 1367 2227 spiritus

148 2255 282 2331 potentia
312 2275 347 2316 ex
369 2259 446 2316 omni
469 2259 648 2318 dubitatione
672 2259 774 2316 victrix
799 2259 928 2332 emergit
975 2256 1061 2330 Cujus
1080 2257 1161 2315 verbi
1184 2257 1290 2316 veritas
1311 2258 1367 2316 nisi

147 2363 267 2420 interna
297 2358 326 2419 vi
356 2378 408 2421 sua
432 2364 532 2435 quovis
561 2369 692 2436 tempore
720 2367 873 2435 superaret
894 2360 1029 2442 mnndum
1063 2377 1121 2418 non
1148 2367 1226 2419 esset
1251 2362 1367 2420 veritas.

148 2465 213 2524 Hoc
236 2467 452 2540 propugnaculo
481 2467 549 2526 freti
577 2469 694 2540 propria
716 2466 836 2541 damna,
866 2472 898 2525 ut
925 2483 978 2539 pro
1000 2465 1109 2524 viribus
1131 2466 1168 2524 iis
1190 2465 1367 2540 medeamur,

147 2569 328 2644 perscrutari
356 2587 412 2629 non
436 2587 588 2645 veremur,
621 2573 709 2630 etiarn
732 2572 768 2630 ab
791 2571 920 2629 hostibus
945 2571 1096 2628 consilium
1116 2570 1306 2644 accipientes,
1328 2587 1367 2628 ne

147 2675 187 2731 iis
216 2674 326 2733 similes
356 2676 460 2749 simus,
490 2675 539 2748 qui
564 2673 706 2734 festucam
734 2675 765 2733 in
792 2677 874 2733 oculo
896 2673 1013 2748 fratris,
1044 2690 1101 2732 non
1128 2673 1241 2732 trabem
1263 2673 1294 2732 in
1314 2689 1366 2732 suo

148 2777 391 2838 animadvertant.

237 2883 296 2940 Sed
331 2883 417 2941 edam
450 2882 622 2942 Christianis
651 2883 761 2942 Romae
801 2881 923 2942 addictis
953 2887 1115 2941 nostrorum
1143 2882 1264 2940 consilia
1290 2882 1366 2940 acci·

146 3001 221 3061 pere
251 2987 435 3045 utilissimum
466 2989 536 3061 erit,
573 3005 610 3047 ue
640 2989 712 3062 ipsi,
747 2987 814 3046 dnm
850 2986 1065 3046 reformationis
1095 2986 1226 3059 pericula
1253 2985 1365 3058 timent,

147 3091 261 3162 reiecta
291 3091 369 3149 omni
394 3089 617 3165 reformatione,
651 3097 683 3150 ut
706 3091 778 3150 dixit
801 3089 963 3148 Cardinulis
985 3091 1052 3162 ille,
1082 3105 1113 3146 se
1133 3091 1210 3162 ipsos
1232 3088 1366 3162 perdant.

146 3194 297 3254 Unitatcm
323 3200 354 3252 et
376 3167 556 3268 disciplinam
577 3201 707 3268 tuentur,
737 3195 788 3253 sed
816 3195 858 3252 ita
880 3201 913 3251 ut
933 3193 1072 3266 pessimas
1094 3208 1142 3250 res
1164 3207 1257 3264 aeque
1278 3197 1366 3264 atque

146 3299 273 3373 optimas
303 3305 475 3359 conservent
508 3306 539 3359 et
572 3299 755 3372 libertatern,
789 3299 895 3357 bonum
926 3313 995 3356 vere
1026 3296 1229 3369 christianum,
1259 3296 1365 3354 misero

145 3401 343 3476 pessumdant.
387 3404 516 3462 audiant
538 3421 645 3477 quaeso
667 3402 856 3476 Leibnitinm,
879 3403 945 3474 qui,
968 3399 1167 3459 restituendae
1191 3400 1366 3459 ecclesiasti·

147 3523 202 3565 cae
231 3507 350 3566 unitatis
372 3507 517 3568 desiderio
540 3511 652 3582 plenus,
675 3509 791 3580 saepius
813 3507 940 3579 monuit,
968 3505 1083 3564 restitui
1108 3521 1173 3564 eam
1199 3521 1258 3563 non
1280 3522 1365 3579 posse

146 3614 205 3671 nisi
229 3613 348 3671 sublatis
371 3621 457 3673 antea
479 3621 522 3674 tot
544 3614 703 3674 manifestis
721 3614 869 3672 Romanae
892 3591 1045 3672 ecclesiae¹
1059 3611 1195 3671 abusibus
1216 3617 1246 3670 et
1268 3627 1367 3682 snper·

147 3719 315 3777 stitionibus
339 3735 374 3778 ac
404 3720 560 3780 confractis
593 3721 653 3778 illic
687 3719 859 3792 turpissimis
899 3719 1059 3777 animorum
1090 3717 1230 3790 vinculis,
1264 3717 1305 3804 ita
1336 3723 1367 3773 ut

146 3839 207 3882 non
238 3825 332 3882 minus
361 3825 470 3898 publici
500 3826 575 3898 juris
610 3831 687 3883 esset
722 3825 830 3883 veritas
860 3840 945 3896 quam
968 3829 1018 3882 abr
1040 3827 1070 3880 ct
1092 3823 1148 3879 lux.
1193 3821 1367 3878 Examiucnt

146 3929 316 3986 innumeras
338 3929 409 3987 istas
431 3945 466 3987 ac
490 3929 620 3988 sordidas
643 3929 878 4002 superstitiones,
901 3928 1011 4001 puriori
1031 3927 1158 4000 ipsorum
1173 3924 1291 3981 Patrem
1303 3923 1366 3980 Tri·

146 4031 333 4090 dentinomm
364 4031 513 4092 doctrinae
544 4038 758 4106 repugnantes,
794 4033 830 4090 ab
869 4031 1010 4104 episcopis
1039 4027 1218 4086 Germanicis
1252 4026 1366 4099 publice

146 4135 301 4208 toleratas,
328 4141 399 4208 quas
427 4154 519 4209 nuper
546 4137 689 4196 Heurieus
712 4133 850 4194 Reusch¹
873 4135 973 4194 libello
993 4149 1093 4191 verum
1116 4131 1276 4190 catholicae
1298 4131 1367 4190 reli-

145 4240 242 4314 gionis
265 4255 392 4298 amoram
416 4241 545 4315 spirante
568 4258 604 4300 ex
627 4241 723 4300 allatis
739 4239 865 4298 fontibus
881 4242 1017 4296 accurate
1039 4251 1073 4293 ac
1089 4235 1185 4294 sobrie
1200 4236 1368 4309 descripsit,

145 4343 252 4417 quibus
286 4345 374 4403 multo
407 4346 494 4404 etiam
525 4345 680 4404 crassiores
705 4345 811 4403 abusus
835 4343 913 4401 inter
934 4339 1049 4414 Gallos,
1086 4341 1191 4415 italos,
1223 4339 1367 4412 Hispanos
1464 4352 1467 4358 ·

247 4569 272 4636 1)
292 4569 342 4620 Dis
360 4569 498 4619 deutschen
518 4569 639 4618 Bischb'fs
655 4567 706 4616 und
725 4567 769 4617 der
785 4566 959 4630 Aberglaubc,
982 4563 1057 4616 Bona
1073 4569 1149 4614 1879.
1182 4583 1187 4592 ·
