3144 5092
241 205 293 260 110
783 199 871 255 Carus
889 199 922 254 V.
1553 233 1555 280 ,

239 425 320 468 mare
341 425 401 466 non
424 405 639 465 dubitaverunt.
677 402 762 462 Unde
784 403 897 462 iactum
919 401 1039 480 quidem
1062 407 1120 476 est,
1147 406 1183 460 ut
1205 401 1338 480 aliquot
1360 400 1507 461 Jfflmma
1554 383 1555 424 ¹

240 533 377 592 magnam
399 513 519 574 honoris
542 517 655 590 partem
678 530 695 570 a
715 509 846 571 Gnlilaeo
869 511 901 569 16
924 528 1009 569 suam
1032 509 1201 570 societatem
1225 510 1423 570 transferre
1449 517 1507 567 616
1554 547 1555 573 l

240 621 370 682 derant.l
416 619 547 694 Quorum
575 637 654 678 unns
681 618 791 696 aliquis
818 617 908 677 etiam
934 617 966 676 in
989 618 1119 678 oratione
1141 617 1288 676 Mantuae
1316 623 1374 676 ter
1402 617 1506 675 hatita

240 749 302 789 rem
325 730 366 788 ita
388 728 546 802 enarravit,
570 727 655 804 quasi
678 745 736 786 non
761 725 798 785 de
821 725 914 786 solius
933 723 1057 785 Galilaei
1080 724 1132 784 sed
1155 725 1192 783 de
1215 724 1370 801 plurium
1394 725 1504 782 inres-

240 837 279 897 tis
301 841 445 912 ageretur.
490 835 554 894 Hos
582 851 684 894 omnes
710 852 780 893 vero
808 837 904 892 orator
931 832 983 892 1116
1009 831 1171 910 Keplerum
1197 831 1350 892 imitatus
1383 833 1501 907 majora
1553 863 1555 948 q

240 944 400 1021 perfecisse
422 943 583 1020 praedicat,
612 959 701 1019 qnam
728 941 780 1018 qui
806 945 888 1000 trans
911 957 1052 1000 oceanum
1076 957 1180 1015 ,novos
1203 945 1367 998 terrarum
1395 939 1499 998 66166·

240 1051 418 1127 detexerint;
448 1051 566 1126 ,dignos
594 1067 645 1108 eos
672 1065 739 1109 esse
765 1065 839 1126 quos
867 1051 950 1124 grata
976 1051 1160 1125 postemrum
1182 1048 1336 1106 memoria
1369 1048 1408 1104 16
1436 1064 1498 1105 eze
1552 1015 1555 1154 1

240 1159 365 1218 16611166
393 1157 430 1217 iis
458 1157 577 1216 sedibus
604 1156 762 1216 collocatos
789 1160 932 1230 aetemet,
960 1155 997 1214 de
1024 1155 1133 1232 quihus
1159 1154 1196 1213 ad
1224 1172 1282 1213 nos
1305 1159 1383 1212 tam
1411 1154 1495 1224 mira

240 1271 301 1324 tam
324 1265 487 1342 inopinata,
514 1269 575 1324 tam
601 1263 953 1323 166611161616166161.12
998 1262 1080 1322 Inter
1101 1261 1220 1322 eosdem
1242 1261 1354 1321 locum
1383 1261 1495 1321 saltem
1552 1179 1555 1330 1

241 1372 375 1432 concedit
402 1372 461 1449 ipsi
489 1371 628 1432 (16111666.
674 1371 769 1430 1666
796 1389 856 1430 666
887 1370 1008 1430 deerant
1039 1374 1112 1429 tunc
1138 1369 1170 1428 in
1197 1369 1263 1446 ipsa
1292 1369 1493 1429 1666116616
1552 1343 1555 1474 1

242 1479 392 1553 societate,
416 1478 468 1556 661
491 1495 597 1554 magno
621 1478 696 1553 viro,
719 1483 754 1537 ut
776 1483 877 1538 contra
899 1478 1083 1538 adversarios
1106 1477 1170 1537 suis
1193 1477 1361 1536 sententiis
1389 1482 1493 1554 patre

241 1587 389 1646 cinaretur
411 1590 545 1644 auctores
568 1589 658 1644 erant.
706 1584 807 1644 Talem
834 1585 899 1662 ipse
927 1603 960 1645 66
982 1586 1131 1662 praestitit
1154 1583 1379 1658 Bellarminus,
1412 1585 1492 1642 reri-
1552 1495 1555 1640 1

241 1693 312 1752 tatis
338 1697 372 1751 ut
399 1692 476 1751 dixit
502 1691 735 1767 curiosissime,
768 1710 861 1770 quum
889 1691 1013 1752 Galilaei
1044 1709 1221 1770 responsum
1250 1692 1288 1750 ad
1317 1709 1372 1768 ea,
1410 1709 1491 1769 quae
1552 1659 1555 1764 1

242 1799 411 1860 Ludovicus
434 1799 511 1860 delle
531 1799 670 1860 Columbo
692 1799 729 1860 de
752 1799 908 1876 superficie
930 1800 1018 1860 lunae
1036 1799 1206 1877 scripserat,
1230 1799 1459 1875 exspectaret³
1552 1813 1555 1920 q

343 1907 551 1986 Inquisitionis
570 1907 690 1985 quidem
709 1906 849 1967 Sanctum
868 1907 947 1985 quod
964 1908 1115 1968 dicebatur
1133 1905 1272 1967 Officium
1287 1907 1354 1994 jam
1376 1908 1487 1967 66166

241 2030 319 2076 anno
347 2015 546 2094 suspicionem
575 2015 722 2093 quandam
749 2019 850 2074 contra
877 2014 1042 2075 Galilaeum
1069 2015 1173 2075 alebat.
1219 2014 1315 2074 lussit
1344 2015 1484 2074 tribunal
1553 1977 1555 2067 1

1553 700 1555 739 1

134 2151 137 2164 ·
242 2142 330 2184 suum
351 2123 525 2184 Paduanum
552 2123 712 2201 inquiram,
744 2141 794 2198 ,an
821 2123 854 2180 in
880 2140 1021 2199 processu
1044 2122 1170 2182 doctoris
1194 2121 1329 2182 Caesaris
1355 2122 1483 2182 Cremo
1553 2130 1555 2207 1

243 2231 308 2291 6161
331 2232 500 2291 nominatus
523 2235 602 2291 esset
621 2231 771 2291 Galilaeus
794 2230 998 2308 philosophiae
1020 2249 1055 2290 ac
1073 2230 1296 2289 mathematicae
1314 2229 1479 2306 professor.
1553 2295 1555 2355 γ

241 2339 346 2416 Neque
364 2344 461 2398 tamen
481 2339 546 2416 ipse
565 2338 715 2399 Galilaeus
733 2343 853 2415 propter
871 2342 1002 2413 systema
1019 2335 1254 2415 (lopernicanum
1272 2337 1354 2397 etin
1373 2337 1479 2396 libello

244 2445 296 2505 illo
320 2464 373 2506 suo
397 2452 427 2505 et
449 2445 605 2522 colloquiis
627 2445 783 2505 defensum
801 2445 911 2504 116666
933 2449 1006 2505 1666
1027 2425 1045 2504 a
1068 2463 1216 2523 quoquam
1238 2449 1398 2504 accusatus
1424 2451 1475 2504 est
1554 2460 1555 2495 l

242 2551 391 2625 Quantum
423 2570 461 2612 ex
489 2553 713 2628 phoenomenis,
746 2569 822 2628 quae
849 2552 906 2611 viri
938 2552 1046 2612 eruditi
1078 2553 1187 2612 diserte
1218 2553 1473 2624 confirmaverant
1554 2614 1555 2631 ,

242 2658 361 2718 Satumi
386 2658 528 2719 satellites
556 2663 586 2718 61
610 2659 735 2717 Veneris
762 2659 870 2735 pheses
898 2678 950 2737 pro
974 2665 1135 2735 systemate
1157 2660 1210 2719 illo
1233 2659 1310 2719 illud
1332 2659 1472 2732 lacerent,

242 2765 331 2826 otiam
358 2765 408 2841 iis,
442 2766 493 2844 qui
521 2765 553 2825 in
579 2765 795 2826 mathematicis
827 2771 857 2827 61
883 2767 1086 2828 astronomicis
1117 2768 1205 2828 rebus
1235 2767 1336 2828 61666
1363 2769 1472 2828 versati
1554 2777 1555 2787 ¹

241 2877 339 2949 erant,
366 2873 455 2934 facile
477 2873 586 2934 illuxit.
632 2876 815 2951 Argumenta
842 2881 943 2935 contra
969 2875 1046 2934 illud
1068 2894 1085 2934 6
1107 2874 1257 2935 Ludovico
1280 2893 1371 2952 supra
1393 2875 1470 2936 dicto

241 2981 354 3060 prolata
374 2981 524 3044 Galilaeus
546 2981 654 3042 litteris
671 2982 824 3057 refutavit,
848 3001 923 3060 6666
941 2988 975 3042 61
993 2983 1082 3042 61166
1098 3001 1117 3042 6
1136 2982 1316 3043 Bellarmino
1338 2979 1468 3060 legeren-

242 3095 291 3149 tur
313 3089 448 3168 pmvidit.
490 3089 558 3149 Non
581 3091 690 3150 mirum
712 3090 791 3168 quod
814 3090 902 3149 etiam
925 3095 1027 3167 postea
1050 3090 1160 3150 similia
1178 3091 1299 3168 scriptis
1322 3091 1385 3150 suis
1402 3109 1466 3168 pas

242 3197 300 3257 sim
323 3198 459 3274 prodidit.
507 3197 561 3258 Sui
589 3197 730 3258 nimirum
757 3197 849 3258 officii
875 3199 1010 3275 putabat,
1037 3202 1071 3258 61
1098 3198 1253 3258 hominum
1280 3198 1393 3257 animos
1414 3217 1465 3275 pro

241 3303 354 3364 viribus
385 3310 571 3382 praepararet
602 3306 638 3364 ad
672 3304 768 3380 majus
800 3305 876 3366 illud
906 3306 942 3365 16
971 3305 1171 3382 Copcrnicano
1199 3310 1462 3382 6661666166666Ι

242 3410 320 3488 quod
345 3411 460 3486 jamdiu
487 3412 674 3486 moliebatur,
708 3411 827 3472 facilius
855 3413 1067 3490 accipiendum.
1115 3413 1210 3488 Quare
1238 3431 1331 3492 6666
1356 3413 1389 3472 61
1415 3413 1461 3472 ad-

242 3518 380 3578 versariis
412 3518 449 3578 de
486 3519 594 3578 violata
630 3537 778 3579 sacrorum
810 3519 953 3581 librorum
989 3519 1161 3581 auctoritate
1196 3525 1351 3582 accusatus
1380 3525 1459 3594 esset,

242 3625 354 3704 quippe
376 3625 427 3704 qui
451 3626 558 3700 solem,
581 3643 640 3686 non
663 3631 772 3686 terram
794 3627 905 3687 moveri
927 3628 1078 3704 docerent,
1101 3627 1457 3689 66616611666666166-

244 3735 298 3793 bus
317 3733 451 3810 epistolis
471 3733 644 3809 vindicavit,
668 3753 744 3812 quae
761 3735 843 3812 typis
861 3735 982 3813 quidam
1000 3753 1060 3796 non
1078 3755 1235 3812 expressae
1257 3736 1358 3796 sedin
1374 3735 1455 3795 multa

350 3965 377 4032 1)
397 3961 459 4016 Gori
473 3961 512 4016 in:
528 3962 575 4017 atti
591 3961 661 4017 della
674 3962 705 4016 R.
713 3963 857 4019 Academia
871 3965 914 4019 dci
926 3964 1019 4020 116661
1037 3965 1085 4020 6.2
1100 3965 1152 4020 rol.
1164 3966 1176 4020 l
1190 3983 1215 4036 p.
1226 3966 1290 4035 2303
1310 3965 1453 4036 61116661,

242 4052 355 4107 Process
371 4051 479 4107 Galilaia
497 4069 522 4121 p.
539 4053 573 4108 26
592 4070 617 4106 6.
635 4055 658 4106 1.

351 4143 377 4212 2)
398 4141 464 4212 Opp.
484 4143 511 4196 di
530 4142 624 4197 Galilei
641 4143 683 4198 Ill
703 4143 753 4198 138
768 4160 789 4199 s.

350 4233 377 4301 3)
398 4232 436 4286 cf.
460 4233 558 4287 ibidem
585 4233 627 4288 111
650 4233 713 4302 122,
742 4234 788 4288 ubi
812 4232 988 4290 Galanzonius
1012 4233 1167 4289 Bellormini
1194 4235 1299 4290 nomine
1323 4234 1450 4289 Galilaoum

243 4319 406 4390 adhortatur,
425 4325 456 4376 61
470 4323 606 4377 Ludorico
622 4322 661 4376 illi
675 4324 845 4393 respondeat:
865 4324 907 4391 ‚Io
921 4339 985 4378 sono
1003 4325 1031 4378 in
1050 4340 1104 4378 666
1122 4324 1246 4378 66166111
1264 4325 1378 4378 extrema
1391 4324 1451 4378 della

243 4407 339 4478 venti,
359 4411 473 4465 siccome
492 4427 557 4467 anco
576 4411 590 4466 ὀ
609 4411 812 4468 l'lllustrissimo
831 4417 922 4468 nostro
940 4413 1074 4468 Padrone‘
1094 4413 1153 4484 (1.6
1169 4413 1363 4483 Β6116661666).

350 4499 378 4570 4)
398 4497 485 4570 Recti,
504 4501 633 4557 Processo
652 4501 777 4570 orim'nalo
796 4503 823 4556 di
841 4502 897 4558 Gal.
917 4503 958 4558 61.
975 4503 991 4556 2
1010 4521 1034 4572 p.
1052 4503 1092 4558 18.
