3202 5058
673 293 765 350 Garun
783 296 805 348 Ι.
1315 291 1349 349 19

136 517 257 585 verunt,
289 511 417 584 quisquis
447 516 479 568 et
501 510 666 570 Catholicus
689 515 720 569 et
748 509 878 570 liberalis
901 524 965 570 esse
987 509 1090 584 vellet,
1118 517 1169 568 ant
1189 511 1352 596 stupidissi-

136 633 214 674 mum
243 615 464 674 homuncionem
494 631 559 673 esse
586 620 638 672 aut
664 615 852 688 hypocritam.
900 613 1014 672 Deinde
1037 613 1171 673 lietteler
1200 616 1351 689 episcopus

134 721 167 778 in
197 719 327 793 eJusdem
355 719 541 778 liberalitatis
563 719 677 792 culpam
700 719 815 791 incidit,
841 735 929 792 quum
956 719 1051 777 locum
1073 718 1216 791 quendam
1238 720 1351 794 syllabi,

16 829 18 848 ³
135 842 174 884 ne
200 829 320 898 propter
341 825 466 898 pessime
488 829 641 882 tractatam
665 823 860 882 conscientiae
878 823 1044 882 libertatem
1065 823 1201 882 Germani
1225 823 1353 885 offende-

135 933 251 1003 rentur,
272 929 310 988 ad
332 929 502 1002 Hispaniam
525 929 704 1002 restringere
724 933 888 987 conaretur.
933 927 1015 998 Quod
1029 927 1139 986 Romae
1155 929 1238 988 valde
1253 930 1352 1004 displi-

136 1033 206 1091 cuit.
262 1033 455 1092 Nihilominus
479 1032 692 1092 Ultramontani
725 1033 832 1106 nesti,
860 1031 911 1090 ubi
946 1033 1125 1091 commodum
1158 1033 1194 1092 iis
1227 1033 1351 1109 videtur,

136 1137 277 1196 audacter
293 1143 392 1211 spreta
406 1136 505 1210 Papae
521 1137 676 1212 sententia,
698 1137 796 1211 Papae
819 1137 939 1196 decreta
957 1137 995 1194 ad
1010 1137 1220 1197 Germanorum
1235 1154 1351 1198 sensum

136 1257 316 1300 communem
350 1240 523 1316 detorquere
561 1246 694 1316 pergunt
758 1242 792 1300 ln
826 1239 957 1300 Comitiis
990 1243 1175 1316 popularibus
1207 1243 1351 1304 Reicheu·

137 1362 261 1420 sperger
290 1345 460 1406 crudissimo
490 1362 621 1420 quaeque
653 1347 729 1405 illius
758 1346 837 1404 dicta
865 1352 898 1404 ut
932 1347 989 1404 stili
1014 1347 1130 1406 curialis
1151 1348 1271 1420 phrases
1293 1365 1352 1408 non

138 1450 312 1508 verbotenus
345 1451 530 1523 accipiendas
560 1451 745 1524 impudenter
783 1454 917 1522 excusat,
955 1451 1212 1510 excellentissimus
1237 1453 1352 1512 Windt·

139 1554 237 1627 horst,
267 1555 334 1614 dum
361 1556 402 1628 pii
428 1556 560 1629 papistae
587 1554 823 1614 infallibihtatem
856 1555 990 1628 papalem
1028 1556 1177 1615 humiliter
1208 1557 1354 1618 credentis

139 1675 294 1732 personam
315 1661 392 1734 agit,
421 1660 505 1718 simul
527 1660 609 1732 quasi
631 1659 739 1732 Papam
762 1657 888 1718 illudens
911 1659 1108 1734 evangelicam
1130 1661 1283 1720 ecclesiam
1305 1678 1353 1722 ce·

141 1763 265 1822 thelicae
292 1780 420 1822 sororem
443 1765 589 1838 nominat,
617 1762 648 1822 id
670 1764 747 1838 quod
778 1778 813 1821 ex
836 1765 897 1822 sola
918 1763 1234 1826 Palaeocatholicorum
1256 1771 1354 1826 mente

139 1865 204 1926 fieri
232 1883 333 1942 posse,
363 1867 473 1927 Minae
504 1875 601 1927 autem
623 1867 846 1926 abominandum
875 1868 1016 1942 flagitium
1046 1868 1112 1928 duci
1134 1870 1241 1942 optime
1265 1872 1352 1931 novit.

137 1972 220 2030 Inter
241 1973 294 2031 hos
320 1973 482 2045 singulares
509 1973 626 2031 concilii
649 1973 784 2032 Vaticani
807 1972 1036 2046 associassent,
1066 1975 1115 2047 qui
1138 1990 1265 2048 eousque
1284 1977 1354 2034 hac·

138 2093 237 2135 reseos
263 2076 453 2136 Erasmianae
481 2078 543 2136 siue
565 2076 836 2136 Palaeocatholicae
867 2077 1041 2150 procedant,
1076 2083 1109 2135 ut
1133 2078 1262 2137 lesuitas
1290 2097 1354 2138 cum

139 2179 301 2256 ,civilitate
325 2181 480 2240 catholiea‘
504 2199 573 2255 sua,
598 2198 617 2240 a
638 2181 690 2239 Pio
712 2181 762 2241 IX.
786 2179 929 2254 quondam
953 2181 1069 2240 condita
1091 2182 1174 2255 eique
1197 2183 1355 2258 canssima,

138 2291 274 2359 tanquam
306 2286 448 2346 ecclesiae
478 2291 576 2359 pestes
609 2284 723 2358 publice
753 2285 919 2360 depingant.
971 2285 1034 2343 Hac
1061 2292 1158 2345 mente
1188 2289 1354 2360 nuperrime

140 2391 304 2462 ephemeris
328 2390 468 2463 quaedam
500 2390 654 2464 Bavarica,
684 2389 834 2449 Romanae
862 2389 940 2448 sedis
962 2389 1057 2448 studio
1073 2390 1242 2464 jamdudum
1265 2392 1356 2450 notia

140 2495 228 2568 sima,
257 2495 355 2554 locuta
385 2501 444 2554 est:
475 2495 767 2570 ,Commentariorum
788 2496 903 2554 illorum
924 2495 1085 2554 sententiaa
1108 2495 1245 2568 quasdam
1268 2497 1356 2556 libcr-

141 2601 209 2657 tatis
236 2615 255 2656 a
283 2601 499 2672 magistratibus
529 2616 684 2660 concessae
713 2599 858 2672 praesidio
886 2600 917 2657 in
947 2599 1132 2658 Germaniam
1156 2601 1297 2660 invasisse
1325 2607 1357 2661 et

140 2703 279 2778 robiginis
301 2705 394 2762 instar
416 2705 447 2762 in
468 2705 645 2764 laetissimae
665 2704 728 2777 spei
744 2709 860 2777 segetes
875 2703 1026 2763 decidisse.
1070 2704 1142 2763 Inde
1157 2703 1265 2764 iactum
1281 2723 1356 2781 ease,

141 2814 174 2866 ut
196 2823 249 2867 eae
272 2809 336 2867 viae
358 2807 516 2867 infeliciter
536 2810 780 2883 relinquerentur,
803 2825 873 2882 quas
895 2808 1065 2868 nobilissimi
1088 2809 1142 2868 viri
1165 2807 1302 2868 Germani
1318 2811 1356 2869 ad

141 2912 348 2971 consociandos
369 2929 434 2971 cum
456 2914 598 2986 rehgione
619 2914 805 2972 humaniores
827 2914 956 2986 litteras,
981 2913 1018 2972 ad
1032 2913 1242 2985 restituendam
1262 2917 1355 2974 eccle·

141 3019 203 3076 siae
231 3016 390 3076 catholicae
421 3018 498 3092 apud
516 3018 652 3092 populum
676 3019 800 3090 gratiam
823 3023 854 3076 et
873 3017 1011 3076 honorem
1033 3016 1200 3078 felicissimo
1222 3035 1356 3079 successu

140 3122 348 3195 praeivissent3
370 3137 428 3180 non
447 3124 509 3196 jam
531 3123 570 3181 ad
588 3117 758 3181 interiorem
779 3123 867 3180 vitam
882 3122 1048 3194 religiosam
1063 3121 1228 3196 colendam,
1252 3123 1304 3181 sed
1319 3124 1356 3182 ad

141 3225 330 3298 exagitandos
351 3242 400 3284 res
421 3226 499 3284 inter
518 3227 672 3286 ecclesiam
695 3233 725 3286 et
747 3227 894 3284 civitatem
916 3229 1115 3283 controversas
1135 3225 1280 3284 hominurn
1295 3228 1358 3284 ani·

140 3347 204 3389 moe
227 3336 362 3389 euocatos
382 3347 454 3390 esse.
490 3330 548 3389 Pro
571 3347 643 3404 pace
662 3331 832 3390 continuum
852 3329 960 3388 bellum
982 3327 1156 3404 praebitum,
1179 3346 1232 3404 pro
1247 3331 1356 3390 honore

140 3434 297 3510 invidiam,
327 3453 379 3508 pro
410 3437 505 3508 gratia
528 3435 640 3510 odium,
664 3436 761 3495 omnia
780 3435 905 3508 denique
929 3434 1117 3493 circumcirca
1139 3434 1244 3510 turbis,
1268 3435 1357 3494 cladi-

142 3539 210 3613 bus,
241 3540 333 3598 roinis
352 3540 470 3611 impleta
489 3555 560 3600 esse.
607 3539 703 3609 Quare
731 3539 767 3598 de
790 3539 842 3614 iis,
868 3539 917 3612 qui
940 3538 977 3597 ab
997 3540 1105 3598 exteris
1125 3541 1198 3598 talia
1219 3540 1357 3614 importa-

141 3645 255 3718 verint,
277 3643 431 3702 dicendum
454 3660 531 3703 esse:
557 3644 602 3702 Ex
625 3642 766 3703 fructibus
790 3659 890 3702 eornm
913 3644 1092 3718 cognoscetis
1115 3641 1205 3702 eos.‘¹

231 3748 312 3821 Quae
343 3748 433 3807 verba
464 3765 521 3822 quo
550 3749 682 3808 acerbius
718 3748 765 3824 id,
803 3747 880 3822 quod
909 3753 939 3805 et
967 3748 1017 3806 alii
1048 3748 1205 3808 earundem
1233 3750 1357 3822 partium

141 3853 258 3913 sedales
292 3853 472 3928 sentiebant,
508 3859 725 3928 expresserant,
759 3869 794 3912 eo
827 3852 1028 3912 vehementius
1054 3853 1175 3912 Jeeuitis
1201 3867 1357 3924 eorumque

141 3958 291 4018 sodalibus
320 3957 496 4016 stomachum
529 3963 690 4018 moverunt.
739 3956 797 4016 Sed
837 3957 940 4032 ingens
972 3955 1066 4016 lactus
1097 3957 1235 4014 tumultus
1264 3954 1358 4014 subito

140 4063 260 4137 quievit
315 4062 434 4121 Scilicet
459 4063 489 4120 in
519 4063 555 4121 iis
577 4062 743 4136 Germanis,
771 4062 819 4136 qui
846 4077 897 4119 ore
919 4061 1068 4120 Vaticanis
1090 4059 1218 4118 decretis
1240 4076 1272 4118 se
1291 4061 1358 4119 sub-

137 4170 291 4242 jecerunt,
320 4167 394 4226 talia
425 4167 593 4226 rebellantis
616 4167 811 4225 conscientiae
843 4165 1046 4224 testimonias
1070 4164 1151 4222 curia
1173 4162 1307 4223 feruntur
1329 4172 1359 4224 et-

140 4271 368 4332 dissimulantur.
414 4271 530 4330 Timere
560 4272 675 4330 videtur
703 4265 815 4352 (nescio
838 4285 876 4326 an
898 4263 1028 4348 frustra),
1052 4284 1090 4326 ne
1113 4269 1200 4327 etiam
1223 4269 1358 4328 acerrimi

139 4383 376 4454 propugnatores
398 4377 456 4448 sui,
478 4377 562 4434 sicuti
577 4375 760 4436 Windthorst
781 4381 811 4434 et
832 4371 1094 4447 Reichensperger,
1117 4373 1141 4432 si
1164 4372 1201 4432 ad
1223 4389 1360 4432 reuocan-

233 4601 260 4668 1)
279 4599 445 4666 Augsborger
463 4597 630 4664 Poetaeitung
649 4601 716 4648 1880
735 4597 781 4645 Νι.
795 4601 827 4646 ts
848 4611 874 4660 p.
888 4597 949 4660 890Ὶ

1096 4689 1114 4722 6)
1124 4679 1141 4719 tlt
