<?xml version="1.0" encoding="UTF-8"?>
<!DOCTYPE html PUBLIC "-//W3C//DTD XHTML 1.0 Transitional//EN"
    "http://www.w3.org/TR/xhtml1/DTD/xhtml1-transitional.dtd">
<html xmlns="http://www.w3.org/1999/xhtml" xml:lang="en" lang="en">
 <head>
  <title>
</title>
<meta http-equiv="Content-Type" content="text/html;charset=utf-8" />
  <meta name='ocr-system' content='tesseract 3.04.00' />
  <meta name='ocr-capabilities' content='ocr_page ocr_carea ocr_par ocr_line ocrx_word'/>
</head>
<body>
  <div class='ocr_page' id='page_1' title='image "./erasmusredivivu00schlgoog_0105.png"; bbox 0 0 3188 5086; ppageno 0'>
   <div class='ocr_carea' id='block_1_1' title="bbox 221 245 948 308">
    <p class='ocr_par' dir='ltr' id='par_1_1' title="bbox 221 245 948 308">
     <span class='ocr_line' id='line_1_1' title="bbox 221 245 948 308; baseline -0.008 -9"><span class='ocrx_word' id='word_1_1' title='bbox 221 253 257 308; x_wconf 86' lang='lat'><strong>88</strong></span> <span class='ocrx_word' id='word_1_2' title='bbox 701 248 813 297; x_wconf 74' lang='lat' dir='ltr'><strong>Punrrs</strong></span> <span class='ocrx_word' id='word_1_3' title='bbox 833 245 948 296; x_wconf 80' lang='lat' dir='ltr'><strong>Pmosrs</strong></span> 
     </span>
    </p>
   </div>
   <div class='ocr_carea' id='block_1_2' title="bbox 225 335 1057 352">
    <p class='ocr_par' dir='ltr' id='par_1_2' title="bbox 225 335 1057 352">
     <span class='ocr_line' id='line_1_2' title="bbox 225 335 1057 352; baseline -0.012 -1"><span class='ocrx_word' id='word_1_4' title='bbox 225 337 783 352; x_wconf 63' lang='grc' dir='ltr'><strong>ν-...---,-------.---------ο---</strong></span> <span class='ocrx_word' id='word_1_5' title='bbox 789 336 939 344; x_wconf 71' lang='grc'><strong>--.---,.</strong></span> <span class='ocrx_word' id='word_1_6' title='bbox 964 336 985 342; x_wconf 89' lang='lat'><strong>...</strong></span> <span class='ocrx_word' id='word_1_7' title='bbox 995 336 1005 342; x_wconf 84' lang='lat'>.</span> <span class='ocrx_word' id='word_1_8' title='bbox 1013 335 1057 342; x_wconf 79' lang='grc'><strong>..-</strong></span> 
     </span>
    </p>
   </div>
   <div class='ocr_carea' id='block_1_3' title="bbox 223 451 1437 849">
    <p class='ocr_par' dir='ltr' id='par_1_3' title="bbox 223 451 1437 849">
     <span class='ocr_line' id='line_1_3' title="bbox 223 451 1435 542; baseline -0.011 -14"><span class='ocrx_word' id='word_1_9' title='bbox 223 465 439 528; x_wconf 85' lang='lat' dir='ltr'><strong>desiderabant</strong></span> <span class='ocrx_word' id='word_1_10' title='bbox 484 464 539 537; x_wconf 76' lang='lat' dir='ltr'><strong>Qui</strong></span> <span class='ocrx_word' id='word_1_11' title='bbox 569 479 639 522; x_wconf 91' lang='lat' dir='ltr'><strong>vero</strong></span> <span class='ocrx_word' id='word_1_12' title='bbox 659 479 736 521; x_wconf 91' lang='lat' dir='ltr'><strong>nuuc</strong></span> <span class='ocrx_word' id='word_1_13' title='bbox 758 453 804 542; x_wconf 92' lang='lat' dir='ltr'><strong>(ut</strong></span> <span class='ocrx_word' id='word_1_14' title='bbox 826 460 868 520; x_wconf 84' lang='lat' dir='ltr'><strong>ita</strong></span> <span class='ocrx_word' id='word_1_15' title='bbox 888 451 996 540; x_wconf 81' lang='lat' dir='ltr'><strong>dicem)</strong></span> <span class='ocrx_word' id='word_1_16' title='bbox 1017 457 1054 518; x_wconf 88' lang='lat' dir='ltr'><strong>ab</strong></span> <span class='ocrx_word' id='word_1_17' title='bbox 1076 459 1191 518; x_wconf 86' lang='lat' dir='ltr'><strong>Erasmi</strong></span> <span class='ocrx_word' id='word_1_18' title='bbox 1213 457 1318 532; x_wconf 86' lang='lat' dir='ltr'><strong>quique</strong></span> <span class='ocrx_word' id='word_1_19' title='bbox 1339 473 1358 516; x_wconf 90' lang='lat' dir='ltr'><strong>a</strong></span> <span class='ocrx_word' id='word_1_20' title='bbox 1377 456 1435 516; x_wconf 88' lang='lat' dir='ltr'><strong>Lu·</strong></span> 
     </span>
     <span class='ocr_line' id='line_1_4' title="bbox 223 559 1437 644; baseline -0.01 -12"><span class='ocrx_word' id='word_1_21' title='bbox 223 573 299 632; x_wconf 86' lang='lat' dir='ltr'><strong>theri</strong></span> <span class='ocrx_word' id='word_1_22' title='bbox 325 575 409 644; x_wconf 88' lang='lat' dir='ltr'><strong>parte</strong></span> <span class='ocrx_word' id='word_1_23' title='bbox 437 575 529 643; x_wconf 87' lang='lat' dir='ltr'><strong>stent,</strong></span> <span class='ocrx_word' id='word_1_24' title='bbox 548 559 730 642; x_wconf 85' lang='lat' dir='ltr'><strong>&#39;quamquam</strong></span> <span class='ocrx_word' id='word_1_25' title='bbox 756 566 842 640; x_wconf 88' lang='lat' dir='ltr'><strong>plane</strong></span> <span class='ocrx_word' id='word_1_26' title='bbox 869 565 1003 639; x_wconf 88' lang='lat' dir='ltr'><strong>conjungi</strong></span> <span class='ocrx_word' id='word_1_27' title='bbox 1031 564 1157 624; x_wconf 89' lang='lat' dir='ltr'><strong>nondum</strong></span> <span class='ocrx_word' id='word_1_28' title='bbox 1180 567 1315 637; x_wconf 81' lang='lat' dir='ltr'><strong>possunt,</strong></span> <span class='ocrx_word' id='word_1_29' title='bbox 1338 567 1437 622; x_wconf 80' lang='lat' dir='ltr'><strong>tumen</strong></span> 
     </span>
     <span class='ocr_line' id='line_1_5' title="bbox 224 667 1436 745; baseline -0.01 -9"><span class='ocrx_word' id='word_1_30' title='bbox 224 693 323 736; x_wconf 91' lang='lat' dir='ltr'><strong>eorum</strong></span> <span class='ocrx_word' id='word_1_31' title='bbox 356 681 416 734; x_wconf 89' lang='lat' dir='ltr'><strong>tam</strong></span> <span class='ocrx_word' id='word_1_32' title='bbox 448 671 553 731; x_wconf 91' lang='lat' dir='ltr'><strong>hostile</strong></span> <span class='ocrx_word' id='word_1_33' title='bbox 586 670 755 745; x_wconf 80' lang='lat' dir='ltr'><strong>discidium,</strong></span> <span class='ocrx_word' id='word_1_34' title='bbox 789 685 875 743; x_wconf 87' lang='lat' dir='ltr'><strong>quam</strong></span> <span class='ocrx_word' id='word_1_35' title='bbox 907 674 975 728; x_wconf 84' lang='lat' dir='ltr'><strong>ante</strong></span> <span class='ocrx_word' id='word_1_36' title='bbox 1005 669 1079 728; x_wconf 89' lang='lat' dir='ltr'><strong>haec</strong></span> <span class='ocrx_word' id='word_1_37' title='bbox 1112 668 1170 727; x_wconf 82' lang='lat' dir='ltr'><strong>uie</strong></span> <span class='ocrx_word' id='word_1_38' title='bbox 1201 667 1300 727; x_wconf 88' lang='lat' dir='ltr'><strong>secula</strong></span> <span class='ocrx_word' id='word_1_39' title='bbox 1331 667 1436 740; x_wconf 86' lang='lat' dir='ltr'><strong>erupit,</strong></span> 
     </span>
     <span class='ocr_line' id='line_1_6' title="bbox 224 776 759 849; baseline -0.011 -10"><span class='ocrx_word' id='word_1_40' title='bbox 224 781 312 841; x_wconf 91' lang='lat' dir='ltr'><strong>hodie</strong></span> <span class='ocrx_word' id='word_1_41' title='bbox 333 776 493 838; x_wconf 90' lang='lat' dir='ltr'><strong>timendum</strong></span> <span class='ocrx_word' id='word_1_42' title='bbox 513 793 572 836; x_wconf 92' lang='lat' dir='ltr'><strong>non</strong></span> <span class='ocrx_word' id='word_1_43' title='bbox 594 791 658 835; x_wconf 91' lang='lat' dir='ltr'><strong>esec</strong></span> <span class='ocrx_word' id='word_1_44' title='bbox 681 779 759 849; x_wconf 85' lang='lat' dir='ltr'><strong>puto.</strong></span> 
     </span>
    </p>
   </div>
   <div class='ocr_carea' id='block_1_4' title="bbox 219 893 1441 2118">
    <p class='ocr_par' dir='ltr' id='par_1_4' title="bbox 219 893 1441 2118">
     <span class='ocr_line' id='line_1_7' title="bbox 310 893 1437 974; baseline -0.004 -15"><span class='ocrx_word' id='word_1_45' title='bbox 310 901 395 974; x_wconf 85' lang='lat' dir='ltr'><strong>Dixi,</strong></span> <span class='ocrx_word' id='word_1_46' title='bbox 418 914 493 972; x_wconf 89' lang='lat' dir='ltr'><strong>quae</strong></span> <span class='ocrx_word' id='word_1_47' title='bbox 515 899 545 956; x_wconf 94' lang='lat' dir='ltr'><strong>in</strong></span> <span class='ocrx_word' id='word_1_48' title='bbox 566 913 671 971; x_wconf 92' lang='lat' dir='ltr'><strong>magno</strong></span> <span class='ocrx_word' id='word_1_49' title='bbox 685 896 735 955; x_wconf 93' lang='lat' dir='ltr'><strong>illo</strong></span> <span class='ocrx_word' id='word_1_50' title='bbox 750 895 909 955; x_wconf 85' lang='lat' dir='ltr'><strong>certamine</strong></span> <span class='ocrx_word' id='word_1_51' title='bbox 923 895 1071 968; x_wconf 89' lang='lat' dir='ltr'><strong>hucusque</strong></span> <span class='ocrx_word' id='word_1_52' title='bbox 1087 893 1229 968; x_wconf 80' lang='lat' dir='ltr'><strong>flagrame</strong></span> <span class='ocrx_word' id='word_1_53' title='bbox 1249 893 1437 954; x_wconf 85' lang='lat' dir='ltr'><strong>sBorussiae</strong></span> 
     </span>
     <span class='ocr_line' id='line_1_8' title="bbox 222 997 1438 1082; baseline -0.004 -17"><span class='ocrx_word' id='word_1_54' title='bbox 222 1009 307 1082; x_wconf 87' lang='lat' dir='ltr'><strong>parte</strong></span> <span class='ocrx_word' id='word_1_55' title='bbox 329 1020 387 1063; x_wconf 92' lang='lat' dir='ltr'><strong>uon</strong></span> <span class='ocrx_word' id='word_1_56' title='bbox 409 1003 480 1062; x_wconf 85' lang='lat' dir='ltr'><strong>satis</strong></span> <span class='ocrx_word' id='word_1_57' title='bbox 501 1000 688 1075; x_wconf 86' lang='lat' dir='ltr'><strong>providenter</strong></span> <span class='ocrx_word' id='word_1_58' title='bbox 710 1004 741 1058; x_wconf 93' lang='lat' dir='ltr'><strong>et</strong></span> <span class='ocrx_word' id='word_1_59' title='bbox 762 1000 969 1072; x_wconf 87' lang='lat' dir='ltr'><strong>circumspecte</strong></span> <span class='ocrx_word' id='word_1_60' title='bbox 984 1003 1051 1057; x_wconf 86' lang='lat' dir='ltr'><strong>acta</strong></span> <span class='ocrx_word' id='word_1_61' title='bbox 1064 997 1134 1058; x_wconf 89' lang='lat' dir='ltr'><strong>mihi</strong></span> <span class='ocrx_word' id='word_1_62' title='bbox 1150 1013 1263 1072; x_wconf 88' lang='lat' dir='ltr'><strong>quoque</strong></span> <span class='ocrx_word' id='word_1_63' title='bbox 1277 997 1438 1060; x_wconf 86' lang='lat' dir='ltr'><strong>videantur.</strong></span> 
     </span>
     <span class='ocr_line' id='line_1_9' title="bbox 223 1101 1438 1179; baseline -0.007 -10"><span class='ocrx_word' id='word_1_64' title='bbox 223 1109 323 1168; x_wconf 86' lang='lat' dir='ltr'><strong>Redeo</strong></span> <span class='ocrx_word' id='word_1_65' title='bbox 350 1105 458 1179; x_wconf 87' lang='lat' dir='ltr'><strong>adid,</strong></span> <span class='ocrx_word' id='word_1_66' title='bbox 488 1105 565 1179; x_wconf 87' lang='lat' dir='ltr'><strong>quod</strong></span> <span class='ocrx_word' id='word_1_67' title='bbox 594 1110 684 1164; x_wconf 87' lang='lat' dir='ltr'><strong>antes</strong></span> <span class='ocrx_word' id='word_1_68' title='bbox 708 1102 854 1178; x_wconf 81' lang='lat' dir='ltr'><strong>protessus</strong></span> <span class='ocrx_word' id='word_1_69' title='bbox 882 1120 960 1178; x_wconf 91' lang='lat' dir='ltr'><strong>sum,</strong></span> <span class='ocrx_word' id='word_1_70' title='bbox 990 1101 1129 1176; x_wconf 90' lang='lat' dir='ltr'><strong>ejusmodi</strong></span> <span class='ocrx_word' id='word_1_71' title='bbox 1150 1102 1291 1177; x_wconf 87' lang='lat' dir='ltr'><strong>peccatis,</strong></span> <span class='ocrx_word' id='word_1_72' title='bbox 1319 1107 1438 1176; x_wconf 89' lang='lat' dir='ltr'><strong>propter</strong></span> 
     </span>
     <span class='ocr_line' id='line_1_10' title="bbox 225 1207 1438 1286; baseline -0.007 -13"><span class='ocrx_word' id='word_1_73' title='bbox 225 1228 344 1286; x_wconf 85' lang='lat' dir='ltr'><strong>magnas</strong></span> <span class='ocrx_word' id='word_1_74' title='bbox 367 1228 465 1272; x_wconf 88' lang='lat' dir='ltr'><strong>rerum</strong></span> <span class='ocrx_word' id='word_1_75' title='bbox 486 1207 671 1270; x_wconf 87' lang='lat' dir='ltr'><strong>difficultates</strong></span> <span class='ocrx_word' id='word_1_76' title='bbox 694 1208 878 1283; x_wconf 74' lang='lat' dir='ltr'><strong>excusandis,</strong></span> <span class='ocrx_word' id='word_1_77' title='bbox 901 1223 958 1267; x_wconf 91' lang='lat' dir='ltr'><strong>nou</strong></span> <span class='ocrx_word' id='word_1_78' title='bbox 979 1208 1042 1267; x_wconf 92' lang='lat' dir='ltr'><strong>tolli</strong></span> <span class='ocrx_word' id='word_1_79' title='bbox 1064 1207 1141 1266; x_wconf 89' lang='lat' dir='ltr'><strong>illius</strong></span> <span class='ocrx_word' id='word_1_80' title='bbox 1156 1208 1248 1281; x_wconf 86' lang='lat' dir='ltr'><strong>pertis</strong></span> <span class='ocrx_word' id='word_1_81' title='bbox 1267 1208 1316 1281; x_wconf 88' lang='lat' dir='ltr'><strong>jus</strong></span> <span class='ocrx_word' id='word_1_82' title='bbox 1332 1207 1438 1280; x_wconf 89' lang='lat' dir='ltr'><strong>prima-</strong></span> 
     </span>
     <span class='ocr_line' id='line_1_11' title="bbox 225 1310 1438 1389; baseline -0.006 -12"><span class='ocrx_word' id='word_1_83' title='bbox 225 1319 309 1379; x_wconf 91' lang='lat' dir='ltr'><strong>rium.</strong></span> <span class='ocrx_word' id='word_1_84' title='bbox 352 1315 468 1388; x_wconf 89' lang='lat' dir='ltr'><strong>Pugnat</strong></span> <span class='ocrx_word' id='word_1_85' title='bbox 489 1315 541 1373; x_wconf 87' lang='lat' dir='ltr'><strong>illa</strong></span> <span class='ocrx_word' id='word_1_86' title='bbox 562 1330 614 1387; x_wconf 91' lang='lat' dir='ltr'><strong>pro</strong></span> <span class='ocrx_word' id='word_1_87' title='bbox 639 1313 764 1372; x_wconf 79' lang='lat' dir='ltr'><strong>civitatis</strong></span> <span class='ocrx_word' id='word_1_88' title='bbox 786 1316 948 1389; x_wconf 74' lang='lat' dir='ltr'><strong>,potestate</strong></span> <span class='ocrx_word' id='word_1_89' title='bbox 973 1311 1070 1371; x_wconf 88' lang='lat' dir='ltr'><strong>aDeo</strong></span> <span class='ocrx_word' id='word_1_90' title='bbox 1086 1310 1245 1385; x_wconf 83' lang='lat' dir='ltr'><strong>ordinate,‘</strong></span> <span class='ocrx_word' id='word_1_91' title='bbox 1267 1327 1341 1384; x_wconf 90' lang='lat' dir='ltr'><strong>quae</strong></span> <span class='ocrx_word' id='word_1_92' title='bbox 1363 1327 1438 1386; x_wconf 91' lang='lat' dir='ltr'><strong>,non</strong></span> 
     </span>
     <span class='ocr_line' id='line_1_12' title="bbox 226 1416 1439 1494; baseline -0.006 -13"><span class='ocrx_word' id='word_1_93' title='bbox 226 1422 290 1482; x_wconf 91' lang='lat' dir='ltr'><strong>siue</strong></span> <span class='ocrx_word' id='word_1_94' title='bbox 313 1435 401 1480; x_wconf 85' lang='lat' dir='ltr'><strong>causa</strong></span> <span class='ocrx_word' id='word_1_95' title='bbox 424 1418 549 1494; x_wconf 76' lang='lat' dir='ltr'><strong>gladium</strong></span> <span class='ocrx_word' id='word_1_96' title='bbox 569 1423 683 1494; x_wconf 75' lang='lat' dir='ltr'><strong>portet3</strong></span> <span class='ocrx_word' id='word_1_97' title='bbox 714 1418 772 1477; x_wconf 92' lang='lat' dir='ltr'><strong>Dei</strong></span> <span class='ocrx_word' id='word_1_98' title='bbox 795 1418 871 1478; x_wconf 93' lang='lat' dir='ltr'><strong>enim</strong></span> <span class='ocrx_word' id='word_1_99' title='bbox 892 1417 1024 1476; x_wconf 85' lang='lat' dir='ltr'><strong>minister</strong></span> <span class='ocrx_word' id='word_1_100' title='bbox 1047 1423 1107 1491; x_wconf 91' lang='lat' dir='ltr'><strong>est,</strong></span> <span class='ocrx_word' id='word_1_101' title='bbox 1136 1417 1241 1476; x_wconf 85' lang='lat' dir='ltr'><strong>vindex</strong></span> <span class='ocrx_word' id='word_1_102' title='bbox 1261 1417 1293 1474; x_wconf 95' lang='lat' dir='ltr'><strong>in</strong></span> <span class='ocrx_word' id='word_1_103' title='bbox 1314 1417 1387 1475; x_wconf 89' lang='lat' dir='ltr'><strong>iram</strong></span> <span class='ocrx_word' id='word_1_104' title='bbox 1409 1416 1439 1476; x_wconf 94' lang='lat' dir='ltr'><strong>ei</strong></span> 
     </span>
     <span class='ocr_line' id='line_1_13' title="bbox 226 1520 1439 1600; baseline -0.005 -15"><span class='ocrx_word' id='word_1_105' title='bbox 226 1527 276 1600; x_wconf 90' lang='lat' dir='ltr'><strong>qui</strong></span> <span class='ocrx_word' id='word_1_106' title='bbox 304 1527 380 1584; x_wconf 85' lang='lat' dir='ltr'><strong>male</strong></span> <span class='ocrx_word' id='word_1_107' title='bbox 408 1521 518 1598; x_wconf 84' lang='lat' dir='ltr'><strong>agit,‘²</strong></span> <span class='ocrx_word' id='word_1_108' title='bbox 550 1523 638 1583; x_wconf 87' lang='lat' dir='ltr'><strong>etiam</strong></span> <span class='ocrx_word' id='word_1_109' title='bbox 664 1524 780 1584; x_wconf 84' lang='lat' dir='ltr'><strong>Summo</strong></span> <span class='ocrx_word' id='word_1_110' title='bbox 809 1520 943 1582; x_wconf 90' lang='lat' dir='ltr'><strong>Pontifici</strong></span> <span class='ocrx_word' id='word_1_111' title='bbox 979 1524 1098 1597; x_wconf 89' lang='lat' dir='ltr'><strong>ejusque</strong></span> <span class='ocrx_word' id='word_1_112' title='bbox 1128 1521 1244 1581; x_wconf 78' lang='lat' dir='ltr'><strong>moeniis</strong></span> <span class='ocrx_word' id='word_1_113' title='bbox 1277 1537 1312 1580; x_wconf 89' lang='lat' dir='ltr'><strong>ac</strong></span> <span class='ocrx_word' id='word_1_114' title='bbox 1339 1521 1439 1580; x_wconf 88' lang='lat' dir='ltr'><strong>servis.</strong></span> 
     </span>
     <span class='ocr_line' id='line_1_14' title="bbox 219 1625 1441 1702; baseline -0.004 -13"><span class='ocrx_word' id='word_1_115' title='bbox 219 1631 342 1702; x_wconf 90' lang='lat' dir='ltr'><strong>-Pugnat</strong></span> <span class='ocrx_word' id='word_1_116' title='bbox 374 1627 477 1688; x_wconf 87' lang='lat' dir='ltr'><strong>eadem</strong></span> <span class='ocrx_word' id='word_1_117' title='bbox 511 1632 541 1686; x_wconf 93' lang='lat' dir='ltr'><strong>et</strong></span> <span class='ocrx_word' id='word_1_118' title='bbox 569 1645 621 1700; x_wconf 91' lang='lat' dir='ltr'><strong>pro</strong></span> <span class='ocrx_word' id='word_1_119' title='bbox 650 1627 802 1702; x_wconf 86' lang='lat' dir='ltr'><strong>evaugelio</strong></span> <span class='ocrx_word' id='word_1_120' title='bbox 832 1632 862 1685; x_wconf 93' lang='lat' dir='ltr'><strong>et</strong></span> <span class='ocrx_word' id='word_1_121' title='bbox 891 1643 943 1701; x_wconf 85' lang='lat' dir='ltr'><strong>pro</strong></span> <span class='ocrx_word' id='word_1_122' title='bbox 972 1643 1043 1686; x_wconf 85' lang='lat' dir='ltr'><strong>vera</strong></span> <span class='ocrx_word' id='word_1_123' title='bbox 1072 1625 1186 1685; x_wconf 83' lang='lat' dir='ltr'><strong>culture</strong></span> <span class='ocrx_word' id='word_1_124' title='bbox 1207 1626 1317 1701; x_wconf 92' lang='lat' dir='ltr'><strong>ingenii</strong></span> <span class='ocrx_word' id='word_1_125' title='bbox 1339 1630 1441 1684; x_wconf 89' lang='lat' dir='ltr'><strong>contra</strong></span> 
     </span>
     <span class='ocr_line' id='line_1_15' title="bbox 225 1730 1441 1808; baseline -0.005 -14"><span class='ocrx_word' id='word_1_126' title='bbox 225 1735 369 1808; x_wconf 86' lang='lat' dir='ltr'><strong>apostolos</strong></span> <span class='ocrx_word' id='word_1_127' title='bbox 398 1749 470 1806; x_wconf 88' lang='lat' dir='ltr'><strong>quos</strong></span> <span class='ocrx_word' id='word_1_128' title='bbox 494 1732 656 1791; x_wconf 89' lang='lat' dir='ltr'><strong>Theineros</strong></span> <span class='ocrx_word' id='word_1_129' title='bbox 690 1732 763 1791; x_wconf 87' lang='lat' dir='ltr'><strong>dixit</strong></span> <span class='ocrx_word' id='word_1_130' title='bbox 795 1730 955 1805; x_wconf 88' lang='lat' dir='ltr'><strong>mendacii,</strong></span> <span class='ocrx_word' id='word_1_131' title='bbox 985 1747 1107 1804; x_wconf 90' lang='lat' dir='ltr'><strong>quocum</strong></span> <span class='ocrx_word' id='word_1_132' title='bbox 1134 1746 1228 1804; x_wconf 90' lang='lat' dir='ltr'><strong>neque</strong></span> <span class='ocrx_word' id='word_1_133' title='bbox 1259 1730 1441 1804; x_wconf 86' lang='lat' dir='ltr'><strong>evangelium</strong></span> 
     </span>
     <span class='ocr_line' id='line_1_16' title="bbox 224 1833 1441 1911; baseline -0.003 -15"><span class='ocrx_word' id='word_1_134' title='bbox 224 1853 319 1911; x_wconf 90' lang='lat' dir='ltr'><strong>neque</strong></span> <span class='ocrx_word' id='word_1_135' title='bbox 354 1852 425 1895; x_wconf 86' lang='lat' dir='ltr'><strong>vera</strong></span> <span class='ocrx_word' id='word_1_136' title='bbox 454 1837 567 1895; x_wconf 89' lang='lat' dir='ltr'><strong>cultura</strong></span> <span class='ocrx_word' id='word_1_137' title='bbox 598 1841 731 1895; x_wconf 84' lang='lat' dir='ltr'><strong>constare</strong></span> <span class='ocrx_word' id='word_1_138' title='bbox 758 1840 862 1908; x_wconf 88' lang='lat' dir='ltr'><strong>potest</strong></span> <span class='ocrx_word' id='word_1_139' title='bbox 915 1835 1030 1909; x_wconf 86' lang='lat' dir='ltr'><strong>Pugnat</strong></span> <span class='ocrx_word' id='word_1_140' title='bbox 1058 1835 1182 1908; x_wconf 90' lang='lat' dir='ltr'><strong>denique</strong></span> <span class='ocrx_word' id='word_1_141' title='bbox 1213 1833 1351 1894; x_wconf 79' lang='lat' dir='ltr'><strong>adversm</strong></span> <span class='ocrx_word' id='word_1_142' title='bbox 1375 1850 1441 1893; x_wconf 82' lang='lat' dir='ltr'><strong>eam</strong></span> 
     </span>
     <span class='ocr_line' id='line_1_17' title="bbox 225 1937 1440 2014; baseline 0 -16"><span class='ocrx_word' id='word_1_143' title='bbox 225 1944 414 2014; x_wconf 88' lang='lat' dir='ltr'><strong>potestatem,</strong></span> <span class='ocrx_word' id='word_1_144' title='bbox 444 1955 518 2012; x_wconf 89' lang='lat' dir='ltr'><strong>quac</strong></span> <span class='ocrx_word' id='word_1_145' title='bbox 546 1941 578 1997; x_wconf 90' lang='lat' dir='ltr'><strong>iu</strong></span> <span class='ocrx_word' id='word_1_146' title='bbox 606 1939 754 1999; x_wconf 88' lang='lat' dir='ltr'><strong>miscendo</strong></span> <span class='ocrx_word' id='word_1_147' title='bbox 780 1937 926 1998; x_wconf 83' lang='lat' dir='ltr'><strong>Christum</strong></span> <span class='ocrx_word' id='word_1_148' title='bbox 953 1945 985 1998; x_wconf 91' lang='lat' dir='ltr'><strong>et</strong></span> <span class='ocrx_word' id='word_1_149' title='bbox 1010 1939 1104 1998; x_wconf 83' lang='lat' dir='ltr'><strong>Belial</strong></span> <span class='ocrx_word' id='word_1_150' title='bbox 1130 1939 1195 2012; x_wconf 91' lang='lat' dir='ltr'><strong>plus</strong></span> <span class='ocrx_word' id='word_1_151' title='bbox 1223 1938 1327 2012; x_wconf 91' lang='lat' dir='ltr'><strong>hodie,</strong></span> <span class='ocrx_word' id='word_1_152' title='bbox 1355 1953 1440 2012; x_wconf 79' lang='lat' dir='ltr'><strong>quem</strong></span> 
     </span>
     <span class='ocr_line' id='line_1_18' title="bbox 228 2042 978 2118; baseline 0 -16"><span class='ocrx_word' id='word_1_153' title='bbox 228 2059 354 2118; x_wconf 88' lang='lat' dir='ltr'><strong>unquam</strong></span> <span class='ocrx_word' id='word_1_154' title='bbox 375 2043 499 2102; x_wconf 85' lang='lat' dir='ltr'><strong>fortasse</strong></span> <span class='ocrx_word' id='word_1_155' title='bbox 522 2048 622 2117; x_wconf 87' lang='lat' dir='ltr'><strong>antee,</strong></span> <span class='ocrx_word' id='word_1_156' title='bbox 645 2044 825 2118; x_wconf 78' lang='lat' dir='ltr'><strong>praestitisse</strong></span> <span class='ocrx_word' id='word_1_157' title='bbox 847 2042 978 2102; x_wconf 85' lang='lat' dir='ltr'><strong>vidimus.</strong></span> 
     </span>
    </p>
   </div>
   <div class='ocr_carea' id='block_1_5' title="bbox 227 2163 1450 4316">
    <p class='ocr_par' dir='ltr' id='par_1_5' title="bbox 227 2163 1450 4316">
     <span class='ocr_line' id='line_1_19' title="bbox 315 2163 1441 2239; baseline 0 -17"><span class='ocrx_word' id='word_1_158' title='bbox 315 2164 396 2236; x_wconf 78' lang='lat' dir='ltr'><strong>Quae</strong></span> <span class='ocrx_word' id='word_1_159' title='bbox 426 2163 504 2236; x_wconf 91' lang='lat' dir='ltr'><strong>apud</strong></span> <span class='ocrx_word' id='word_1_160' title='bbox 524 2163 634 2224; x_wconf 66' lang='lat' dir='ltr'><strong>Reum</strong></span> <span class='ocrx_word' id='word_1_161' title='bbox 662 2165 789 2224; x_wconf 86' lang='lat' dir='ltr'><strong>asseclas</strong></span> <span class='ocrx_word' id='word_1_162' title='bbox 819 2165 993 2225; x_wconf 84' lang='lat' dir='ltr'><strong>christianae</strong></span> <span class='ocrx_word' id='word_1_163' title='bbox 1018 2165 1166 2239; x_wconf 77' lang='lat' dir='ltr'><strong>religionis</strong></span> <span class='ocrx_word' id='word_1_164' title='bbox 1189 2164 1330 2238; x_wconf 85' lang='lat' dir='ltr'><strong>reliquiae</strong></span> <span class='ocrx_word' id='word_1_165' title='bbox 1352 2164 1441 2222; x_wconf 86' lang='lat' dir='ltr'><strong>etiem</strong></span> 
     </span>
     <span class='ocr_line' id='line_1_20' title="bbox 229 2267 1442 2342; baseline -0.002 -15"><span class='ocrx_word' id='word_1_166' title='bbox 229 2271 261 2328; x_wconf 93' lang='lat' dir='ltr'><strong>in</strong></span> <span class='ocrx_word' id='word_1_167' title='bbox 281 2268 430 2342; x_wconf 84' lang='lat' dir='ltr'><strong>praesenti</strong></span> <span class='ocrx_word' id='word_1_168' title='bbox 452 2282 550 2340; x_wconf 88' lang='lat' dir='ltr'><strong>pugna</strong></span> <span class='ocrx_word' id='word_1_169' title='bbox 567 2269 673 2340; x_wconf 88' lang='lat' dir='ltr'><strong>passim</strong></span> <span class='ocrx_word' id='word_1_170' title='bbox 697 2270 831 2342; x_wconf 75' lang='lat' dir='ltr'><strong>emicant,</strong></span> <span class='ocrx_word' id='word_1_171' title='bbox 854 2285 905 2328; x_wconf 89' lang='lat' dir='ltr'><strong>eas</strong></span> <span class='ocrx_word' id='word_1_172' title='bbox 920 2285 1102 2342; x_wconf 86' lang='lat' dir='ltr'><strong>nequaquam</strong></span> <span class='ocrx_word' id='word_1_173' title='bbox 1116 2269 1290 2342; x_wconf 86' lang='lat' dir='ltr'><strong>ignoremus.</strong></span> <span class='ocrx_word' id='word_1_174' title='bbox 1324 2267 1397 2327; x_wconf 83' lang='lat' dir='ltr'><strong>Sunt</strong></span> <span class='ocrx_word' id='word_1_175' title='bbox 1411 2267 1442 2325; x_wconf 91' lang='lat' dir='ltr'><strong>in</strong></span> 
     </span>
     <span class='ocr_line' id='line_1_21' title="bbox 227 2370 1443 2446; baseline -0.002 -14"><span class='ocrx_word' id='word_1_176' title='bbox 227 2373 313 2446; x_wconf 90' lang='lat' dir='ltr'><strong>plebe</strong></span> <span class='ocrx_word' id='word_1_177' title='bbox 345 2371 476 2430; x_wconf 84' lang='lat' dir='ltr'><strong>homines</strong></span> <span class='ocrx_word' id='word_1_178' title='bbox 503 2370 626 2443; x_wconf 86' lang='lat' dir='ltr'><strong>simplici</strong></span> <span class='ocrx_word' id='word_1_179' title='bbox 654 2387 689 2428; x_wconf 92' lang='lat' dir='ltr'><strong>ac</strong></span> <span class='ocrx_word' id='word_1_180' title='bbox 716 2371 807 2444; x_wconf 84' lang='lat' dir='ltr'><strong>proba</strong></span> <span class='ocrx_word' id='word_1_181' title='bbox 833 2371 957 2446; x_wconf 86' lang='lat' dir='ltr'><strong>pietate,</strong></span> <span class='ocrx_word' id='word_1_182' title='bbox 989 2374 1052 2446; x_wconf 91' lang='lat' dir='ltr'><strong>qni,</strong></span> <span class='ocrx_word' id='word_1_183' title='bbox 1085 2371 1157 2431; x_wconf 92' lang='lat' dir='ltr'><strong>nihil</strong></span> <span class='ocrx_word' id='word_1_184' title='bbox 1184 2373 1254 2432; x_wconf 85' lang='lat' dir='ltr'><strong>mali</strong></span> <span class='ocrx_word' id='word_1_185' title='bbox 1283 2372 1443 2432; x_wconf 81' lang='lat' dir='ltr'><strong>decencia</strong></span> 
     </span>
     <span class='ocr_line' id='line_1_22' title="bbox 231 2472 1443 2551; baseline 0.002 -17"><span class='ocrx_word' id='word_1_186' title='bbox 231 2475 357 2535; x_wconf 88' lang='lat' dir='ltr'><strong>ecclesia</strong></span> <span class='ocrx_word' id='word_1_187' title='bbox 386 2473 540 2546; x_wconf 85' lang='lat' dir='ltr'><strong>suspicati,</strong></span> <span class='ocrx_word' id='word_1_188' title='bbox 572 2472 649 2531; x_wconf 94' lang='lat' dir='ltr'><strong>bona</strong></span> <span class='ocrx_word' id='word_1_189' title='bbox 679 2472 737 2532; x_wconf 88' lang='lat' dir='ltr'><strong>fide</strong></span> <span class='ocrx_word' id='word_1_190' title='bbox 764 2474 963 2534; x_wconf 85' lang='lat' dir='ltr'><strong>sacerdotibus</strong></span> <span class='ocrx_word' id='word_1_191' title='bbox 995 2477 1038 2535; x_wconf 91' lang='lat' dir='ltr'><strong>uti</strong></span> <span class='ocrx_word' id='word_1_192' title='bbox 1065 2477 1129 2536; x_wconf 89' lang='lat' dir='ltr'><strong>Deo</strong></span> <span class='ocrx_word' id='word_1_193' title='bbox 1155 2477 1211 2550; x_wconf 91' lang='lat' dir='ltr'><strong>ipsi</strong></span> <span class='ocrx_word' id='word_1_194' title='bbox 1240 2476 1443 2551; x_wconf 84' lang='lat' dir='ltr'><strong>obsequuntur,</strong></span> 
     </span>
     <span class='ocr_line' id='line_1_23' title="bbox 231 2575 1443 2659; baseline 0.001 -21"><span class='ocrx_word' id='word_1_195' title='bbox 231 2578 268 2638; x_wconf 82' lang='lat' dir='ltr'><strong>ud</strong></span> <span class='ocrx_word' id='word_1_196' title='bbox 290 2575 498 2652; x_wconf 84' lang='lat' dir='ltr'><strong>praestandum</strong></span> <span class='ocrx_word' id='word_1_197' title='bbox 524 2575 661 2648; x_wconf 89' lang='lat' dir='ltr'><strong>quidquid</strong></span> <span class='ocrx_word' id='word_1_198' title='bbox 683 2577 782 2635; x_wconf 85' lang='lat' dir='ltr'><strong>valent</strong></span> <span class='ocrx_word' id='word_1_199' title='bbox 803 2579 908 2650; x_wconf 90' lang='lat' dir='ltr'><strong>parati.</strong></span> <span class='ocrx_word' id='word_1_200' title='bbox 952 2579 1025 2639; x_wconf 88' lang='lat' dir='ltr'><strong>Sunt</strong></span> <span class='ocrx_word' id='word_1_201' title='bbox 1052 2579 1234 2655; x_wconf 85' lang='lat' dir='ltr'><strong>sacerdotes,</strong></span> <span class='ocrx_word' id='word_1_202' title='bbox 1264 2582 1328 2659; x_wconf 87' lang='lat' dir='ltr'><strong>qui,</strong></span> <span class='ocrx_word' id='word_1_203' title='bbox 1357 2581 1443 2639; x_wconf 91' lang='lat' dir='ltr'><strong>simili</strong></span> 
     </span>
     <span class='ocr_line' id='line_1_24' title="bbox 232 2679 1444 2757; baseline 0.003 -17"><span class='ocrx_word' id='word_1_204' title='bbox 232 2681 417 2756; x_wconf 81' lang='lat' dir='ltr'><strong>simplicitate</strong></span> <span class='ocrx_word' id='word_1_205' title='bbox 446 2679 535 2739; x_wconf 84' lang='lat' dir='ltr'><strong>enimi</strong></span> <span class='ocrx_word' id='word_1_206' title='bbox 558 2679 701 2753; x_wconf 89' lang='lat' dir='ltr'><strong>episcopis</strong></span> <span class='ocrx_word' id='word_1_207' title='bbox 731 2679 918 2756; x_wconf 88' lang='lat' dir='ltr'><strong>obedientes,</strong></span> <span class='ocrx_word' id='word_1_208' title='bbox 952 2683 1076 2742; x_wconf 83' lang='lat' dir='ltr'><strong>civitatis</strong></span> <span class='ocrx_word' id='word_1_209' title='bbox 1102 2685 1183 2757; x_wconf 83' lang='lat' dir='ltr'><strong>J&#39;ussu</strong></span> <span class='ocrx_word' id='word_1_210' title='bbox 1208 2685 1350 2757; x_wconf 83' lang='lat' dir='ltr'><strong>quaedem</strong></span> <span class='ocrx_word' id='word_1_211' title='bbox 1380 2686 1444 2744; x_wconf 88' lang='lat' dir='ltr'><strong>sine</strong></span> 
     </span>
     <span class='ocr_line' id='line_1_25' title="bbox 230 2782 1445 2867; baseline 0.003 -24"><span class='ocrx_word' id='word_1_212' title='bbox 230 2785 384 2845; x_wconf 85' lang='lat' dir='ltr'><strong>leuatismo</strong></span> <span class='ocrx_word' id='word_1_213' title='bbox 411 2782 569 2858; x_wconf 89' lang='lat' dir='ltr'><strong>negligant.</strong></span> <span class='ocrx_word' id='word_1_214' title='bbox 614 2782 653 2841; x_wconf 91' lang='lat' dir='ltr'><strong>Hi</strong></span> <span class='ocrx_word' id='word_1_215' title='bbox 675 2799 784 2856; x_wconf 87' lang='lat' dir='ltr'><strong>poenas</strong></span> <span class='ocrx_word' id='word_1_216' title='bbox 808 2790 838 2842; x_wconf 91' lang='lat' dir='ltr'><strong>ct</strong></span> <span class='ocrx_word' id='word_1_217' title='bbox 860 2791 1062 2859; x_wconf 86' lang='lat' dir='ltr'><strong>paupertatem</strong></span> <span class='ocrx_word' id='word_1_218' title='bbox 1086 2782 1186 2867; x_wconf 86' lang='lat' dir='ltr'><strong>(quum</strong></span> <span class='ocrx_word' id='word_1_219' title='bbox 1204 2804 1263 2846; x_wconf 93' lang='lat' dir='ltr'><strong>non</strong></span> <span class='ocrx_word' id='word_1_220' title='bbox 1284 2786 1445 2847; x_wconf 88' lang='lat' dir='ltr'><strong>obedieuti-</strong></span> 
     </span>
     <span class='ocr_line' id='line_1_26' title="bbox 232 2885 1445 2968; baseline 0.002 -20"><span class='ocrx_word' id='word_1_221' title='bbox 232 2890 285 2948; x_wconf 88' lang='lat' dir='ltr'><strong>bus</strong></span> <span class='ocrx_word' id='word_1_222' title='bbox 307 2888 444 2948; x_wconf 83' lang='lat' dir='ltr'><strong>solarium</strong></span> <span class='ocrx_word' id='word_1_223' title='bbox 467 2889 532 2962; x_wconf 91' lang='lat' dir='ltr'><strong>lege</strong></span> <span class='ocrx_word' id='word_1_224' title='bbox 556 2887 634 2946; x_wconf 84' lang='lat' dir='ltr'><strong>civili</strong></span> <span class='ocrx_word' id='word_1_225' title='bbox 649 2887 828 2947; x_wconf 86' lang='lat' dir='ltr'><strong>dectrsctum</strong></span> <span class='ocrx_word' id='word_1_226' title='bbox 843 2885 895 2968; x_wconf 85' lang='lat' dir='ltr'><strong>sit)</strong></span> <span class='ocrx_word' id='word_1_227' title='bbox 915 2891 1061 2963; x_wconf 90' lang='lat' dir='ltr'><strong>patienter</strong></span> <span class='ocrx_word' id='word_1_228' title='bbox 1075 2906 1111 2948; x_wconf 90' lang='lat' dir='ltr'><strong>ae</strong></span> <span class='ocrx_word' id='word_1_229' title='bbox 1126 2891 1215 2950; x_wconf 84' lang='lat' dir='ltr'><strong>tacite</strong></span> <span class='ocrx_word' id='word_1_230' title='bbox 1237 2889 1343 2965; x_wconf 84' lang='lat' dir='ltr'><strong>lerunt,</strong></span> <span class='ocrx_word' id='word_1_231' title='bbox 1366 2897 1445 2950; x_wconf 86' lang='lat' dir='ltr'><strong>tren-</strong></span> 
     </span>
     <span class='ocr_line' id='line_1_27' title="bbox 231 2988 1446 3068; baseline 0.003 -17"><span class='ocrx_word' id='word_1_232' title='bbox 231 2993 312 3066; x_wconf 91' lang='lat' dir='ltr'><strong>quilli</strong></span> <span class='ocrx_word' id='word_1_233' title='bbox 342 2997 372 3050; x_wconf 90' lang='lat' dir='ltr'><strong>et</strong></span> <span class='ocrx_word' id='word_1_234' title='bbox 398 2991 554 3065; x_wconf 80' lang='lat' dir='ltr'><strong>diligentes</strong></span> <span class='ocrx_word' id='word_1_235' title='bbox 584 2988 681 3050; x_wconf 87' lang='lat' dir='ltr'><strong>officie</strong></span> <span class='ocrx_word' id='word_1_236' title='bbox 711 3008 763 3050; x_wconf 89' lang='lat' dir='ltr'><strong>sua</strong></span> <span class='ocrx_word' id='word_1_237' title='bbox 784 2990 951 3066; x_wconf 87' lang='lat' dir='ltr'><strong>perficiunt,</strong></span> <span class='ocrx_word' id='word_1_238' title='bbox 981 2994 1109 3054; x_wconf 88' lang='lat' dir='ltr'><strong>acriores</strong></span> <span class='ocrx_word' id='word_1_239' title='bbox 1131 2992 1267 3068; x_wconf 84' lang='lat' dir='ltr'><strong>allectus,</strong></span> <span class='ocrx_word' id='word_1_240' title='bbox 1289 2995 1339 3054; x_wconf 87' lang='lat' dir='ltr'><strong>ubi</strong></span> <span class='ocrx_word' id='word_1_241' title='bbox 1361 2996 1446 3055; x_wconf 91' lang='lat' dir='ltr'><strong>obre-</strong></span> 
     </span>
     <span class='ocr_line' id='line_1_28' title="bbox 231 3095 1448 3174; baseline 0.002 -19"><span class='ocrx_word' id='word_1_242' title='bbox 231 3101 303 3172; x_wconf 90' lang='lat' dir='ltr'><strong>punt</strong></span> <span class='ocrx_word' id='word_1_243' title='bbox 337 3095 393 3170; x_wconf 90' lang='lat' dir='ltr'><strong>eis,</strong></span> <span class='ocrx_word' id='word_1_244' title='bbox 426 3097 596 3169; x_wconf 89' lang='lat' dir='ltr'><strong>reprimunt</strong></span> <span class='ocrx_word' id='word_1_245' title='bbox 646 3095 728 3155; x_wconf 85' lang='lat' dir='ltr'><strong>Novo</strong></span> <span class='ocrx_word' id='word_1_246' title='bbox 761 3097 888 3171; x_wconf 84' lang='lat' dir='ltr'><strong>dogmati</strong></span> <span class='ocrx_word' id='word_1_247' title='bbox 924 3113 957 3157; x_wconf 90' lang='lat' dir='ltr'><strong>se</strong></span> <span class='ocrx_word' id='word_1_248' title='bbox 997 3097 1200 3174; x_wconf 68' lang='lat' dir='ltr'><strong>subjecerunt,</strong></span> <span class='ocrx_word' id='word_1_249' title='bbox 1233 3098 1283 3157; x_wconf 84' lang='lat' dir='ltr'><strong>alii</strong></span> <span class='ocrx_word' id='word_1_250' title='bbox 1311 3099 1448 3158; x_wconf 88' lang='lat' dir='ltr'><strong>similiter</strong></span> 
     </span>
     <span class='ocr_line' id='line_1_29' title="bbox 232 3199 1448 3278; baseline 0.002 -18"><span class='ocrx_word' id='word_1_251' title='bbox 232 3203 319 3274; x_wconf 77' lang='lat' dir='ltr'><strong>atque</strong></span> <span class='ocrx_word' id='word_1_252' title='bbox 341 3199 475 3260; x_wconf 71' lang='lat' dir='ltr'><strong>Herelius</strong></span> <span class='ocrx_word' id='word_1_253' title='bbox 495 3215 553 3258; x_wconf 92' lang='lat' dir='ltr'><strong>non</strong></span> <span class='ocrx_word' id='word_1_254' title='bbox 575 3199 637 3259; x_wconf 88' lang='lat' dir='ltr'><strong>sine</strong></span> <span class='ocrx_word' id='word_1_255' title='bbox 660 3216 764 3274; x_wconf 91' lang='lat' dir='ltr'><strong>magno</strong></span> <span class='ocrx_word' id='word_1_256' title='bbox 780 3202 870 3260; x_wconf 87' lang='lat' dir='ltr'><strong>animi</strong></span> <span class='ocrx_word' id='word_1_257' title='bbox 892 3202 1037 3276; x_wconf 84' lang='lat' dir='ltr'><strong>cruciatu,</strong></span> <span class='ocrx_word' id='word_1_258' title='bbox 1059 3203 1110 3261; x_wconf 79' lang='lat' dir='ltr'><strong>ulii</strong></span> <span class='ocrx_word' id='word_1_259' title='bbox 1124 3203 1295 3276; x_wconf 76' lang='lat' dir='ltr'><strong>praesertim</strong></span> <span class='ocrx_word' id='word_1_260' title='bbox 1314 3203 1448 3278; x_wconf 87' lang='lat' dir='ltr'><strong>juniores</strong></span> 
     </span>
     <span class='ocr_line' id='line_1_30' title="bbox 231 3303 1448 3380; baseline 0.004 -18"><span class='ocrx_word' id='word_1_261' title='bbox 231 3303 354 3363; x_wconf 78' lang='lat' dir='ltr'><strong>facilius.</strong></span> <span class='ocrx_word' id='word_1_262' title='bbox 399 3303 538 3364; x_wconf 83' lang='lat' dir='ltr'><strong>Ceterum</strong></span> <span class='ocrx_word' id='word_1_263' title='bbox 558 3305 589 3362; x_wconf 90' lang='lat' dir='ltr'><strong>in</strong></span> <span class='ocrx_word' id='word_1_264' title='bbox 605 3320 704 3363; x_wconf 86' lang='lat' dir='ltr'><strong>curum</strong></span> <span class='ocrx_word' id='word_1_265' title='bbox 718 3307 815 3380; x_wconf 91' lang='lat' dir='ltr'><strong>gregis</strong></span> <span class='ocrx_word' id='word_1_266' title='bbox 836 3307 881 3364; x_wconf 89' lang='lat' dir='ltr'><strong>sui</strong></span> <span class='ocrx_word' id='word_1_267' title='bbox 902 3306 1101 3367; x_wconf 86' lang='lat' dir='ltr'><strong>incumbentes</strong></span> <span class='ocrx_word' id='word_1_268' title='bbox 1116 3307 1213 3366; x_wconf 81' lang='lat' dir='ltr'><strong>eliens</strong></span> <span class='ocrx_word' id='word_1_269' title='bbox 1227 3323 1313 3380; x_wconf 86' lang='lat' dir='ltr'><strong>qnam</strong></span> <span class='ocrx_word' id='word_1_270' title='bbox 1327 3307 1448 3368; x_wconf 90' lang='lat' dir='ltr'><strong>minime</strong></span> 
     </span>
     <span class='ocr_line' id='line_1_31' title="bbox 233 3408 1449 3486; baseline 0.006 -21"><span class='ocrx_word' id='word_1_271' title='bbox 233 3413 344 3466; x_wconf 86' lang='lat' dir='ltr'><strong>curant</strong></span> <span class='ocrx_word' id='word_1_272' title='bbox 382 3408 518 3480; x_wconf 87' lang='lat' dir='ltr'><strong>Plerique</strong></span> <span class='ocrx_word' id='word_1_273' title='bbox 540 3409 619 3467; x_wconf 89' lang='lat' dir='ltr'><strong>inter</strong></span> <span class='ocrx_word' id='word_1_274' title='bbox 632 3408 736 3468; x_wconf 87' lang='lat' dir='ltr'><strong>diurna</strong></span> <span class='ocrx_word' id='word_1_275' title='bbox 750 3411 987 3486; x_wconf 82' lang='lat' dir='ltr'><strong>negotiosorum,</strong></span> <span class='ocrx_word' id='word_1_276' title='bbox 1010 3428 1084 3485; x_wconf 89' lang='lat' dir='ltr'><strong>quae</strong></span> <span class='ocrx_word' id='word_1_277' title='bbox 1104 3411 1134 3470; x_wconf 90' lang='lat' dir='ltr'><strong>iu</strong></span> <span class='ocrx_word' id='word_1_278' title='bbox 1147 3411 1279 3472; x_wconf 86' lang='lat' dir='ltr'><strong>Romane</strong></span> <span class='ocrx_word' id='word_1_279' title='bbox 1292 3411 1449 3486; x_wconf 86' lang='lat' dir='ltr'><strong>tyrannide</strong></span> 
     </span>
     <span class='ocr_line' id='line_1_32' title="bbox 228 3511 1449 3586; baseline 0.005 -17"><span class='ocrx_word' id='word_1_280' title='bbox 228 3513 297 3586; x_wconf 88' lang='lat' dir='ltr'><strong>jure</strong></span> <span class='ocrx_word' id='word_1_281' title='bbox 326 3511 539 3586; x_wconf 87' lang='lat' dir='ltr'><strong>vituperantur,</strong></span> <span class='ocrx_word' id='word_1_282' title='bbox 568 3513 694 3586; x_wconf 89' lang='lat' dir='ltr'><strong>pessima</strong></span> <span class='ocrx_word' id='word_1_283' title='bbox 723 3515 770 3573; x_wconf 84' lang='lat' dir='ltr'><strong>vel</strong></span> <span class='ocrx_word' id='word_1_284' title='bbox 796 3530 854 3572; x_wconf 91' lang='lat' dir='ltr'><strong>non</strong></span> <span class='ocrx_word' id='word_1_285' title='bbox 881 3515 1015 3575; x_wconf 74' lang='lat' dir='ltr'><strong>videram</strong></span> <span class='ocrx_word' id='word_1_286' title='bbox 1042 3517 1090 3576; x_wconf 86' lang='lat' dir='ltr'><strong>vel</strong></span> <span class='ocrx_word' id='word_1_287' title='bbox 1113 3517 1201 3576; x_wconf 84' lang='lat' dir='ltr'><strong>facile</strong></span> <span class='ocrx_word' id='word_1_288' title='bbox 1231 3516 1449 3576; x_wconf 86' lang='lat' dir='ltr'><strong>obliviscuntur.</strong></span> 
     </span>
     <span class='ocr_line' id='line_1_33' title="bbox 233 3614 1449 3692; baseline 0.005 -20"><span class='ocrx_word' id='word_1_289' title='bbox 233 3614 411 3688; x_wconf 80' lang='lat' dir='ltr'><strong>Quamquam</strong></span> <span class='ocrx_word' id='word_1_290' title='bbox 432 3615 635 3688; x_wconf 87' lang='lat' dir='ltr'><strong>prudentiores</strong></span> <span class='ocrx_word' id='word_1_291' title='bbox 657 3617 687 3674; x_wconf 91' lang='lat' dir='ltr'><strong>in</strong></span> <span class='ocrx_word' id='word_1_292' title='bbox 708 3618 758 3692; x_wconf 91' lang='lat' dir='ltr'><strong>iis,</strong></span> <span class='ocrx_word' id='word_1_293' title='bbox 781 3633 857 3690; x_wconf 86' lang='lat' dir='ltr'><strong>quse</strong></span> <span class='ocrx_word' id='word_1_294' title='bbox 871 3617 1116 3679; x_wconf 84' lang='lat' dir='ltr'><strong>Pslacocatholioi</strong></span> <span class='ocrx_word' id='word_1_295' title='bbox 1137 3619 1253 3678; x_wconf 90' lang='lat' dir='ltr'><strong>mitiora</strong></span> <span class='ocrx_word' id='word_1_296' title='bbox 1272 3625 1303 3679; x_wconf 90' lang='lat' dir='ltr'><strong>et</strong></span> <span class='ocrx_word' id='word_1_297' title='bbox 1317 3619 1449 3679; x_wconf 73' lang='lat' dir='ltr'><strong>mutiero</strong></span> 
     </span>
     <span class='ocr_line' id='line_1_34' title="bbox 233 3717 1449 3802; baseline 0.004 -25"><span class='ocrx_word' id='word_1_298' title='bbox 233 3718 427 3792; x_wconf 88' lang='lat' dir='ltr'><strong>scripserunt,</strong></span> <span class='ocrx_word' id='word_1_299' title='bbox 458 3721 520 3778; x_wconf 81' lang='lat' dir='ltr'><strong>veri</strong></span> <span class='ocrx_word' id='word_1_300' title='bbox 552 3719 662 3793; x_wconf 89' lang='lat' dir='ltr'><strong>aliquid</strong></span> <span class='ocrx_word' id='word_1_301' title='bbox 688 3721 785 3780; x_wconf 89' lang='lat' dir='ltr'><strong>inesse</strong></span> <span class='ocrx_word' id='word_1_302' title='bbox 815 3729 983 3795; x_wconf 86' lang='lat' dir='ltr'><strong>agnoscunt</strong></span> <span class='ocrx_word' id='word_1_303' title='bbox 1032 3725 1105 3784; x_wconf 88' lang='lat' dir='ltr'><strong>Sunt</strong></span> <span class='ocrx_word' id='word_1_304' title='bbox 1132 3726 1209 3783; x_wconf 91' lang='lat' dir='ltr'><strong>inter</strong></span> <span class='ocrx_word' id='word_1_305' title='bbox 1231 3740 1282 3784; x_wconf 90' lang='lat' dir='ltr'><strong>eos</strong></span> <span class='ocrx_word' id='word_1_306' title='bbox 1304 3717 1349 3802; x_wconf 91' lang='lat' dir='ltr'><strong>(id</strong></span> <span class='ocrx_word' id='word_1_307' title='bbox 1371 3723 1449 3796; x_wconf 90' lang='lat' dir='ltr'><strong>quod</strong></span> 
     </span>
     <span class='ocr_line' id='line_1_35' title="bbox 233 3821 1448 3900; baseline 0.003 -18"><span class='ocrx_word' id='word_1_308' title='bbox 233 3839 331 3882; x_wconf 87' lang='lat' dir='ltr'><strong>coram</strong></span> <span class='ocrx_word' id='word_1_309' title='bbox 358 3821 482 3897; x_wconf 77' lang='lat' dir='ltr'><strong>audivi),</strong></span> <span class='ocrx_word' id='word_1_310' title='bbox 510 3824 558 3896; x_wconf 89' lang='lat' dir='ltr'><strong>qui</strong></span> <span class='ocrx_word' id='word_1_311' title='bbox 588 3824 675 3897; x_wconf 86' lang='lat' dir='ltr'><strong>plane</strong></span> <span class='ocrx_word' id='word_1_312' title='bbox 704 3825 829 3897; x_wconf 90' lang='lat' dir='ltr'><strong>probent</strong></span> <span class='ocrx_word' id='word_1_313' title='bbox 851 3825 988 3884; x_wconf 83' lang='lat' dir='ltr'><strong>Reusehii</strong></span> <span class='ocrx_word' id='word_1_314' title='bbox 1019 3827 1149 3887; x_wconf 91' lang='lat' dir='ltr'><strong>libellum</strong></span> <span class='ocrx_word' id='word_1_315' title='bbox 1171 3832 1274 3886; x_wconf 90' lang='lat' dir='ltr'><strong>contra</strong></span> <span class='ocrx_word' id='word_1_316' title='bbox 1296 3827 1448 3900; x_wconf 90' lang='lat' dir='ltr'><strong>episcopos</strong></span> 
     </span>
     <span class='ocr_line' id='line_1_36' title="bbox 233 3925 1450 4004; baseline 0.004 -20"><span class='ocrx_word' id='word_1_317' title='bbox 233 3927 264 3984; x_wconf 92' lang='lat' dir='ltr'><strong>in</strong></span> <span class='ocrx_word' id='word_1_318' title='bbox 291 3925 465 3986; x_wconf 79' lang='lat' dir='ltr'><strong>foedissimis</strong></span> <span class='ocrx_word' id='word_1_319' title='bbox 486 3927 738 4000; x_wconf 86' lang='lat' dir='ltr'><strong>superstitionibus</strong></span> <span class='ocrx_word' id='word_1_320' title='bbox 763 3929 950 3989; x_wconf 80' lang='lat' dir='ltr'><strong>conniventes</strong></span> <span class='ocrx_word' id='word_1_321' title='bbox 972 3932 1164 4003; x_wconf 88' lang='lat' dir='ltr'><strong>compositum.</strong></span> <span class='ocrx_word' id='word_1_322' title='bbox 1209 3931 1313 4004; x_wconf 87' lang='lat' dir='ltr'><strong>Neque</strong></span> <span class='ocrx_word' id='word_1_323' title='bbox 1335 3929 1450 4004; x_wconf 89' lang='lat' dir='ltr'><strong>dubito,</strong></span> 
     </span>
     <span class='ocr_line' id='line_1_37' title="bbox 233 4031 1449 4108; baseline 0.004 -21"><span class='ocrx_word' id='word_1_324' title='bbox 233 4031 303 4102; x_wconf 90' lang='lat' dir='ltr'><strong>quin</strong></span> <span class='ocrx_word' id='word_1_325' title='bbox 330 4031 468 4104; x_wconf 84' lang='lat' dir='ltr'><strong>permulti</strong></span> <span class='ocrx_word' id='word_1_326' title='bbox 498 4031 594 4090; x_wconf 89' lang='lat' dir='ltr'><strong>animo</strong></span> <span class='ocrx_word' id='word_1_327' title='bbox 624 4031 655 4090; x_wconf 92' lang='lat' dir='ltr'><strong>id</strong></span> <span class='ocrx_word' id='word_1_328' title='bbox 681 4049 793 4106; x_wconf 86' lang='lat' dir='ltr'><strong>quoque</strong></span> <span class='ocrx_word' id='word_1_329' title='bbox 821 4049 877 4092; x_wconf 92' lang='lat' dir='ltr'><strong>non</strong></span> <span class='ocrx_word' id='word_1_330' title='bbox 904 4033 1038 4108; x_wconf 90' lang='lat' dir='ltr'><strong>laudent,</strong></span> <span class='ocrx_word' id='word_1_331' title='bbox 1067 4033 1143 4107; x_wconf 88' lang='lat' dir='ltr'><strong>quod</strong></span> <span class='ocrx_word' id='word_1_332' title='bbox 1171 4035 1300 4108; x_wconf 90' lang='lat' dir='ltr'><strong>episcopi</strong></span> <span class='ocrx_word' id='word_1_333' title='bbox 1328 4039 1449 4092; x_wconf 86' lang='lat' dir='ltr'><strong>cunctas</strong></span> 
     </span>
     <span class='ocr_line' id='line_1_38' title="bbox 234 4131 1449 4211; baseline 0.007 -23"><span class='ocrx_word' id='word_1_334' title='bbox 234 4131 317 4202; x_wconf 90' lang='lat' dir='ltr'><strong>leges</strong></span> <span class='ocrx_word' id='word_1_335' title='bbox 331 4132 427 4206; x_wconf 86' lang='lat' dir='ltr'><strong>Majss</strong></span> <span class='ocrx_word' id='word_1_336' title='bbox 448 4135 616 4207; x_wconf 77' lang='lat' dir='ltr'><strong>reJecerunt</strong></span> <span class='ocrx_word' id='word_1_337' title='bbox 638 4151 732 4208; x_wconf 88' lang='lat' dir='ltr'><strong>neque</strong></span> <span class='ocrx_word' id='word_1_338' title='bbox 755 4133 842 4194; x_wconf 88' lang='lat' dir='ltr'><strong>officii</strong></span> <span class='ocrx_word' id='word_1_339' title='bbox 865 4136 1014 4195; x_wconf 85' lang='lat' dir='ltr'><strong>christiani</strong></span> <span class='ocrx_word' id='word_1_340' title='bbox 1030 4153 1093 4196; x_wconf 89' lang='lat' dir='ltr'><strong>esse</strong></span> <span class='ocrx_word' id='word_1_341' title='bbox 1108 4137 1328 4211; x_wconf 86' lang='lat' dir='ltr'><strong>intellexerunt,</strong></span> <span class='ocrx_word' id='word_1_342' title='bbox 1354 4152 1449 4208; x_wconf 83' lang='lat' dir='ltr'><strong>pauca</strong></span> 
     </span>
     <span class='ocr_line' id='line_1_39' title="bbox 236 4238 1449 4316; baseline 0.007 -24"><span class='ocrx_word' id='word_1_343' title='bbox 236 4249 288 4310; x_wconf 89' lang='lat' dir='ltr'><strong>ea,</strong></span> <span class='ocrx_word' id='word_1_344' title='bbox 310 4251 383 4308; x_wconf 85' lang='lat' dir='ltr'><strong>quae</strong></span> <span class='ocrx_word' id='word_1_345' title='bbox 406 4239 486 4296; x_wconf 83' lang='lat' dir='ltr'><strong>salva</strong></span> <span class='ocrx_word' id='word_1_346' title='bbox 509 4238 685 4297; x_wconf 88' lang='lat' dir='ltr'><strong>conscientia</strong></span> <span class='ocrx_word' id='word_1_347' title='bbox 707 4239 822 4312; x_wconf 85' lang='lat' dir='ltr'><strong>impleri</strong></span> <span class='ocrx_word' id='word_1_348' title='bbox 836 4255 893 4298; x_wconf 91' lang='lat' dir='ltr'><strong>non</strong></span> <span class='ocrx_word' id='word_1_349' title='bbox 912 4244 1063 4316; x_wconf 81' lang='lat' dir='ltr'><strong>poterant,</strong></span> <span class='ocrx_word' id='word_1_350' title='bbox 1083 4239 1258 4315; x_wconf 86' lang='lat' dir='ltr'><strong>significare,</strong></span> <span class='ocrx_word' id='word_1_351' title='bbox 1280 4240 1385 4300; x_wconf 88' lang='lat' dir='ltr'><strong>ceteris</strong></span> <span class='ocrx_word' id='word_1_352' title='bbox 1401 4255 1449 4315; x_wconf 85' lang='lat' dir='ltr'><strong>ea,</strong></span> 
     </span>
    </p>
   </div>
   <div class='ocr_carea' id='block_1_6' title="bbox 323 4521 595 4589">
    <p class='ocr_par' dir='ltr' id='par_1_6' title="bbox 323 4521 595 4589">
     <span class='ocr_line' id='line_1_40' title="bbox 323 4521 595 4589; baseline 0 -17"><span class='ocrx_word' id='word_1_353' title='bbox 323 4523 349 4589; x_wconf 92' lang='lat'><strong>1)</strong></span> <span class='ocrx_word' id='word_1_354' title='bbox 366 4521 438 4572; x_wconf 84' lang='lat' dir='ltr'><strong>Rom.</strong></span> <span class='ocrx_word' id='word_1_355' title='bbox 461 4527 505 4586; x_wconf 81' lang='lat'><strong>1³,</strong></span> <span class='ocrx_word' id='word_1_356' title='bbox 529 4529 540 4572; x_wconf 85' lang='lat' dir='ltr'><strong>l</strong></span> <span class='ocrx_word' id='word_1_357' title='bbox 561 4537 595 4572; x_wconf 82' lang='lat' dir='ltr'><strong>ss.</strong></span> 
     </span>
    </p>
   </div>
   <div class='ocr_carea' id='block_1_7' title="bbox 0 0 1612 5086">
    <p class='ocr_par' dir='ltr' id='par_1_7' title="bbox 0 0 1612 5086">
     <span class='ocr_line' id='line_1_41' title="bbox 0 0 1612 5086; baseline 0 0"><span class='ocrx_word' id='word_1_358' title='bbox 0 0 1612 5086; x_wconf 95' lang='lat' dir='ltr'><strong> </strong></span> 
     </span>
    </p>
   </div>
  </div>
 </body>
</html>
