3156 5056
687 313 779 363 Osann
797 313 831 363 X.
1046 292 1055 305 Ἰ
1313 313 1365 368 229

149 527 191 588 ibi
221 528 429 588 condemnatos
456 544 538 602 esse,
569 527 622 586 sed
651 528 681 586 in
710 527 855 600 consiliis,
884 526 914 585 id
936 527 1012 600 quod
1039 533 1141 601 pateat
1164 545 1200 588 ex
1222 528 1365 601 prioribus

149 639 274 707 quatuor
299 632 415 707 synodis
444 632 640 707 generalibus.
700 633 801 705 ltaque
831 635 864 690 ut
891 630 1037 708 Lntherus
1065 632 1121 690 rite
1152 630 1316 706 audiretur,
1346 648 1366 690 a

151 736 278 796 Caesare
308 741 339 796 et
360 735 547 796 Electoribus
575 737 671 795 locum
698 741 728 796 et
758 743 870 809 tempus
896 735 1078 795 commodum
1101 735 1267 808 eligendum
1290 751 1365 810 esse,

149 843 226 900 siros
259 841 378 900 idoneos
412 858 478 900 cum
510 843 620 914 optima
653 841 810 900 securitate
846 840 1059 914 convocandum
1104 839 1242 914 expedire
1276 839 1365 899 etiam

150 951 290 1007 semestre
321 947 448 1020 spatium
477 945 611 1020 concedi,
644 951 674 1004 ut
704 946 759 1004 viri
785 945 862 1004 docti
889 945 987 1004 omnia
1013 945 1113 1020 legere
1141 949 1172 1003 et
1199 943 1364 1018 expendere

148 1057 279 1125 possent,
308 1067 346 1110 ne
376 1050 447 1124 quid
475 1049 692 1110 inconsiderate
721 1047 806 1110 fieret
834 1050 865 1108 in
893 1065 928 1108 re
953 1056 1012 1109 tam
1042 1050 1123 1124 gravi
1153 1053 1183 1108 et
1210 1047 1248 1106 ad
1274 1051 1364 1108 totam

150 1155 303 1215 eculanum
324 1153 508 1229 pertinente‘

238 1259 309 1318 Cum
331 1260 386 1319 boc
405 1259 514 1332 judicio
533 1259 671 1318 Erasmus
686 1259 828 1334 Fabrum,
851 1258 889 1318 ad
912 1259 1134 1319 celeberrimum
1155 1257 1364 1331 Pentingerum

150 1363 247 1424 Garuli
268 1365 463 1424 consiliarium
486 1364 578 1437 misit,
602 1363 701 1424 addita
720 1365 842 1438 epistola
861 1363 1113 1437 commendaticia,
1136 1379 1194 1436 qua
1212 1361 1364 1422 admodum

148 1469 309 1544 prudenter
342 1475 532 1543 exposuerat,
565 1468 703 1543 quidquid
737 1469 848 1544 egregii
879 1469 933 1528 viri
967 1469 1095 1528 animum
1128 1467 1166 1526 ed
1199 1465 1363 1526 iaciendum

149 1572 226 1646 qnod
258 1588 307 1632 res
339 1573 499 1646 postularet
529 1589 649 1633 monere
679 1577 786 1646 posset.
846 1573 1023 1632 Gravissima
1053 1589 1152 1632 rerum
1184 1571 1364 1645 publicarum

149 1677 282 1750 pericula
296 1677 403 1737 iterum
417 1677 560 1754 depingit,
576 1679 795 1753 magistratuum
811 1675 906 1736 officia
922 1676 1081 1752 signifieat,
1100 1693 1155 1736 nec
1171 1692 1242 1736 vero
1256 1675 1364 1734 omittit

149 1799 285 1857 monere,
307 1799 392 1856 quam
415 1783 523 1842 irmtra
544 1784 575 1842 in
598 1783 653 1842 hac
673 1797 883 1842 comumnes
905 1783 1039 1842 laborent
1060 1783 1110 1856 qui
1132 1781 1222 1840 alium
1244 1795 1363 1854 scopum

148 1887 205 1946 sibi
233 1893 396 1963 proponant
425 1893 512 1963 atque
543 1887 650 1949 Christi
680 1888 811 1962 gloriam.
862 1887 982 1962 ,Suum
1010 1887 1112 1961 illud‘,
1142 1887 1251 1961 inquit,
1281 1883 1364 1960 ‚hinc

148 1995 238 2064 atque
266 1991 334 2050 binc
363 1991 445 2051 tundi
471 1997 581 2068 potest,
611 1995 658 2052 cui
685 1993 857 2067 inscriptum
881 1997 927 2052 est
951 1992 1024 2051 illud
1044 1992 1197 2066 mysticum
1221 1988 1362 2062 elomum:

149 2095 237 2154 Novit
255 2096 395 2156 Dominus
417 2098 467 2170 qui
488 2104 555 2157 sunt
574 2099 672 2172 ipsius.
716 2098 858 2172 Quidquid
881 2113 900 2157 a
919 2097 1022 2170 spiritu
1038 2097 1146 2156 (lhristi
1164 2092 1363 2169 proficiscitur,

148 2215 208 2258 non
228 2205 325 2272 potest
347 2200 480 2260 humanis
502 2201 656 2275 praesidiis
676 2202 813 2276 opprimi,
835 2201 1017 2276 quantumvis
1036 2206 1201 2275 prematur;
1223 2194 1363 2270 quidquid

149 2303 282 2363 humanis
311 2307 439 2366 consiliis
469 2311 612 2380 tentatur,
645 2307 853 2380 temporarium
884 2312 944 2381 est,
976 2305 1159 2380 quantumvis
1193 2301 1362 2364 ardentibus

149 2407 252 2466 studiis
282 2413 398 2485 agatur,
431 2411 612 2484 quantumvis
641 2427 763 2484 operoso
792 2411 938 2469 molimine
965 2410 1003 2470 ad
1029 2409 1257 2483 perpetuitatem
1285 2421 1361 2465 com·

148 2512 318 2572 muniatur.‘
372 2514 481 2590 Adjicit
510 2515 555 2573 sui
584 2515 719 2574 similium
747 2531 805 2574 non
836 2531 901 2575 esse
931 2514 968 2574 de
998 2513 1169 2574 Pontificum
1199 2511 1362 2586 diplomatis

145 2617 295 2692 judicare,
323 2618 375 2678 sed
397 2635 416 2678 a
437 2619 534 2677 multis
553 2619 584 2677 in
606 2619 700 2694 bulla,
728 2636 814 2694 quam
840 2625 942 2680 cenna
963 2619 1125 2678 Lutherum
1147 2617 1264 2678 nuntius
1286 2615 1362 2675 Pon·

149 2720 254 2780 tilicius
283 2723 429 2797 attulerit,
458 2723 708 2783 mansuetudinem
739 2725 883 2784 mitissimi
909 2723 1016 2783 Christi
1043 2722 1214 2783 desiderari
1265 2721 1361 2794 Quare

147 2825 271 2885 Lnthem'
297 2842 413 2886 causam
438 2827 554 2886 arbitris
581 2828 688 2900 doctis,
717 2830 840 2903 integris
863 2835 892 2888 et
915 2829 952 2888 ab
974 2829 1052 2887 omni
1073 2827 1237 2901 suspicione
1258 2825 1362 2884 alienis

148 2929 341 3002 delegandam
364 2947 444 3006 esse,
466 2949 523 2992 non
545 2932 622 3005 quod
642 2933 776 2992 Pontifex
799 2935 836 2994 sit
858 2933 1004 3008 cogendus
1026 2935 1057 2992 iu
1072 2932 1205 2992 ordinem
1219 2935 1250 2988 et
1264 2929 1361 2989 alieno

147 3033 345 3106 subjiciendus
367 3035 505 3110 arbitrio,
532 3036 584 3096 sed
606 3037 683 3110 quod
711 3038 886 3112 sperandum
906 3039 945 3096 sit
966 3037 1075 3097 Leonis
1097 3037 1238 3110 pietatem
1260 3037 1363 3106 sponte

148 3139 350 3213 volentemque
379 3138 539 3216 iacturam,
567 3157 641 3214 quae
671 3140 707 3200 ad
739 3141 884 3215 publicam
913 3141 1089 3200 christianae
1111 3138 1261 3214 religioms
1282 3143 1362 3196 tran

148 3243 323 3316 quillitatem
346 3245 516 3304 conducant.
561 3245 654 3320 Hujus
684 3247 796 3306 consffii
825 3247 954 3306 rationes
975 3245 1119 3305 ioannem
1140 3243 1281 3318 Fubrum,
1308 3258 1362 3318 pro

147 3347 259 3406 meritis
293 3349 351 3406 suis
384 3349 709 3425 commendatissimum,
748 3351 891 3424 copiosius
925 3367 1023 3410 coram
1052 3349 1249 3424 expositurum
1280 3362 1362 3420 esse,

145 3453 268 3524 quaesi
290 3453 466 3528 placuerint,
495 3454 558 3528 ipse
581 3454 774 3528 Pentingerus
796 3471 867 3516 snae
889 3456 1063 3530 prudentiae
1087 3455 1237 3516 consilium
1259 3453 1362 3527 adjun-

147 3559 212 3629 gat,
234 3555 319 3615 utin
341 3557 521 3618 Wormatiae
542 3564 683 3618 conventu
703 3565 848 3620 statuatur
870 3560 993 3636 aliquid,
1022 3561 1098 3635 quod
1122 3560 1255 3620 omnibus
1276 3559 1362 3618 bonis

147 3655 349 3734 approbetur.¹
383 3662 464 3734 Quae
485 3663 581 3722 omnia
602 3663 712 3724 frustra
733 3681 791 3724 non
814 3664 904 3725 fuisse
926 3665 1004 3740 apud
1021 3665 1228 3741 Pentingerum
1251 3671 1361 3723 certum

147 3769 201 3823 est.
237 3765 321 3824 Hunc
343 3767 422 3824 enim
436 3765 616 3827 Wormatiae
638 3770 717 3828 inter
740 3787 790 3830 eos
812 3770 904 3831 fuisse
927 3776 1053 3846 constat,
1074 3771 1124 3844 qui
1141 3785 1251 3828 summo
1266 3769 1361 3828 studio

146 3867 328 3956 nitebantur,
357 3875 390 3928 ut
410 3869 532 3932 Lutberi
555 3875 719 3934 sententiae
748 3891 806 3932 non
834 3876 932 3948 specie
960 3874 1013 3934 sed
1039 3875 1116 3932 serio
1138 3871 1308 3932 audirentur
1331 3877 1362 3930 et

147 3973 393 4034 examinarentur.
437 3975 540 4050 Neque
562 3976 689 4036 dubitaui
711 3984 822 4052 potest,
851 3979 920 4051 quin
942 3977 993 4037 ille
1015 3977 1054 4036 ad
1076 3975 1270 4036 conciliandos
1292 3976 1361 4034 huic

145 4078 190 4136 rei
214 4094 279 4136 cum
302 4079 388 4154 alios,
411 4081 459 4154 qui
483 4080 601 4142 Caesari
624 4098 642 4140 a
665 4083 794 4142 conciliis
817 4087 915 4157 erant,
946 4087 1007 4141 tum
1028 4083 1121 4156 ipsum
1145 4080 1301 4142 Gaesarem
1323 4080 1361 4140 ab

145 4182 230 4240 initio
252 4183 329 4242 vires
350 4185 519 4245 intenderit

233 4287 268 4346 Id
290 4293 322 4347 ut
340 4305 480 4362 prospere
503 4291 689 4366 succederet,
711 4291 850 4350 Erasmus
868 4291 1006 4350 auxilium
1025 4291 1136 4348 laturus
1152 4291 1275 4350 alterum
1289 4289 1361 4349 illud

146 4391 223 4463 qnod
253 4390 376 4451 dimmus
402 4393 541 4468 iudicium
570 4397 633 4470 ipse
664 4396 835 4470 conscripsit
865 4401 896 4456 et
924 4396 987 4455 sine
1024 4395 1139 4455 nomine
1168 4393 1361 4470 spargendum

148 4521 404 4534 -fi———n——

236 4605 262 4671 1)
280 4607 348 4672 app.
360 4606 436 4670 xiil,
450 4613 493 4659 ³0.
