3222 5034
253 307 288 360 34
789 305 877 362 Oarur
894 305 943 360 Ill.

251 507 415 586 spiritualis
428 526 550 568 munere
568 509 696 584 alienus,
716 526 815 568 sacrae
834 509 997 585 scripturae
1014 513 1045 568 et
1062 507 1227 584 theologiae
1244 508 1379 584 ignarus,
1406 507 1486 566 stul-
1597 509 1598 558 i

250 615 433 674 tissimaanm
456 616 700 693 superstitionum
722 633 781 674 non
810 620 931 693 propter
956 615 1143 691 religionem,
1171 615 1223 674 sed
1250 619 1371 692 propter
1397 614 1487 672 utili-

250 727 340 782 tatem
363 723 472 800 cnltor,
495 723 527 782 in
550 723 791 800 splendidissima
813 723 881 784 aula
902 723 998 784 cuivis
1020 723 1205 800 voluptatum
1228 722 1329 799 generi
1351 722 1487 797 deditus,

250 831 482 908 extorquendae,
518 847 608 908 quam
643 831 847 908 profunderet,
884 831 1027 907 pecuniae
1062 829 1201 907 cupitline
1236 831 1274 888 ad
1305 830 1487 906 turpissima

250 937 392 1013 facinora,
424 938 514 998 immo
543 937 579 996 ad
607 939 726 998 caedem
753 939 906 1016 abreptus,
939 937 1138 998 conscientiae
1168 942 1280 996 motum
1309 938 1362 996 vix
1392 936 1487 995 aliter
1594 930 1595 956 ¹

250 1046 377 1121 prodens
399 1050 488 1123 atque
506 1045 611 1104 timore
629 1044 700 1105 licet
717 1046 806 1105 tacito
824 1051 923 1105 tamen
942 1045 1102 1122 conspicuo
1120 1045 1239 1104 assidue
1257 1063 1327 1104 eum
1345 1043 1486 1120 lugentis

249 1151 380 1212 liutheri.
435 1152 493 1213 Hic
524 1151 609 1212 initio
636 1151 866 1228 modestissime,
893 1152 1000 1212 deinde
1027 1152 1133 1212 fortius
1159 1170 1194 1212 ac
1221 1152 1381 1212 violentius
1408 1169 1483 1210 eum

250 1265 483 1336 oppugnaverat,
506 1259 617 1320 scelera
640 1260 705 1337 ejus
723 1260 889 1320 incredibili
908 1260 1030 1320 andacia
1047 1277 1145 1320 coram
1162 1259 1300 1318 omnibus
1319 1259 1485 1331 detexerat,

124 1429 129 1440 ,
249 1372 408 1444 propagato
435 1368 467 1426 in
495 1367 775 1444 septentrionalibus
802 1368 867 1444 ejus
899 1367 986 1427 terris
1015 1367 1167 1443 evangelio
1196 1367 1344 1441 effecerat,
1377 1371 1412 1424 nt
1442 1384 1485 1425 ex

248 1473 442 1534 dilectissimo
469 1475 578 1551 palatio
600 1474 723 1535 Halensi
738 1475 935 1550 ¹Moguntium
957 1475 1188 1551 transmigraret
1238 1474 1382 1550 Ejusdem
1408 1491 1484 1532 vero

251 1581 365 1640 similes
397 1582 486 1640 etiam
514 1587 677 1642 ceterorum
707 1581 878 1659 praesulum
905 1582 1027 1658 plurimi
1059 1583 1192 1658 fnenrnt;
1225 1581 1379 1658 Principes
1410 1597 1484 1640 esso

248 1687 417 1746 mnluerrmt
452 1707 540 1765 quam
577 1688 660 1766 probi
684 1687 857 1766 .episoopi.¹
916 1687 1011 1763 Quam
1047 1707 1169 1766 prorsus
1200 1688 1259 1747 alia
1290 1689 1367 1748 laeta
1398 1693 1484 1747 esset

249 1795 351 1872 populi
373 1795 467 1855 nostri
490 1795 637 1871 condici0,
661 1795 686 1854 si
709 1795 851 1856 Albertus
874 1795 939 1870 ille,
966 1796 1014 1854 vir
1040 1801 1084 1856 tot
1110 1795 1228 1855 eximiis
1252 1795 1363 1872 ingenii
1391 1795 1482 1854 donis

248 1903 399 1980 praeditus
434 1921 531 1982 neque
568 1903 683 1963 alienus
718 1903 867 1964 interdum
903 1923 921 1963 a
952 1904 1068 1980 magnis
1104 1904 1312 1981 nobilibusque
1343 1903 1482 1962 consiliis

248 2011 437 2087 gravissimas
459 2017 558 2089 partes
581 2011 614 2070 in
637 2010 760 2072 ecclesia
783 2011 839 2071 sibi
863 2011 1016 2071 mandatas
1044 2010 1132 2086 serio,
1160 2011 1222 2088 pie,
1250 2011 1387 2087 religiose
1410 2027 1481 2069 sus-

248 2118 376 2196 cepisset
398 2124 428 2178 et
450 2119 540 2179 fatale
562 2119 708 2195 evangelii
727 2119 919 2194 desiderium,
943 2119 1022 2196 quod
1040 2123 1116 2178 teste
1134 2117 1256 2178 Erasmo
1274 2118 1352 2177 inter
1369 2135 1479 2194 aequa-
1595 2192 1596 2210 Χ

247 2225 292 2284 les
320 2226 450 2302 rigebat,
482 2232 561 2286 recte
589 2225 765 2303 intellegens
797 2244 920 2286 munere
948 2244 1001 2286 suo
1030 2227 1151 2286 functus
1182 2228 1274 2286 esset!
1320 2225 1386 2284 Jarn
1413 2225 1479 2284 solo
1595 2219 1596 2226 '

247 2337 328 2392 tanto
364 2333 501 2410 exemplo
538 2338 703 2393 ceterorum
739 2333 945 2411 episcopomm
984 2333 1147 2411 permultos
1184 2351 1285 2392 secum
1326 2332 1477 2392 unxisset.

247 2438 323 2498 Tum
351 2439 501 2500 Lntherns
533 2441 645 2518 quique
675 2459 743 2500 eum
776 2441 869 2500 secuti
902 2445 973 2500 srmt
1004 2457 1064 2500 non
1096 2441 1187 2500 coacti
1220 2441 1361 2516 fuissent,
1393 2443 1427 2498 ut
1459 2459 1478 2498 a
1595 2429 1596 2432 ¹

246 2551 382 2622 conupto
409 2547 581 2624 episcopatu
609 2565 642 2607 se
670 2553 858 2624 segregantes
885 2547 1054 2625 principum
1081 2547 1366 2625 magistratuumque
1389 2565 1476 2624 opem
1594 2545 1596 2592 ἶ

246 2652 439 2728 implorarent
460 2653 496 2712 ab
519 2653 616 2730 iisqne
638 2654 731 2730 adjuti
754 2655 839 2731 qnasi
862 2672 974 2714 novum
992 2659 1131 2715 externae
1149 2655 1290 2715 eeclesiae
1307 2654 1477 2714 aedificium

245 2759 283 2817 ed
304 2764 423 2835 tempus
445 2764 657 2819 construerent

352 2865 429 2925 Tum
452 2867 540 2926 etiam
563 2867 641 2944 qnod
663 2867 701 2926 ad
723 2867 885 2926 doctrinam
909 2867 1038 2944 pertinet
1060 2868 1215 2928 concordia
1237 2869 1403 2928 necessaria
1425 2885 1476 2928 res

245 2973 324 3033 haud
347 2975 388 3034 ita
410 2974 543 3034 difficilis
565 2975 602 3034 ad
629 2975 845 3034 restituendum
874 2975 988 3036 fuisset.
1040 2975 1152 3036 Dicunt
1175 2977 1296 3054 quidem
1317 2981 1476 3053 utramque

245 3087 358 3159 partem
385 3083 464 3161 quod
491 3083 528 3142 ad
554 3083 682 3144 rationes
709 3101 744 3142 ac
770 3083 916 3161 principia
943 3085 1082 3162 pertinet,
1102 3085 1165 3160 jam
1187 3083 1291 3159 nimis,
1323 3101 1412 3162 qnam
1439 3087 1476 3142 ut

244 3207 314 3249 vare
337 3190 501 3251 coalescere
525 3195 658 3268 possent,
682 3191 739 3250 sibi
763 3191 892 3252 invicem
910 3193 1072 3267 obstitisse,
1095 3193 1268 3268 praesertim
1291 3192 1323 3251 in
1341 3191 1476 3251 doctrina

245 3297 282 3355 de
302 3297 525 3372 justificatione,
549 3298 581 3356 in
604 3317 663 3376 qna
685 3297 789 3358 eadere
811 3315 899 3375 posse
921 3303 1025 3358 neutra
1048 3317 1117 3376 pars
1139 3299 1300 3359 videbatur.
1348 3297 1473 3357 Verum-

244 3405 343 3462 tamen
369 3403 407 3462 de
434 3421 468 3462 eo
495 3405 561 3480 ipso
588 3403 712 3468 articulo
734 3404 812 3465 inter
835 3423 966 3465 summos
989 3405 1146 3482 utriusque
1167 3407 1246 3465 viros
1274 3405 1355 3464 haud
1377 3404 1472 3463 multo

244 3513 312 3568 ante
335 3508 479 3568 indictum
502 3510 659 3569 concilium
683 3511 890 3570 Tridentinnm
912 3511 1090 3572 Ratisbonae
1112 3517 1301 3588 convenerat,
1329 3512 1470 3570 nimirum

244 3633 303 3674 uno
332 3615 546 3693 colloquiorum
574 3616 706 3692 illorum,
734 3619 834 3696 qualia
860 3619 955 3678 multa
984 3619 1046 3679 illis
1074 3621 1256 3698 temporibus
1279 3620 1378 3679 habita
1401 3623 1472 3678 sunt

240 3723 413 3798 jubentibus
437 3722 562 3783 Caesam
584 3728 614 3782 ct
636 3723 759 3802 Imperii
783 3723 955 3800 Ordinibus,
984 3727 1036 3786 sed
1059 3727 1152 3787 invito
1175 3727 1331 3802 Pontifice,
1359 3726 1471 3803 quippe

243 3831 295 3907 qui
318 3830 520 3890 Protestantes
548 3830 723 3908 simpliciter
750 3849 867 3910 semper
893 3833 990 3892 denuo
1017 3833 1254 3894 condemnandos
1277 3853 1311 3892 ao
1334 3833 1394 3892 nisi
1417 3851 1472 3892 sua

244 3943 349 4014 sponte
376 3955 409 3997 aa
441 3938 632 4015 subjicerent,
661 3940 786 4016 ,absque
812 3939 885 3999 ullis
912 3939 1069 4000 inutilibus
1093 3940 1239 4017 ejusmodi
1262 3939 1417 4017 colloquiis
1440 3939 1470 3998 vi

243 4049 273 4103 et
290 4045 380 4103 armis
398 4045 580 4105 reducendos
603 4049 681 4104 esse‘
705 4047 862 4106 censerem
906 4045 1018 4106 Eodem
1041 4047 1139 4107 animo
1157 4047 1269 4107 Paulus
1287 4047 1341 4106 ΙΠ.
1366 4047 1470 4107 Garolo

244 4149 373 4228 Caesari,
406 4171 498 4230 quum
530 4151 579 4212 hio
610 4152 785 4213 instituendi
813 4153 990 4214 Ratisbonae
1022 4153 1161 4232 colloquii
1188 4154 1373 4232 propositrnn
1401 4171 1470 4214 cum

242 4274 277 4317 eo
299 4259 557 4335 communicasset,
581 4259 739 4320 admodum
761 4277 876 4321 morose
897 4259 1061 4339 respondit,
1090 4263 1197 4322 oedens
1224 4268 1324 4322 tamen
1352 4260 1469 4337 urgenti

350 4506 376 4573 1)
396 4503 434 4559 cf.
453 4503 607 4559 Pallavicini
625 4503 686 4558 hist
707 4521 779 4560 conc.
798 4505 867 4560 nto.
886 4507 934 4576 IV,
954 4507 1001 4576 14,
1021 4509 1062 4562 13.

348 4593 376 4659 2)
395 4593 560 4662 Maimbourg
578 4595 648 4661 apud
667 4593 832 4648 Seckendorl
847 4595 900 4664 llI,
920 4613 944 4664 p.
957 4596 1016 4650 398.
