3176 5064
735 284 840 336 Pluma
858 283 971 335 Paroars

248 493 388 566 adiuerit,
414 497 476 569 jam
499 497 524 554 is
545 494 589 553 illi
613 494 792 568 comparari,
822 492 928 552 nedum
957 493 1140 566 aequiparari
1163 508 1221 552 non
1243 493 1342 566 possit
1387 489 1473 562 Quin

247 601 304 659 ista
324 599 407 658 uobis
430 616 482 657 cur
502 615 561 657 non
584 603 682 658 servet
702 597 861 670 uterquet‘
914 597 998 656 Nunc
1021 612 1091 656 vero
1112 595 1334 670 Melanobtbon,
1364 611 1472 668 quam-
1570 629 1571 632 =

247 718 333 776 quam
361 703 425 776 plus
454 717 538 776 quam
570 707 658 762 autea
686 701 830 760 humanae
862 701 1002 779 voluntati
1024 701 1155 761 tribuere
1178 700 1336 774 didicerat,
1365 705 1472 758 tamen
1570 761 1571 764 ,

247 813 414 866 renovatam
437 821 563 880 pugnam
585 806 665 864 illam
686 806 882 865 necessarium
899 805 1006 864 malum
1028 796 1215 885 (ἀναγκαῖον
1230 796 1342 885 κακόν)
1364 804 1472 878 appel-

248 911 328 972 lavit.
373 911 499 984 Agnovit
529 910 560 968 in
590 926 627 969 ea
656 908 746 968 fatale
778 909 937 983 quoddam,
966 909 1043 982 quod
1065 925 1123 968 uon
1145 914 1258 968 tantum
1281 925 1299 968 a
1320 909 1470 982 peculiari

247 1017 397 1089 utriusque
419 1016 473 1074 viri
496 1015 594 1074 indole
617 1021 649 1074 et
671 1013 768 1088 culpa,
788 1013 841 1073 sed
863 1015 952 1072 etiam
975 1031 992 1072 a
1014 1015 1162 1086 praesenti
1179 1013 1351 1074 universalis
1369 1013 1471 1072 eccle·
1570 1087 1571 1090 Ἴ

249 1120 310 1178 siae
332 1119 500 1178 condicione
523 1117 673 1192 penderet
719 1117 781 1190 Quo
804 1117 911 1176 iactum
934 1123 994 1192 est,
1022 1123 1053 1176 ut
1076 1119 1157 1176 salva
1178 1119 1302 1176 veritate
1325 1121 1356 1176 et
1377 1117 1471 1176 liber·

249 1229 312 1284 tate
335 1223 519 1298 evangeliea,
550 1222 651 1296 quales
680 1228 764 1282 crant
790 1221 934 1296 homines,
961 1237 1096 1297 maguum
1117 1221 1270 1282 discidium
1292 1221 1330 1280 ad
1351 1228 1471 1294 tempus

251 1328 355 1388 svimri
377 1343 436 1387 nou
459 1331 565 1400 posset.
600 1326 676 1384 Huic
698 1327 881 1385 tristissimae
903 1343 974 1385 sane
996 1327 1165 1386 necessitati
1183 1341 1236 1384 sua
1250 1330 1353 1398 sponte
1368 1325 1470 1400 cerat,

252 1433 301 1505 qui
321 1432 471 1491 voluntate
498 1429 599 1490 lortior
622 1436 699 1504 erat,
728 1430 889 1504 Lutherus,
917 1428 1026 1490 frustra
1047 1431 1234 1504 repugnavit,
1263 1431 1313 1503 qui
1334 1427 1471 1504 debilior,

251 1536 397 1596 Erasmus.
443 1536 545 1608 ltaque
562 1551 621 1594 nou
643 1535 793 1594 adversaii
816 1535 871 1594 sibi
894 1535 1018 1595 inuicem
1040 1551 1098 1594 nou
1120 1539 1286 1608 potueruut

336 1640 439 1712 Neque
462 1644 559 1697 tamen
582 1638 802 1712 Melaucbtbou,
831 1638 881 1697 ubi
903 1637 966 1698 fieri
988 1639 1095 1714 potuit,
1117 1639 1182 1712 paci
1204 1639 1346 1697 inseruire
1368 1637 1470 1697 desiit

250 1744 389 1804 Erasmus
412 1759 477 1800 cum
499 1758 534 1802 eo
556 1759 610 1816 per
629 1742 699 1802 duos
722 1743 844 1816 amplius
866 1759 956 1802 annos
978 1759 1070 1817 usquc
1094 1743 1131 1802 ad
1153 1747 1314 1802 amomum
1338 1743 1472 1801 audeitia
1570 1721 1571 1740 ³

252 1849 423 1922 conjunctus
454 1851 526 1906 erat.
578 1846 681 1905 Mense
713 1852 781 1906 ante
811 1847 961 1907 decessum
990 1848 1120 1906 ultimam
1151 1847 1187 1906 ad
1218 1861 1282 1904 eum
1313 1846 1472 1920 epistolam

250 1952 379 2026 scripsit,
409 1965 503 2024 nuper
524 1949 639 2010 domum
662 1965 698 2009 ex
720 1951 886 2024 apographo
911 1950 1045 2010 Gothano
1068 1947 1203 2010 editam¹
1248 1949 1293 2008 Ex
1315 1966 1371 2023 qua
1393 1966 1471 2009 non·

250 2057 331 2116 nulla
360 2055 408 2114 bic
441 2071 555 2128 quoque
589 2055 747 2114 memoriae
780 2054 904 2128 prodere
938 2071 1047 2129 operae
1079 2055 1203 2130 pretium
1237 2054 1318 2114 duco.
1377 2053 1471 2112 Plura

250 2160 469 2222 Melancbtboui
499 2159 535 2220 de
567 2160 682 2233 scriptis
714 2161 777 2234 ejus
807 2175 879 2218 sana
903 2160 1014 2234 jndicio
1037 2166 1067 2220 et
1088 2161 1208 2235 egregia
1230 2159 1352 2218 coasilia
1374 2159 1469 2218 amice

250 2266 388 2340 impertit.
432 2263 547 2324 Deinde
577 2263 725 2323 virulenta
752 2261 886 2326 (lassaris
908 2265 1050 2339 scaligeri
1074 2265 1204 2324 convicia
1233 2258 1368 2345 (quorum
1388 2263 1470 2322 hune

249 2374 353 2444 postea
366 2367 450 2428 valde
472 2360 629 2447 poenituit)
652 2373 793 2426 memorat
812 2374 999 2442 veteremque
1017 2369 1209 2441 ethnicorum,
1232 2383 1303 2440 quos
1325 2367 1362 2426 ab
1383 2367 1469 2426 initio

249 2475 483 2548 impugnaverat,
513 2472 709 2545 inimicitiam
740 2471 850 2532 Romae
877 2488 980 2532 novam
1003 2472 1142 2546 ejusmodi
1166 2471 1323 2532 factionem
1350 2469 1470 2530 indies

251 2591 371 2651 serpere
396 2575 493 2636 latius.
538 2575 615 2650 ,Nee
638 2576 759 2636 dubium
790 2580 857 2652 eat‘,
887 2577 996 2651 inquit,
1025 2578 1096 2650 quin
1121 2577 1195 2638 baec
1220 2593 1330 2652 organa
1351 2583 1470 2636 moveat

251 2681 390 2754 Satanas,
414 2680 463 2752 qui
484 2679 584 2738 mullet
608 2695 707 2738 omnes
728 2696 792 2740 esse
812 2679 1018 2742 Ciceronianos
1040 2699 1125 2756 quam
1148 2681 1334 2741 Christianos.
1378 2681 1468 2739 Multi

251 2783 321 2842 mibi
343 2783 452 2856 gratias
477 2788 580 2856 agunt,
603 2783 678 2856 quod
702 2801 737 2844 ex
760 2785 875 2860 scqiptis
897 2786 984 2860 meis,
1009 2787 1219 2859 qualiacunque
1235 2791 1316 2860 sunt,
1340 2785 1468 2858 aliquam

249 2887 367 2962 pietatis
397 2886 581 2945 scintillulam
611 2886 769 2948 hauserint
814 2888 877 2948 Hoc
905 2888 1003 2949 lucelli
1033 2889 1157 2949 Satanas
1187 2887 1302 2949 Christo
1332 2888 1466 2947 invidens

251 2992 371 3066 instigat
392 2991 471 3050 istos.
517 2990 638 3050 Interim
661 3008 767 3066 usurpo
788 3008 891 3052 uocem
910 2992 1044 3068 Davidia,
1067 3011 1153 3067 quum
1176 2995 1253 3052 saxis
1275 2999 1305 3054 et
1327 2993 1467 3052 conviciis

251 3096 351 3171 quovis
378 3111 448 3154 saxo
477 3094 641 3154 durioribus
670 3096 867 3171 lapidaretur:
900 3097 1039 3157 Dominus
1064 3100 1216 3172 praecepit
1242 3098 1299 3157 illis
1322 3103 1354 3157 ut
1375 3098 1466 3156 male-

251 3200 383 3260 dicerent
407 3199 494 3258 mibi:
524 3201 588 3273 quis
615 3198 670 3260 scit
699 3216 737 3259 an
765 3202 938 3262 misereatur
963 3202 1064 3260 mihil·
1095 3202 1177 3262 Haec
1201 3201 1287 3262 effudi
1313 3203 1343 3262 iu
1370 3203 1467 3261 sinum

251 3311 345 3380 tuum,
369 3319 456 3377 quem
479 3304 538 3364 seio
561 3321 619 3363 uon
639 3305 773 3379 distringi
796 3307 930 3366 temera‘
1343 3365 1348 3375 ,

340 3408 423 3467 Haec
447 3424 535 3480 quum
563 3409 704 3468 scriberet
728 3411 789 3482 jam
811 3427 863 3483 per
886 3411 998 3484 aliquot
1019 3427 1133 3472 meuses
1157 3411 1264 3470 invitus
1286 3409 1360 3484 apud
1382 3410 1466 3469 Basi-

251 3513 380 3586 leemas,
408 3511 457 3584 qui
479 3510 637 3572 reformato
659 3514 749 3572 cultui
772 3531 804 3572 se
828 3514 1014 3590 addixerant,
1044 3515 1212 3588 gravissimo
1232 3515 1333 3574 morbo
1355 3514 1467 3573 rotbre-

251 3615 344 3676 batur.
401 3613 568 3674 Oatbolicae
601 3617 743 3676 ecelesiae
773 3616 859 3677 fidam
890 3620 1118 3678 communionem
1145 3618 1260 3678 assidue
1291 3619 1465 3683 testabatur,

252 3737 317 3781 cum
340 3719 528 3795 evangelicis,
551 3721 640 3780 etiam
662 3721 712 3795 iis,
734 3721 903 3795 quibuscum
922 3723 988 3784 lites
1004 3728 1093 3784 antea
1107 3725 1348 3796 intercesserant,
1371 3722 1465 3782 amice

252 3826 418 3886 conversari
442 3841 500 3884 non
520 3823 679 3885 dubitabat
725 3824 797 3886 Cum
818 3828 869 3901 pia
889 3827 961 3888 Jesu
984 3827 1101 3888 Domini
1126 3828 1325 3900 invocatione,
1355 3827 1467 3899 inqua

251 3931 335 3992 modo
357 3930 477 4004 Latina,
499 3930 583 3990 modo
605 3929 778 3992 Germanica
800 3932 900 4006 lingna
922 3947 991 3992 usus
1014 3939 1071 4008 eat,
1091 3933 1151 3992 rita
1171 3931 1305 3992 decessit.

338 4035 405 4095 Jam
434 4035 543 4108 aliquot
573 4035 657 4093 annis
687 4041 756 4094 ante
786 4037 937 4110 apologiae
964 4037 1058 4096 instar
1079 4037 1168 4096 vitam
1190 4052 1271 4094 suam
1290 4050 1374 4108 qnam
1398 4033 1466 4094 bre·

252 4138 367 4198 umine
389 4138 554 4211 scripserat.
591 4139 671 4210 Quae
693 4140 724 4198 in
746 4138 903 4214 fiuebuJus
918 4140 1161 4214 commentarioli,
1181 4145 1386 4212 postmortem
1402 4139 1466 4212 eius

253 4241 334 4317 editi,
349 4241 385 4302 da
402 4259 433 4302 se
449 4243 512 4316 ipse
527 4247 662 4317 testatur,
677 4244 731 4303 boc
746 4245 809 4304 loco
823 4261 881 4304 non
896 4244 1056 4305 omittenda
1071 4245 1141 4304 mihi
1156 4260 1221 4303 asse
1236 4243 1345 4302 censui.
1368 4241 1466 4316 ,Vale-

253 4345 346 4419 tudo‘,
375 4346 483 4420 inquit,
514 4362 644 4420 ,semper
671 4347 727 4406 fuit
756 4352 874 4423 tenera,
904 4348 980 4410 unde
1011 4348 1114 4408 erebro
1136 4347 1306 4408 tentabatur
1327 4345 1466 4406 febribus.

344 4563 368 4628 l)
387 4563 463 4624 Corp.
484 4563 538 4612 aar.
557 4563 605 4615 111.
