3188 5086
233 265 286 324 142
722 261 824 320 Planus
845 265 960 320 Parente

1362 353 1447 365 nnn—ndu

233 503 307 560 puer
329 485 519 559 contemplari
541 485 686 544 coelorum
700 487 846 557 ornatum,
869 488 967 542 terrae
983 481 1104 541 divitem
1126 485 1307 556 proventum,
1329 481 1451 540 fontium

233 591 396 664 scatebras,
416 589 542 654 amnium
561 589 673 662 lapsus,
694 589 788 646 maria
809 592 907 660 vasu,
932 587 1120 644 animantium
1141 586 1308 645 innumeras
1330 587 1451 661 species,

234 695 359 754 ethaeo
382 695 478 752 omnia
499 693 530 750 in
550 695 604 752 boc
627 691 756 766 condita,
776 696 807 749 ut
828 691 958 750 serviant
978 688 1076 748 usibus
1100 689 1261 762 hominum,
1284 695 1395 748 tantum
1417 695 1451 747 nt

232 799 317 858 bomo
348 799 455 857 serviat
482 813 534 856 sno
561 796 702 855 conditori
730 795 804 854 Deo.
854 793 1052 853 Admoneatnr
1079 793 1146 866 quid
1175 794 1212 852 sit
1242 791 1389 866 professus
1418 794 1448 851 in

233 902 388 976 baptismo,
411 918 449 960 ne
463 900 607 960 desciscat
622 899 659 958 ab
674 901 853 972 Imperatore
870 899 949 972 lesu,
971 899 1018 956 cai
1040 913 1145 956 nomen
1165 897 1258 956 dedit:
1283 902 1316 955 ut
1330 903 1450 971 vestem,

233 1023 318 1080 quam
338 1007 452 1078 accepit
467 1004 633 1078 candidam,
655 1008 753 1063 servet
767 1002 989 1061 immaculatam.
1026 1001 1234 1076 Admoneatur,
1257 1003 1336 1060 inter
1350 1017 1449 1060 omnes

234 1110 414 1170 Christianos
435 1125 499 1168 ease
521 1109 721 1182 cognationem
744 1107 949 1180 arctissimam,
972 1107 1064 1179 qualis
1087 1112 1132 1165 est
1146 1106 1225 1164 inter
1243 1105 1372 1178 ejusdem
1387 1121 1449 1164 cor·

232 1216 309 1287 poris
343 1213 481 1274 membro.
532 1212 635 1272 Discat
666 1211 809 1271 neminem
840 1227 905 1270 esse
937 1210 1074 1268 miserum
1101 1215 1152 1268 aut
1180 1225 1244 1268 esse
1272 1225 1373 1283 posse,
1400 1210 1450 1280 qui

232 1324 350 1378 maneat
378 1319 410 1375 in
436 1315 565 1391 Christo,
595 1317 655 1374 sive
688 1317 857 1390 contingant
879 1313 1001 1374 adversa
1023 1313 1084 1374 sive
1106 1329 1262 1388 prospera,
1289 1313 1350 1370 sive
1373 1327 1451 1370 mors

232 1423 293 1481 sive
318 1421 387 1480 vita.
432 1421 513 1480 Haec
536 1421 649 1494 aliaque
671 1419 754 1492 hujus
775 1419 892 1492 generis
915 1419 940 1476 si
962 1418 1139 1476 instillentur
1161 1417 1271 1476 teneris
1293 1431 1450 1490 puerorum

233 1527 350 1600 animis,
374 1530 525 1598 erumpent
549 1523 704 1596 aliquando
727 1523 757 1580 in
779 1539 890 1581 morum
912 1523 1059 1596 egregiam
1080 1519 1210 1596 frugem‘

319 1629 383 1688 Hoc
406 1629 502 1687 animo
525 1626 720 1700 incipiendam
744 1642 809 1685 esse
831 1642 985 1698 puerorum
1008 1625 1220 1684 institutionem
1242 1623 1451 1697 aparentibus

178 1795 182 1804 ,
233 1733 334 1806 docet,
357 1732 413 1790 boo
439 1731 535 1790 animo
564 1729 792 1803 persequendam
819 1729 951 1789 edoctis
971 1729 1156 1804 paedagogis.
1200 1728 1249 1787 Sic
1270 1734 1300 1786 et
1321 1729 1450 1787 sinceros

233 1835 410 1896 Christianos
444 1835 577 1894 societati
609 1834 768 1908 ecclesiae,
798 1839 828 1892 et
849 1833 938 1893 bonos
968 1835 1046 1893 cives
1072 1833 1251 1906 reipublicae
1283 1831 1448 1891 educandos

232 1957 305 2000 esee.
350 1938 432 2012 Quod
451 1943 602 2011 utrumque
626 1944 658 1996 ut
679 1935 747 2013 fiat,
771 1939 903 1998 omnibus
924 1938 986 1996 vult
1005 1938 1085 1997 cordi
1108 1953 1180 1996 esse.
1227 1936 1321 2008 Quare
1344 1935 1450 1994 divites

232 2045 382 2118 admonet,
415 2048 464 2116 nt,
495 2043 537 2116 ,si
567 2057 637 2116 quos
673 2041 799 2100 viderint
833 2058 939 2115 pueros
977 2057 994 2099 e
1023 2041 1197 2114 pauperibus
1227 2039 1359 2112 qnidam,
1395 2037 1448 2097 sed

231 2163 373 2222 generosa
401 2146 498 2206 indole
524 2151 624 2224 natos,
652 2162 703 2206 eos
733 2146 791 2204 snis
824 2145 978 2218 impendiis
1000 2150 1103 2204 curent
1130 2143 1294 2202 educandos
1315 2147 1367 2202 aut
1388 2143 1448 2202 suis

231 2252 333 2310 liberis
364 2251 535 2324 adjungant,
567 2255 600 2308 ut
622 2229 685 2309 ‘sub
722 2249 826 2309 eodem
854 2249 1023 2322 paedagogo
1052 2248 1117 2321 pari
1146 2264 1216 2306 cura
1241 2244 1448 2306 instituantur.‘

231 2355 391 2427 Praecipue
422 2354 512 2428 ,bono
538 2359 569 2412 et
597 2354 722 2427 sapienti
749 2353 873 2426 principi
900 2353 942 2412 ita
972 2352 1136 2412 educandos
1161 2367 1225 2410 esse
1254 2350 1373 2410 liberos‘
1395 2351 1447 2424 ait,

231 2463 282 2532 ,ut
315 2457 387 2516 illud
423 2473 538 2529 semper
575 2457 741 2514 meminerit
778 2473 810 2515 se
850 2457 964 2530 patriae
1004 2457 1117 2530 genitos
1153 2457 1267 2528 patriae
1303 2453 1447 2516 educare‘

234 2561 368 2620 Omnium
394 2577 480 2634 vero,
504 2565 534 2618 et
560 2559 699 2646 nobilium
727 2565 759 2619 et
789 2576 949 2634 pauperum
976 2562 1132 2634 interesse,
1163 2565 1196 2618 nt
1218 2561 1278 2633 apti
1300 2561 1446 2634 eligantur

231 2664 364 2724 ludorum
404 2664 611 2722 litterariorum
652 2665 790 2737 magistri.
853 2666 903 2738 ‚In
942 2663 1045 2738 quibus
1081 2665 1276 2724 adsciscendis
1285 2664 1302 2736 ,‘
1343 2666 1446 2738 inquit,

232 2786 334 2844 ,quum
363 2773 510 2842 oporteret
532 2784 596 2826 esse
619 2783 759 2827 summam
778 2785 890 2842 curam,
917 2770 974 2827 buc
994 2769 1158 2844 allegentur
1180 2768 1243 2828 iere
1266 2768 1375 2828 sordidi
1394 2769 1447 2828 ab·

227 2874 357 2948 jectiqne
378 2870 516 2946 homines,
535 2871 681 2930 interdum
703 2877 733 2930 et
748 2872 861 2932 cerebri
882 2888 984 2947 parum
999 2873 1072 2932 sani.
1105 2872 1199 2932 Locus
1214 2867 1299 2932 datur
1313 2873 1446 2933 sordidus

231 2983 262 3038 et
286 2977 424 3036 suarium
452 2975 537 3034 datur
564 2978 710 3050 exignnm3
742 2975 856 3036 diceres
885 2978 944 3035 illic
966 2994 1070 3050 porcos
1094 2977 1225 3052 educari,
1254 2995 1312 3037 non
1334 2978 1445 3036 institui

229 3083 335 3142 civium
358 3083 500 3155 ingenuos
519 3080 634 3140 liberos.
680 3082 768 3154 Atqui
790 3082 837 3140 hic
859 3082 1041 3156 periclitetur
1071 3083 1257 3141 seminarium
1278 3083 1365 3140 todus
1386 3083 1445 3140 rei-

228 3187 369 3262 publicae.
415 3185 473 3245 Sed
493 3187 574 3259 peJ'ns
597 3187 685 3244 etiam
707 3187 804 3260 agitur
823 3203 886 3245 cum
908 3185 967 3243 illis
988 3187 1103 3260 pueris,
1131 3187 1181 3258 qni
1199 3186 1230 3244 in
1252 3186 1343 3244 antris
1361 3191 1445 3244 tene-

228 3291 362 3350 brionum
398 3289 576 3363 quorundam
612 3305 683 3348 sane
710 3307 796 3362 qnam
830 3291 1014 3349 illiberaliter
1041 3290 1213 3348 educantur!
1264 3291 1339 3347 Nam
1367 3290 1444 3348 hunc

229 3398 381 3466 quaestum
403 3392 441 3449 ad
462 3409 494 3450 se
518 3392 637 3450 trahunt
654 3394 830 3452 monasteria
858 3393 1000 3466 quaedam
1022 3399 1052 3453 et
1074 3409 1165 3466 genus
1186 3393 1330 3465 quoddam
1352 3394 1443 3452 bomi-

229 3513 298 3554 num
324 3494 450 3552 medium
477 3495 555 3553 inter
581 3496 737 3554 monachos
764 3501 795 3555 et
822 3495 968 3570 profanos.
1014 3495 1156 3569 Quidquid
1186 3497 1263 3556 enim
1286 3503 1331 3556 est
1352 3498 1442 3555 mala·

229 3616 293 3658 rum
314 3614 428 3670 rernm,
449 3597 511 3656 iere
532 3603 685 3670 praetextu
707 3599 856 3672 religionis
878 3600 998 3674 irrepsit
1016 3602 1048 3659 in
1069 3600 1224 3659 mnndum}
1279 3629 1281 3634 ·

316 3701 352 3760 In
373 3699 551 3776 paedagogis
572 3703 618 3760 aui
633 3703 785 3778 temporis,
808 3703 940 3764 similiter
955 3710 1042 3778 atquo
1057 3707 1088 3764 in
1103 3705 1280 3780 parentibus,
1302 3706 1442 3766 immitem

229 3807 372 3882 quandam
401 3804 507 3879 agendi
532 3806 674 3866 rationem
699 3807 853 3881 vituperat.
898 3808 1095 3868 Vehementer
1120 3811 1237 3882 peccari
1258 3810 1329 3868 dicit
1352 3811 1441 3868 etiam

227 3913 264 3972 ab
293 3909 498 3972 eruditioribus
528 3910 697 3984 quibusdam
724 3912 933 3972 litteratoribus
963 3920 1093 3974 ceterum
1123 3931 1180 3973 non
1212 3914 1440 3990 contemnendis,

226 4017 276 4088 qni
305 4030 419 4074 morosa
446 4014 567 4073 saevitia
592 4013 664 4074 nibil
687 4016 765 4075 aliud
792 4016 917 4076 doceant
941 4033 1048 4090 pucros
1077 4035 1162 4091 quam
1191 4018 1286 4078 odisse
1309 4020 1439 4091 litteras,

227 4126 260 4178 ut
292 4119 409 4178 litterae
439 4117 612 4193 diligantur,
645 4121 768 4193 primum
795 4137 895 4180 earum
928 4128 1149 4195 praeceptorem
1180 4129 1315 4196 oportere
1348 4123 1440 4196 diligi.

226 4221 271 4282 Ab
299 4221 345 4280 bis
375 4237 461 4296 vero,
491 4223 540 4294 qni
574 4223 700 4304 forment
731 4225 901 4298 pueritiam,
934 4242 1040 4299 magna
1074 4244 1111 4286 ex
1141 4233 1226 4301 parte
1257 4243 1439 4286 communem

225 4327 388 4386 mortalium
409 4325 498 4384 vitam
519 4325 656 4399 pendere.
701 4327 828 4398 Quorum
850 4329 874 4386 si
897 4345 967 4402 quos
988 4332 1216 4402 praestantiores
1236 4337 1373 4410 noverat,
1401 4332 1440 4390 iis

224 4445 306 4488 snam
344 4429 460 4488 landem
502 4430 650 4503 impertire
695 4433 880 4506 animumque
921 4431 1030 4492 addere
1075 4435 1202 4506 gestivit
1262 4434 1351 4508 cnjus
1392 4438 1440 4496 rei

225 4533 388 4606 exemplum
416 4532 490 4590 haec
516 4535 606 4594 verba
633 4535 752 4596 afferam
778 4555 814 4597 ex
845 4537 968 4610 epistola
999 4538 1037 4596 ad
1060 4537 1263 4598 Scbudelinum
1284 4539 1440 4600 Memmin-
