3134 5054
670 264 762 316 (iarun
781 263 840 314 XII.
1311 263 1363 319 295

136 461 270 536 quisque
292 463 442 536 potestis
464 460 590 520 medium
609 459 758 537 proserat3
788 479 843 525 uec
866 462 952 523 alteri
975 463 1125 536 quisquam
1147 462 1291 538 invideat,
1314 463 1365 536 qui
1467 443 1469 448 ¹

136 583 203 640 pro
231 581 285 625 sua
321 565 397 623 virili
433 570 517 638 parte
547 583 656 642 suoque
683 567 768 628 modo
804 572 925 629 conatur
952 567 1075 642 publicis
1105 567 1207 628 studiis
1230 567 1366 628 utilitatis

138 670 260 744 aliquid
283 670 443 747 adjungere
451 667 469 728 ‘.

711 897 794 956 XIII.

237 1051 282 1108 Ex
302 1050 339 1110 iis
360 1067 435 1124 quae
456 1051 605 1125 hueusque
628 1051 665 1110 de
689 1051 810 1112 Erasmo
834 1052 1010 1129 dictasunt,
1033 1055 1104 1113 satis
1120 1059 1256 1129 apparet,
1278 1053 1368 1112 multa

143 1154 266 1228 quidem
289 1157 320 1214 in
344 1157 405 1230 ejus
433 1157 580 1232 theologia
609 1157 722 1231 inesse,
751 1174 826 1231 quae
854 1175 911 1216 uon
934 1159 1036 1218 rubum
1060 1165 1105 1219 eat
1127 1159 1203 1233 quod
1224 1159 1368 1218 Lutherus

142 1262 198 1318 vel
219 1261 314 1319 minus
335 1261 409 1320 bene
432 1261 611 1321 intellexerit
631 1264 678 1320 vel
697 1262 722 1320 si
740 1261 886 1322 Intellexit
903 1279 961 1322 nou
982 1263 1163 1339 probaverit,
1186 1263 1237 1323 sed
1256 1268 1287 1322 et
1301 1279 1368 1338 per·

142 1365 241 1423 multa
262 1365 333 1438 alia,
365 1381 440 1438 quae
463 1372 586 1440 accepta
608 1367 663 1426 sibi
687 1383 744 1425 nou
764 1365 843 1427 ferre
866 1385 923 1427 non
943 1369 1079 1444 potuerit.
1124 1368 1260 1442 Quamvis
1280 1369 1369 1442 igitur

138 1471 209 1544 jam
232 1469 268 1529 ab
290 1469 375 1530 initio
394 1470 472 1544 apud
493 1468 666 1546 familiares,
692 1473 768 1546 quod
790 1472 828 1532 ad
850 1472 1011 1532 documen
1035 1472 1072 1531 de
1094 1478 1199 1532 natura
1222 1478 1252 1532 et
1273 1472 1369 1546 gratia

143 1573 291 1648 pertinet,
321 1574 562 1649 augustinianum
592 1575 775 1636 altitudinem
801 1576 832 1635 in
861 1575 983 1636 Erasmo
1013 1575 1240 1650 desideraverit,
1268 1581 1369 1636 tamen

143 1685 270 1752 propter
305 1679 503 1739 temeritatem
536 1681 620 1738 simul
654 1696 686 1739 se
720 1687 853 1754 excusat,
891 1681 967 1755 quod
1001 1686 1113 1742 tantum
1145 1682 1251 1756 virum,
1287 1681 1369 1754 cujus

146 1784 355 1842 auctoritatem
375 1791 475 1858 sperat
496 1788 527 1842 et
549 1785 629 1858 cupit
650 1783 712 1844 lore
736 1785 972 1860 celeberrimam,
995 1787 1048 1845 suh
1070 1786 1233 1845 Aristarchi
1256 1785 1368 1859 virgam

146 1889 298 1948 duxerit¹
344 1889 384 1947 Et
416 1906 471 1964 per
503 1890 608 1949 multos
638 1906 730 1949 annos
758 1890 845 1964 longe
872 1892 1036 1965 praevaluit
1066 1891 1140 1965 grati
1170 1890 1258 1950 animi
1281 1889 1370 1962 signi-

146 1992 257 2052 ficatio.
301 1991 336 2050 ln
357 1991 539 2066 praefatione
562 1993 599 2052 ad
623 1995 859 2068 commentarios,
889 1994 992 2067 quibus
1016 1996 1166 2069 epistolam
1190 1995 1227 2054 ad
1250 1993 1369 2053 Galatas

149 2097 320 2172 explicavit,
359 2097 512 2156 Erasmum
544 2098 588 2171 ,in
625 2099 773 2173 theologia
808 2116 949 2158 summum
983 2105 1014 2158 et
1052 2099 1177 2158 invidiae
1214 2097 1368 2157 victorem‘

147 2207 250 2275 vocat,
280 2201 440 2275 inprimis
462 2202 554 2276 ipsius
576 2203 672 2276 operis
694 2203 791 2262 uerbis
814 2203 1119 2278 ,theologicissimum
1149 2204 1230 2278 cujus
1249 2207 1370 2262 anneta

150 2307 248 2365 tiones
275 2307 402 2365 omnium
427 2307 560 2366 manibus
587 2307 741 2366 terantnr‘.
786 2307 894 2368 Postea
918 2309 1049 2384 plmimis
1073 2308 1144 2367 loeis
1166 2307 1244 2366 idem
1270 2306 1371 2366 lauda-

151 2419 203 2470 tur
228 2417 364 2485 unquam
385 2411 440 2470 hoo
462 2411 509 2470 vel
530 2411 603 2470 illud
624 2417 706 2472 reete
728 2419 761 2471 ut
782 2414 879 2472 omnia
900 2413 1014 2488 diceus,
1044 2418 1181 2486 tanquam
1203 2412 1371 2486 dignissime

151 2515 280 2575 reddens
302 2513 429 2590 Graeca,
451 2522 589 2590 tauquam
611 2517 749 2592 optimus,
773 2534 895 2590 quocum
909 2519 973 2592 ipse
988 2517 1115 2577 libenter
1130 2517 1247 2577 sentiat.
1281 2515 1371 2580 Deni-

153 2637 213 2694 que
229 2619 399 2680 Commodus
415 2617 600 2680 Bretaunus²
623 2623 654 2680 in
677 2621 857 2696 appendice,
880 2639 965 2696 quem
980 2622 1158 2696 Vitebergae
1181 2623 1233 2682 sub
1248 2621 1371 2681 Lutheri

153 2725 247 2784 oeulis
269 2726 349 2798 operi
372 2727 435 2799 eJ'us
458 2725 579 2800 adjecit,
601 2727 724 2799 primam
745 2727 861 2787 laudem
876 2727 1013 2802 Erasmo,
1035 2727 1111 2800 quod
1133 2743 1244 2798 ,sacrm
1259 2727 1372 2785 litteras

153 2845 229 2905 pure
249 2829 445 2902 tractaverit,
473 2829 628 2905 deceruit,
648 2831 838 2904 posteriorem
859 2830 1004 2906 Martiae,
1034 2832 1084 2905 qui
1105 2830 1143 2890 ad
1166 2831 1288 2890 eandem
1309 2847 1372 2888 rem

155 2940 237 3010 ,post
266 2934 417 2994 Erasmum
449 2951 522 2994 unus
552 2935 677 2994 omnium
704 2937 828 2994 maxime
860 2935 1065 2996 contenderit‘.
1110 2935 1242 2994 Eandem
1272 2936 1371 2993 ohser-

155 3039 284 3098 vantiam
313 3045 382 3098 tuno
412 3056 513 3099 omnes
535 3039 613 3113 fere,
644 3041 693 3112 qui
716 3045 840 3114 aparte
865 3039 1118 3115 Vitebergensium
1148 3039 1275 3112 stabant,
1302 3053 1373 3110 erga

156 3143 310 3202 Εηιιιιιιιιιι
331 3148 454 3202 testatos
477 3159 555 3218 esse,
586 3160 673 3218 supra
691 3145 921 3204 memoravimus.
966 3145 1063 3203 Etiam
1082 3143 1164 3201 multi
1189 3157 1224 3200 ex
1243 3141 1293 3215 iis,
1324 3141 1373 3214 qui

156 3247 286 3307 Luthero
319 3249 386 3307 novi
417 3247 526 3321 aliquid
556 3265 588 3307 se
610 3248 720 3307 debere
749 3247 974 3322 confitebantur,
1011 3247 1095 3306 simul
1121 3253 1219 3306 tamen
1241 3245 1373 3319 Erasmo,

158 3369 244 3427 quem
267 3358 299 3411 ut
320 3353 423 3411 ducem
444 3353 495 3411 ille
518 3359 634 3412 secutus
657 3359 749 3428 esset,
781 3354 891 3428 gratias
915 3357 1046 3428 egerunt.
1088 3349 1173 3423 ‚Quod
1194 3355 1227 3409 ut
1242 3351 1373 3424 exemplo

160 3455 356 3532 confirmetur,
383 3458 521 3516 nonnulla
545 3457 724 3530 excerpimus
748 3474 784 3516 ex
807 3457 945 3532 epistola,
974 3471 1059 3531 quam
1082 3455 1255 3515 Lambertus
1274 3454 1375 3513 Hello-

159 3564 224 3620 nius
243 3563 321 3620 lecto
335 3561 458 3620 Lutheri
478 3561 514 3620 de
536 3561 723 3636 indulgentiis
743 3562 856 3636 libello,
877 3561 999 3620 Erasrm
1015 3562 1146 3635 scripsit:
1178 3557 1284 3636 ,Mittit
1304 3559 1375 3618 Fro-

160 3667 263 3726 benius
284 3665 407 3724 Lutheri
431 3663 599 3741 [libellum]‚
621 3682 691 3724 vere
714 3665 864 3725 christiani
879 3666 1019 3740 theologi,
1042 3664 1094 3725 sed
1109 3665 1239 3724 omnibus
1254 3662 1375 3738 tetricis,

160 3773 246 3831 immo
276 3761 527 3844 sisperstitionibus
553 3771 664 3844 potius,
693 3769 863 3842 theologicis
885 3769 1070 3829 histrionibus
1092 3770 1185 3828 inuisi.
1229 3766 1296 3825 Dici
1318 3781 1376 3823 non

160 3879 270 3951 potest,
294 3881 432 3949 quantum
453 3875 571 3949 placeat
593 3873 741 3946 studiosis;
762 3873 833 3930 mihi
854 3873 970 3946 saltem,
1000 3875 1049 3946 qui
1070 3873 1142 3930 nihil
1165 3870 1281 3929 omnino
1304 3885 1376 3943 sum,

160 3986 287 4039 mentem
309 3979 437 4039 reddidit
451 3979 631 4052 liberiorem,
662 3981 750 4036 antea
773 3977 994 4034 cerimoniarum
1017 3973 1274 4035 observatiuncnlis
1296 3969 1377 4046 frigi-

160 4084 284 4143 dissimis
311 4085 496 4143 servientem.
541 4081 639 4141 Onos
668 4081 786 4154 beatos,
816 4079 918 4152 quibus
940 4079 1062 4154 contigit
1082 4079 1139 4137 hoe
1161 4076 1257 4136 seculo
1279 4076 1376 4135 vivere

161 4205 215 4263 quo
236 4187 353 4262 indice,
383 4187 466 4245 Duce
497 4202 532 4244 ae
554 4184 724 4245 Perfectore
746 4191 775 4243 te
794 4189 824 4243 et
846 4184 965 4243 litterae
988 4188 1020 4243 et
1042 4181 1268 4241 christianismus
1291 4194 1376 4238 serus

251 4469 385 4534 1)1nsp.
405 4466 437 4518 ad
456 4467 631 4532 spaletinam,
651 4482 674 4519 a.
696 4470 762 4518 1⁶1ss
782 4465 879 4530 scriptu
896 4463 939 4533 (de
958 4464 1043 4516 Wette
1059 4463 1083 4524 1,
1101 4457 1156 4528 40).

252 4556 279 4626 t)
298 4556 362 4614 Quis
381 4555 428 4606 sub
444 4555 493 4605 hoe
512 4554 623 4617 uomina,
642 4553 701 4604 fleto
719 4559 748 4604 ut
765 4552 880 4616 videtur,
898 4553 978 4604 latest
994 4553 1119 4604 incertum
1138 4551 1184 4599 est
