3202 5058
691 307 793 356 Pennis
810 307 924 356 Pnroais

208 401 446 410 ———---——··-—-
452 396 1158 407 fflm——-
1171 397 1189 402 --
1196 396 1418 404 ——-—-----——-q

207 524 297 582 verba
319 524 446 595 scripsit:
469 520 642 596 ,IpsePapa
664 518 852 592 obloquentes
875 519 1057 578 auctoritatis
1079 534 1150 577 suno
1172 519 1300 592 pondere
1322 521 1419 593 oppri-

208 643 288 685 mere
314 625 427 699 studet,
457 625 537 697 cujus
564 625 608 683 rei
634 621 744 681 fructum
770 628 961 697 percepturus
990 627 1044 681 est.
1089 622 1208 682 Utinam
1231 623 1285 681 sibi
1308 629 1419 682 tantum

208 731 362 803 curiaeque
397 729 449 786 hos
471 727 580 786 fructus
602 728 783 800 perciperet;
806 725 857 785 sed
879 726 965 785 terris
988 727 1047 784 suis
1069 726 1193 800 spoliato
1215 727 1304 785 etiam
1327 729 1418 786 eccle-

208 835 280 894 siam
312 837 427 892 vastare
465 830 579 906 placet‘
634 829 675 890 Et
695 829 928 904 Rottenburgum
960 846 1094 890 reversus
1126 831 1242 903 scriptis
1273 830 1310 889 ad
1344 832 1419 890 viros

208 938 306 997 doctos
328 936 467 1010 quosdam
480 934 635 994 Rhenanus
654 934 760 994 litteris
784 932 956 1008 affirmavit,
978 952 1027 1008 ‚se
1043 951 1148 992 novum
1162 934 1266 1008 dogma
1287 936 1319 993 in
1341 934 1419 994 dioc-

209 1043 270 1100 cesi
297 1056 434 1100 sunnon
462 1039 703 1113 proclamaturum
733 1055 813 1112 esse,
843 1037 912 1112 quid
937 1044 1092 1112 propterea
1122 1039 1177 1096 sihi
1197 1039 1286 1098 instet
1307 1056 1339 1098 se
1362 1055 1419 1096 non

208 1147 359 1221 ignorare,
385 1143 438 1203 sed
466 1142 553 1202 maha
580 1159 612 1201 se
642 1144 838 1217 episcopatum
866 1159 953 1217 quam
974 1143 1169 1203 conscientiae
1192 1144 1320 1216 quietem
1340 1143 1420 1202 abdi·

209 1265 291 1323 care;
318 1247 483 1308 meminisse
506 1263 537 1305 se
560 1251 591 1305 et
612 1248 721 1305 sentire
741 1263 842 1305 eorum
866 1247 1012 1322 dolorem,
1043 1247 1145 1320 quibus
1162 1264 1216 1320 per
1236 1251 1325 1306 totam
1348 1247 1420 1306 Ger·

210 1354 335 1413 maniam
357 1350 526 1426 patiendum
548 1355 641 1425 esset,
672 1355 705 1409 ut
725 1351 811 1410 liberi
831 1351 875 1410 sui
898 1353 928 1410 in
950 1351 1055 1411 scholis
1077 1349 1311 1410 infallibilitatem
1332 1369 1420 1425 papa-

209 1459 267 1518 lem
286 1457 367 1516 velut
383 1455 551 1529 primarium
573 1455 677 1528 dogma
690 1453 884 1514 docerentur.t
928 1456 1087 1514 Manebaut
1109 1473 1163 1529 per
1177 1456 1293 1528 aliquod
1306 1461 1419 1530 tempus

209 1562 331 1636 vestigia
351 1560 499 1619 morientis
521 1557 689 1620 libertatis.¹
737 1559 919 1630 Querebatur
939 1560 1104 1619 universum
1125 1561 1320 1634 episcopatum
1340 1561 1420 1620 velut

207 1667 286 1725 inter
317 1670 431 1724 noctem
464 1667 590 1722 mutasse
623 1663 797 1722 sententiam
831 1669 861 1723 et
894 1664 925 1722 iu
958 1669 1053 1723 castra
1089 1663 1343 1723 infallibilistarum
1376 1666 1418 1723 in-

210 1769 341 1831 sectandi
371 1768 443 1827 ulios
466 1767 711 1840 cupidissimorum
733 1768 892 1826 transiisse.
936 1767 1050 1827 Deinde
1072 1785 1141 1827 vero
1162 1768 1276 1828 diverse
1298 1769 1418 1828 distrahi

210 1881 242 1936 et
265 1873 429 1933 claudicare
459 1872 490 1930 in
512 1877 798 1946 utramquepartem
821 1873 934 1946 coepit,
963 1874 1102 1946 paulatim
1124 1873 1289 1932 cautissima
1309 1879 1418 1946 tempe-

209 1980 306 2040 rantia
333 1977 371 2036 ad
400 1993 502 2036 novam
531 1976 672 2036 ecclesiae
702 1976 939 2036 cousuetudinem
962 1994 993 2036 se
1016 1977 1240 2036 accommodans.
1284 1977 1417 2052 Denique

209 2087 350 2158 sequente
381 2098 458 2141 anno
492 2080 665 2155 declaravit,
697 2098 777 2156 sese,
810 2099 898 2155 quum
929 2099 947 2140 a
973 2082 1126 2141 schismate
1150 2082 1332 2157 abhorreret,
1365 2099 1419 2156 per

208 2190 306 2264 plures
326 2203 441 2246 menses
463 2201 561 2244 secum
582 2186 737 2260 luctatum,
759 2187 899 2245 sinceram
923 2203 1025 2259 paoem
1044 2203 1108 2244 cum
1122 2186 1272 2245 Vaticanis
1293 2187 1419 2245 decretis

207 2291 327 2363 fecisse;
350 2288 491 2364 quomodo
509 2289 539 2348 id
561 2287 748 2363 perfecisset,
776 2295 809 2348 ut
830 2289 906 2362 quod
927 2292 1013 2363 paulo
1035 2295 1103 2349 ante
1124 2291 1293 2365 pernigrum
1306 2291 1420 2349 viderat

209 2415 285 2455 nunc
313 2396 409 2454 album
431 2409 500 2452 vere
524 2393 652 2467 videret,
675 2409 821 2466 nunquam
848 2395 987 2466 exposuit.
1032 2394 1113 2452 Dixit
1134 2395 1264 2470 quidem,
1285 2396 1418 2468 quoniam

210 2501 368 2561 Concilium
390 2497 516 2557 noudum
531 2497 700 2560 absolutum
719 2502 811 2571 esset,
834 2499 947 2570 sperari
965 2515 1050 2572 posse
1073 2499 1152 2575 fore,
1175 2505 1208 2558 ut
1223 2503 1284 2574 ejus
1299 2499 1419 2560 decreta

209 2603 412 2664 additamentis
441 2601 660 2676 mitigarentur;
690 2601 742 2662 sed
773 2604 866 2676 ipsum
888 2604 964 2663 serio
984 2604 1015 2662 id
1035 2603 1191 2664 credidisse
1212 2606 1259 2663 vix
1282 2604 1420 2664 credibile

210 2715 262 2769 est.
306 2709 420 2766 Novum
442 2705 545 2781 dogma
567 2704 726 2766 defendere
747 2711 777 2765 ct
798 2707 966 2782 impugnare
989 2709 1074 2767 aliter
1097 2709 1257 2768 sentientes
1276 2710 1420 2768 deuecta·

208 2815 258 2872 vit.
301 2813 404 2884 Neque
424 2811 581 2883 concessit,
603 2816 635 2869 ut
653 2809 831 2872 offerendum
853 2810 1039 2887 sacrificium,
1061 2813 1138 2885 quod
1161 2816 1255 2888 ajunt,
1278 2815 1418 2873 scientiae

211 2923 241 2976 et
268 2915 462 2975 eonscientiae
485 2913 626 2989 theologis
649 2915 897 2989 Tubiugensibus,
925 2917 983 2974 suis
1006 2916 1148 2989 quondam
1170 2917 1304 2996 collegis,
1329 2918 1420 2992 impo-

210 3025 344 3092 neretur,
373 3019 449 3093 quod
482 3019 507 3077 si
532 3017 633 3094 ficret,
666 3035 771 3079 revera
809 3019 1040 3078 renuntiaturum
1072 3037 1104 3079 se
1144 3037 1209 3080 esse
1243 3023 1421 3096 episcopatui

210 3125 374 3186 declarasse
401 3123 561 3198 dicebatur,
588 3125 659 3184 licet
689 3125 753 3198 ipse
776 3129 895 3198 propter
913 3125 1033 3198 politiae
1055 3125 1271 3184 ecclesiasticae
1293 3127 1421 3186 rationes

211 3229 382 3291 sacrificinm
408 3229 479 3288 illud
500 3229 532 3288 iu
553 3231 665 3289 occulto
695 3229 877 3304 aliquatenus
903 3230 1062 3294 obtulisset.
1106 3230 1152 3288 De
1174 3231 1302 3290 Honorio
1324 3229 1365 3306 I.,
1388 3235 1421 3289 ut

212 3337 314 3394 saltem
337 3336 432 3407 aliquo
451 3333 535 3392 modo
552 3332 734 3394 satisfaceret
757 3335 870 3404 curiae,
894 3337 954 3408 jam
972 3332 1206 3394 honorificentius
1227 3351 1311 3408 quam
1334 3340 1422 3394 antea

210 3439 289 3512 loqui
305 3453 389 3510 posse
409 3437 465 3496 sibi
486 3439 563 3495 visus
586 3444 640 3499 est.
684 3438 857 3512 Nuperrimo
876 3437 992 3497 demum
1014 3456 1050 3498 eo
1070 3439 1225 3513 perductus
1248 3443 1306 3512 est,
1337 3445 1369 3496 ut
1391 3439 1421 3496 in

212 3558 317 3616 magno
340 3540 675 3599 Romanooatholioomm
703 3547 846 3600 conventu
868 3540 1054 3602 Constantiae
1076 3543 1183 3616 habito,
1205 3543 1318 3616 publice
1340 3559 1447 3601 reve·

215 3662 284 3704 cans
307 3659 386 3718 quae
414 3643 557 3718 quondam
578 3645 731 3720 docuerat,
762 3643 957 3722 eonfiteretur,
985 3664 1097 3707 errasse
1121 3648 1259 3721 spmodum
1281 3646 1423 3706 Constan-

214 3751 351 3825 tiensem,
390 3765 477 3822 quum
510 3746 676 3808 definitione
718 3767 771 3809 sua
803 3750 911 3825 Papam
942 3751 972 3809 in
1005 3757 1178 3826 perpetuum
1207 3751 1423 3811 subordinesset

214 3855 343 3917 Concilio
369 3853 534 3914 universali.
580 3854 764 3928 Quamquam·
783 3856 872 3914 etiam
902 3860 963 3914 tum
989 3873 1042 3930 pro
1068 3857 1222 3929 prudentia
1245 3862 1274 3914 et
1297 3857 1423 3916 versutia

214 3977 267 4019 sua
294 3961 338 4019 ita
357 3961 470 4018 locutus
494 3963 552 4032 ost,
581 3965 614 4016 ut
643 3959 719 4019 uude
740 3977 798 4020 non
821 3961 933 4020 diceret
959 3978 991 4020 se
1014 3961 1134 4020 credere
1156 3961 1265 4036 Papam
1288 3960 1423 4021 infallibi-

214 4065 280 4124 lem.
325 4063 443 4123 Scilicet
475 4062 557 4123 ouria
588 4079 645 4121 non
675 4064 767 4122 miuus
793 4069 910 4123 versuta
936 4070 1017 4124 tauto
1052 4067 1113 4124 viro
1143 4065 1240 4139 aliqua
1268 4065 1424 4124 simulacra

216 4167 360 4226 libertatis
386 4169 536 4242 reliquisse
561 4164 703 4229 uidetur.²
760 4169 873 4244 Optime
901 4170 952 4228 illa
979 4175 1115 4245 noverat,
1144 4172 1174 4230 in
1201 4169 1358 4230 Germania
1387 4186 1423 4228 ex

216 4271 359 4346 episoppis
381 4274 525 4332 neminem
546 4290 620 4334 novo
639 4275 767 4349 dogmati
794 4275 940 4335 uhliorem
958 4275 1047 4335 fuisse
1069 4291 1156 4348 quam
1175 4277 1265 4335 tacito
1285 4275 1423 4348 obsequio

304 4511 331 4575 1)
350 4509 388 4560 Cf.
407 4508 492 4560 Taciti
508 4511 619 4564 Annales
637 4511 664 4574 1,
683 4515 723 4563 u.

302 4597 329 4666 2)
347 4595 445 4652 Ibidem
462 4596 492 4662 1,
512 4601 551 4652 l'l.
