3134 5054
259 255 311 310 272
740 256 842 307 Paarra
861 255 975 308 Paroars

257 469 427 544 improbari,
450 467 587 528 mnndum
601 465 684 528 fatali
701 468 848 529 desiderio
865 470 1053 544 evangelicae
1068 469 1200 529 veritatis
1215 485 1293 530 nunc
1307 467 1394 544 ferri,
1415 484 1468 527 uec

257 574 355 634 odiose
378 572 573 632 resistendum
597 571 680 634 esse‘

344 677 425 750 Quae
446 676 561 736 Eraami
579 674 751 752 ‚axiomata‘
773 667 830 756 (sic
852 677 928 734 enim
944 677 1084 750 inscripta
1100 669 1223 758 erant)¹
1251 679 1322 750 quin
1344 676 1383 736 ad
1405 693 1469 737 cou-

256 779 427 841 firmandum
466 780 671 854 sapientissimi
710 778 854 838 Electoris
895 795 965 854 erga
1004 779 1164 839 Lutberum
1202 781 1331 840 animum
1370 780 1470 838 summi

256 887 407 959 momenti,
429 885 516 943 immo
538 884 666 956 ingentis
691 883 828 956 ponderis
858 882 981 958 tuerint,
1013 885 1158 943 neminem
1185 884 1384 943 dubitaturum
1407 900 1469 943 ease

258 990 394 1064 arbitror,
425 989 474 1062 qni
504 1004 602 1047 rerum
630 992 719 1060 atque
740 1003 929 1061 personarum
951 989 1082 1047 rationes
1109 1003 1197 1061 supra
1219 989 1364 1061 expositas
1386 1003 1469 1046 accu-

259 1099 324 1154 rata
354 1091 589 1152 consideraverit
648 1091 809 1166 Episcopus
841 1090 958 1165 quidem
980 1091 1219 1166 Herbipolitanus
1240 1093 1344 1151 similia
1370 1092 1470 1151 eodem

258 1203 388 1272 tempore
411 1197 562 1256 Friderico
584 1195 749 1270 respondit,
771 1195 822 1255 sed
845 1195 990 1269 quantivis
1014 1212 1050 1256 ea
1071 1196 1210 1270 Priuceps
1233 1196 1354 1272 iecerit,
1383 1197 1469 1254 multu

257 1303 373 1376 gravium
395 1301 509 1360 Erasmi
528 1301 667 1375 judicium
688 1300 716 1358 ei
737 1300 829 1359 visum
853 1305 906 1360 est.
965 1300 1021 1358 Hic
1049 1317 1118 1360 vero
1142 1317 1218 1374 quac
1240 1301 1351 1374 scripta
1373 1299 1470 1373 Spala-

258 1407 321 1465 tiuo
343 1404 467 1466 dederat
487 1421 553 1464 mox
574 1405 705 1478 impense
728 1404 822 1463 oravit
840 1409 873 1462 ut
892 1403 947 1462 sibi
967 1402 1177 1480 redderentur,
1203 1421 1242 1463 ne
1265 1404 1343 1478 apud
1365 1403 1470 1462 Alcan-

258 1509 341 1568 drum
364 1507 458 1568 baud
481 1508 535 1568 sibi
558 1508 661 1567 forent
721 1507 834 1582 Quippe
863 1507 940 1566 hunc
970 1513 1030 1566 tum
1060 1509 1185 1567 maxime
1215 1505 1361 1567 formidini
1385 1513 1470 1580 atque

258 1613 373 1672 borroni
404 1613 433 1672 ei
460 1611 549 1672 inisse
578 1612 869 1672 commemoravimus.
922 1611 980 1671 Sed
1002 1612 1116 1672 Erasmi
1139 1612 1284 1672 desiderio
1306 1611 1470 1671 Fridericus

259 1718 352 1776 vetuit
372 1713 515 1776 satisfieri.
549 1715 694 1774 Publicari
710 1717 772 1789 eJus
786 1715 927 1790 judicium
948 1717 1041 1776 noluit
1064 1708 1153 1797 (quod
1168 1717 1351 1776 nibilominus
1365 1715 1470 1789 aliquot

258 1821 405 1880 mensibus
426 1825 493 1895 post
513 1819 610 1879 invitis
633 1825 719 1892 atquo
740 1821 845 1879 nesciis
859 1819 1118 1894 Vitebergensibus
1132 1820 1249 1894 Lipsiae
1264 1817 1372 1879 iactum
1387 1813 1468 1900 est)‚¹

257 1924 310 1984 sed
338 1925 400 1999 ipse
429 1924 502 1983 illud
532 1925 658 1983 auctoris
692 1939 778 1982 mauu
809 1924 947 1996 seriptum
983 1923 1168 1983 retinendum
1197 1925 1253 1984 sibi
1282 1939 1348 1985 esse
1378 1923 1466 1982 duxit.

258 2029 399 2088 Nimirum
420 2029 505 2104 hujus
525 2029 704 2102 potissimum
726 2028 781 2086 viri
801 2029 922 2101 ejusque
940 2029 1098 2088 amicorum
1121 2043 1263 2088 consensu
1285 2026 1378 2086 fretus
1404 2043 1466 2086 eou-

257 2137 304 2192 tra
332 2135 508 2193 voluntatem
537 2131 616 2192 sedis
645 2131 809 2206 Romanae,
841 2132 923 2204 euius
958 2131 1129 2206 dignitatem
1161 2123 1273 2191 summa
1303 2131 1467 2190 reverentia

258 2238 500 2312 amplectebatur,
530 2237 559 2314 in
581 2252 635 2295 aua
653 2236 802 2294 sententia
822 2233 940 2294 fortiter
970 2235 1110 2310 perstitit,
1137 2236 1256 2295 Nuntiis
1278 2235 1415 2309 precibus
1436 2251 1466 2292 ac

257 2342 409 2416 postulatis
429 2338 576 2400 Pontificis
595 2339 711 2398 nomine
734 2357 800 2400 eum
824 2338 1013 2414 fatigantibus
1036 2345 1067 2399 et
1090 2339 1227 2401 Coloniae
1244 2345 1276 2400 et
1292 2339 1466 2400 wormatiae

258 2446 397 2505 resistere
418 2445 563 2518 perrexit,
596 2441 703 2503 deindo
723 2443 883 2502 Luthernm
905 2460 964 2502 nou
985 2443 1070 2502 modo
1091 2459 1109 2501 a
1131 2442 1220 2504 Curia
1242 2445 1465 2504 excommunica·

258 2555 332 2622 tum,
355 2565 455 2606 verum
478 2548 565 2608 etiarn
588 2547 625 2606 ab
648 2546 774 2620 Imperio
795 2549 988 2622 proscriptum
1009 2563 1112 2626 securo
1133 2548 1196 2608 loco
1219 2547 1357 2622 abscondi
1376 2548 1466 2622 Jussit,

259 2667 381 2725 eumque
403 2667 479 2710 anuo
501 2657 581 2728 post,
608 2667 695 2725 quum
721 2651 789 2711 inde
818 2657 920 2711 contm
946 2651 1037 2726 ipsius
1063 2652 1211 2711 consilium
1241 2657 1273 2711 et
1293 2653 1466 2711 voluntatem
1526 2703 1527 2706 ,

258 2755 445 2829 Vitebergam
474 2771 607 2815 reversus
636 2760 727 2830 esset,
755 2771 773 2814 a
802 2771 921 2816 munere
951 2755 1057 2815 iterum
1085 2755 1264 2830 capessendo
1294 2773 1353 2816 nou
1381 2757 1467 2829 impe·

258 2859 340 2920 divit.
399 2859 479 2932 Quae
512 2860 609 2919 omnia
637 2860 680 2917 ita
706 2859 779 2934 egit,
812 2865 845 2918 ut
873 2877 892 2919 a
928 2860 1058 2935 legitima
1088 2859 1260 2920 Pontificum
1294 2861 1465 2920 auctoritate

257 2963 439 3024 immodicam
462 2981 562 3024 eorum
578 2963 789 3038 arrogantiam,
811 2977 885 3037 quae
900 2963 1039 3037 paulatim
1054 2965 1227 3039 irrepserat,
1250 2969 1337 3038 atque
1352 2979 1466 3039 pravum

257 3085 293 3130 ao
319 3085 488 3144 perversum
519 3069 607 3128 etiam
635 3083 791 3128 concessae
819 3069 968 3141 potentiae
1000 3085 1083 3128 usum
1119 3085 1185 3128 cum
1214 3070 1336 3130 Erasmo
1365 3069 1466 3128 discer-

257 3180 351 3234 neret
408 3171 523 3248 Optimc
551 3173 677 3247 sciebat,
710 3187 795 3245 quam
821 3177 903 3232 recte
933 3173 983 3231 isse
1013 3171 1150 3233 Coloniae
1185 3190 1249 3233 eam
1281 3172 1465 3248 significasset

257 3278 317 3337 odii
339 3279 369 3336 iu
391 3278 550 3337 Lutbarnm
574 3293 691 3336 causam
714 3293 779 3336 esse
802 3275 878 3351 quod
902 3281 933 3337 et
954 3278 1118 3351 superbiam
1142 3283 1174 3338 et
1196 3277 1348 3337 avaritiam
1369 3278 1465 3337 Romu·

259 3399 327 3440 nanu
354 3381 493 3442 audacter
520 3383 753 3457 impugnaviaset.
802 3381 1016 3458 Indulgentias,
1044 3382 1188 3456 aquibus
1209 3387 1302 3442 totum
1323 3382 1465 3442 discidium

257 3489 353 3544 ortum
375 3491 453 3561 erat,
475 3491 596 3560 propter
617 3487 755 3560 pecunias
778 3502 814 3545 ex
837 3487 873 3546 iis
896 3485 1089 3546 corradendae
1104 3493 1164 3546 tam
1178 3486 1321 3546 mordicus
1337 3485 1465 3546 allama-

258 3589 409 3664 nensibus,
440 3590 526 3649 etiam
549 3590 587 3650 ab
609 3591 672 3664 ipso
694 3589 834 3663 cajetano
857 3588 1018 3665 Cardinali,
1046 3589 1183 3650 deiensas
1213 3607 1277 3650 esse
1305 3591 1464 3650 Fridericus

257 3696 329 3754 satis
348 3695 426 3754 clare
449 3693 569 3754 viderat
628 3693 720 3765 Quam
747 3693 833 3753 foeda
858 3693 907 3752 isti
935 3699 1092 3768 praeterea
1118 3694 1272 3754 mendacia
1293 3701 1325 3754 et
1349 3692 1464 3754 artificia

257 3799 295 3859 ad
316 3799 440 3860 eundem
461 3796 548 3860 finem
570 3797 783 3873 assequendum
803 3797 1005 3872 intenderent,
1034 3799 1097 3873 ipse
1125 3799 1295 3858 certissimis
1316 3796 1465 3858 documen·

350 4031 375 4095 1)
394 4029 551 4080 Seekandori
561 4027 587 4090 I,
608 4031 666 4078 tto.
703 4026 812 4078 Luthcri
825 4043 885 4093 opp.
898 4028 979 4079 latina
996 4043 1049 4079 var.
1070 4043 1122 4092 aeq.
1142 4027 1180 4078 ed.
1198 4027 1306 4090 Eulang.
1321 4027 1354 4090 V,
1375 4031 1425 4077 2³9
1437 4039 1462 4072 as

345 4116 373 4182 2)
394 4116 501 4166 lloleata
520 4115 547 4164 id
566 4113 628 4164 tulit
644 4113 783 4176 Lutberus,
808 4114 851 4180 qui
874 4115 906 4165 ad
925 4113 1086 4180 Spoletinum
1103 4113 1260 4165 Wormatiae
1284 4111 1460 4164 vmsautend

258 4208 301 4256 tl.
319 4219 352 4256 m.
370 4201 447 4253 Febr.
473 4216 496 4253 a.
522 4205 588 4252 litt
615 4201 679 4252 baec
703 4199 820 4266 scripsit:
861 4201 930 4254 Mala
956 4216 1003 4252 nos
1030 4201 1127 4252 babent
1152 4214 1245 4252 arcusa
1271 4200 1400 4252 axiomata
1425 4197 1460 4247 illu

256 4290 359 4342 Erasmi
376 4296 402 4339 at
413 4287 544 4352 Principis
562 4291 650 4338 nostra
668 4303 791 4353 responsa
806 4288 913 4354 Lipsiae
931 4291 957 4339 at
972 4288 1058 4339 nascio
1078 4287 1123 4338 ubi
1141 4287 1193 4338 ista
1210 4293 1299 4338 curata
1311 4293 1380 4348 aunt,
1398 4287 1458 4351 ignu-

256 4376 372 4427 rantibus
390 4375 465 4424 uobis
480 4379 557 4441 atque
581 4373 643 4426 adeo
662 4375 829 4440 mirantibus,
853 4375 921 4425 nuda
937 4375 1093 4440 exemplaria
1116 4373 1265 4425 habuerint:
1289 4379 1379 4425 nostra
1396 4385 1458 4439 psus

256 4477 304 4512 noa
328 4468 395 4514 sunt.
443 4461 520 4513 Nihil
542 4465 581 4512 ast
597 4477 674 4529 argo,
701 4461 769 4530 quod
787 4478 835 4512 uos
854 4461 882 4512 iu
904 4462 953 4512 bac
976 4477 1004 4512 ra
1026 4477 1143 4526 accuses,
1165 4460 1346 4512 molestissima
1365 4461 1458 4510 sarantes

257 4563 301 4599 aar
319 4547 457 4612 editiones,
476 4563 541 4613 quaa
562 4551 587 4598 at
604 4563 651 4598 noa
668 4557 738 4598 matu
756 4551 781 4597 et
796 4548 920 4614 jactantia
937 4551 1069 4612 suspectos
1086 4547 1193 4600 iaciunt.
1237 4609 1239 4614 Ι
