3144 5092
650 266 737 320 Crrur
755 267 802 320 IV.

208 470 266 531 His
289 471 387 548 igitm
408 471 508 531 verbis
531 469 655 530 Carolus
678 468 738 546 ipsi
756 469 850 530 Paulo
868 469 967 548 Papae
989 472 1135 531 trabeam
1158 472 1339 550 reipublicae

106 578 280 639 christianae
304 579 510 640 condicionem
534 577 640 655 culpae
663 577 737 638 satis
760 577 838 637 clare
856 578 945 638 vertit
960 578 1081 656 jamque
1100 579 1179 640 idem
1196 580 1338 642 adversus

104 704 169 744 eum
196 685 301 746 odium
330 692 422 764 atque
448 689 651 762 contemptum
678 703 749 761 prae
777 702 810 744 se
837 685 908 760 lert,
941 703 1016 763 quae
1044 685 1122 746 haud
1150 687 1243 758 multo
1271 693 1338 765 post

104 792 222 870 scriptis
256 795 312 854 sed
347 813 407 854 non
439 793 527 854 editis
559 792 778 852 commentariis
807 793 871 852 suis
899 793 1010 871 ubique
1037 794 1148 871 prodit,
1181 795 1338 871 indignum

53 941 55 946 -
102 918 168 959 eum
190 906 254 960 tam
279 902 403 963 sublimi
426 918 551 960 munere
573 917 639 960 esse
661 899 773 959 ratus.l
820 899 915 974 Quam
938 920 1006 961 vero
1029 907 1108 962 recte
1130 903 1173 962 ita
1190 901 1243 962 ille
1258 903 1337 978 judi-

101 1007 223 1084 caverit,
253 1009 374 1069 invitus
401 1009 467 1086 ipsa
490 1007 692 1068 Pallavicinus
720 1007 806 1068 testis
829 1013 887 1084 est,
917 1009 1028 1087 quippe
1051 1009 1103 1086 qui
1126 1009 1163 1069 ad
1186 1028 1337 1070 removen-

100 1115 170 1174 dum
202 1135 221 1176 a
253 1117 341 1194 Papa
373 1116 509 1194 turpium
540 1133 714 1174 arcanarum
746 1114 969 1176 Buxetanarum
1001 1117 1114 1178 crimen
1146 1117 1178 1176 id
1208 1117 1338 1177 maxime

99 1227 217 1298 urgeat,
242 1225 328 1302 quod
351 1224 405 1284 ille
427 1227 530 1300 postea
552 1227 613 1282 tam
635 1223 755 1282 acerbas
777 1221 893 1283 litteras
916 1224 954 1282 ad
974 1224 1113 1284 Carolum
1131 1223 1258 1284 scribere
1277 1243 1338 1284 non

99 1330 248 1405 potuisset
272 1333 315 1406 ,si
338 1331 519 1392 conscientia
541 1329 752 1406 suggessisset,
776 1349 863 1408 posse
891 1330 947 1390 sibi
970 1351 988 1390 a
1012 1331 1136 1392 Caesare
1159 1331 1330 1410 exprobrari

100 1441 160 1495 tam
188 1438 365 1500 indecoram
392 1437 576 1512 aviditatem,
609 1443 669 1497 tam
697 1438 900 1516 impudentem
928 1438 1176 1500 simrdationem.²
1225 1439 1337 1518 hlajora

101 1544 195 1620 igitur
214 1547 248 1606 in
263 1547 423 1622 Pontifice,
443 1565 532 1624 quam
551 1563 625 1623 quae
644 1545 709 1622 ipse
729 1545 855 1624 scriptor
873 1547 987 1606 Jesuita
1005 1547 1127 1624 cogitari
1145 1565 1234 1625 posse
1252 1553 1336 1625 puta·

100 1651 161 1726 bat,
185 1655 343 1714 aviditatis
366 1659 396 1714 et
419 1653 620 1730 impudentiae
643 1653 715 1712 vitia
737 1659 829 1714 erant.
875 1654 1080 1716 Nihilominus
1100 1655 1207 1716 Caesar
1229 1655 1338 1716 litteris

100 1759 164 1820 suis
197 1761 287 1822 illius
319 1761 491 1821 violentiam
522 1779 583 1820 non
614 1760 747 1822 imitatus
779 1761 876 1822 verbis
904 1779 978 1822 usus
1005 1767 1051 1822 est
1079 1763 1151 1823 satis
1179 1763 1337 1823 moderatis

100 1884 199 1946 neque
228 1887 409 1948 responsum
437 1886 525 1928 suum
552 1868 698 1946 publicari
721 1869 823 1929 voluit.
869 1869 1036 1946 Reputabat
1058 1869 1138 1931 enim
1162 1887 1264 1930 secum
1286 1888 1338 1947 po-

100 1977 295 2038 tentissimus
322 1977 455 2037 omnium
483 1977 635 2054 princeps,
662 1976 727 2036 fieri
754 1976 841 2036 facile
863 1995 964 2054 posse,
992 1982 1027 2036 ut
1049 1977 1202 2036 Pontificis
1225 1977 1338 2036 auxilio

100 2081 212 2144 iterum
246 2089 347 2162 egeret
378 2084 610 2161 abhorrebatque
642 2084 678 2143 ab
706 2083 856 2158 omnibus,
890 2083 998 2161 quibus
1026 2085 1123 2161 ipsam
1151 2083 1337 2160 spiritualem

101 2189 257 2253 Romanae
280 2193 359 2253 sedis
383 2191 586 2252 auctoritatem
609 2191 772 2268 infringere
794 2191 951 2252 videretur.
994 2191 1037 2250 Eo
1059 2191 1180 2267 gravius
1198 2209 1267 2251 vero
1285 2191 1338 2252 alii

101 2305 171 2373 post
194 2300 387 2360 manifestata
409 2317 485 2358 nova
507 2299 560 2358 illa
583 2297 697 2376 papalis
721 2297 875 2375 superbiae
898 2305 928 2358 et
951 2298 1150 2359 simulationis
1174 2299 1338 2376 specimina

103 2404 244 2468 Caesaris
267 2407 420 2468 silentium
443 2407 582 2467 serebant
629 2405 697 2466 Non
720 2406 793 2466 satis
816 2405 890 2466 dura
912 2411 1011 2466 tantae
1034 2406 1227 2468 immanitatis
1250 2407 1337 2467 casti-

102 2515 182 2588 gatis
211 2516 251 2575 iis
274 2533 340 2576 esse
362 2533 450 2592 posse
472 2514 633 2574 videbatur.
675 2513 780 2592 ltaque
803 2515 943 2592 permulti
966 2515 1067 2575 libello
1090 2513 1143 2576 illo
1161 2515 1338 2594 Vitcbergae

102 2622 242 2700 vulgato,
266 2623 304 2682 de
331 2641 390 2700 quo
413 2621 558 2696 diximus,
583 2622 723 2682 honorem
743 2621 910 2684 Germanici
929 2623 1059 2684 nominis
1078 2628 1108 2684 et
1126 2623 1337 2686 conscientiam

103 2729 300 2792 christianam
323 2729 438 2790 fortiter
461 2729 604 2789 vindicari
627 2731 723 2806 gavisi
747 2735 824 2791 sunt.

215 2837 283 2898 illic
305 2837 386 2897 enim
409 2837 559 2898 Lutherus
582 2842 611 2896 et
635 2838 724 2898 medii
747 2839 811 2899 aevi
837 2839 959 2914 fabulis,
983 2841 1092 2918 quibus
1115 2841 1254 2920 universa
1277 2841 1338 2900 lere

102 2961 259 3006 sacrarum
290 2945 538 3022 profanarumque
574 2963 674 3005 rerum
711 2947 852 3006 memoria
888 2952 1026 3024 corrupta
1061 2965 1096 3006 ac
1128 2947 1231 3006 vitiata
1263 2951 1335 3020 erat,

102 3052 246 3113 biblicam
269 3057 299 3112 et
320 3052 491 3112 historicam
514 3052 667 3112 veritatem
691 3053 842 3130 opposuit,
872 3059 902 3113 et
923 3053 960 3112 ad
983 3053 1130 3127 convicia,
1159 3071 1234 3130 (luae
1257 3051 1337 3129 Papa

104 3160 247 3220 simulato
275 3177 374 3220 amore
402 3164 524 3237 paterno
551 3160 584 3218 in
613 3160 767 3220 Caesarem
790 3165 820 3220 et
841 3160 985 3238 populum
1009 3159 1216 3220 Germanicum
1239 3159 1337 3236 palam

104 3267 288 3343 effutiverat,
317 3267 358 3326 ita
380 3266 544 3344 respondit,
572 3268 617 3326 uti
645 3267 704 3346 ipsi
728 3267 844 3342 Carolo,
873 3267 898 3326 si
922 3267 1076 3326 eluistiani
1098 3267 1247 3344 Principis
1270 3285 1336 3344 per·

105 3394 211 3436 sonam
242 3393 346 3435 revera
377 3375 499 3451 egisset,
532 3375 602 3436 licet
634 3375 812 3436 cautioribus
845 3375 943 3435 verbis
971 3375 1070 3452 palam
1098 3375 1337 3452 respondendum

105 3487 179 3544 erat
225 3481 306 3542 Dicit
332 3482 474 3541 nimirum
500 3481 664 3558 Lutherus,
691 3483 803 3561 Papam
831 3483 989 3542 admodum
1017 3481 1178 3544 sollicitum
1206 3501 1272 3544 esse
1299 3483 1337 3543 de

107 3589 214 3652 Carolo
246 3589 307 3649 filio
341 3607 407 3665 suo,
440 3590 524 3667 quasi
552 3595 673 3667 propter
699 3596 764 3652 uota
792 3591 943 3668 Spirensis
970 3589 1085 3651 coelum
1113 3595 1248 3668 terraque
1276 3591 1337 3650 sint

106 3697 229 3757 ruitura.
275 3696 360 3756 Nihil
387 3701 486 3757 tamen
513 3697 594 3756 aliud
621 3698 749 3758 comitiis
777 3698 839 3758 illis
866 3698 1050 3758 commisisse
1079 3697 1247 3772 Caesarem,
1275 3696 1335 3756 nisi

108 3805 188 3883 quod
210 3805 414 3864 imminentem
436 3804 469 3863 in
492 3805 578 3864 terris
597 3803 780 3865 Germanicis
804 3805 959 3882 sanguinis
982 3805 1156 3865 effusionem
1180 3803 1336 3881 prohibue-

108 3913 160 3986 rit,
192 3912 228 3970 ad
261 3911 460 3972 resistendum
488 3911 593 3972 Trucis
625 3913 757 3970 omnium
790 3913 926 3972 ordinum
954 3911 1138 3972 concordiam
1165 3911 1335 3986 restituerit,

108 4019 237 4098 denique
259 4019 296 4079 de
319 4019 503 4079 concilianda
525 4019 665 4080 ecclesiae
684 4038 768 4097 pace,
792 4021 948 4097 postquam
966 4037 1020 4096 per
1038 4023 1164 4097 quabror
1181 4023 1212 4078 et
1231 4017 1336 4094 viginti

107 4145 202 4186 annos
233 4126 390 4186 concilium
419 4126 587 4186 universale
614 4146 632 4186 a
657 4127 748 4205 Papis
776 4127 885 4186 frustra
914 4125 1103 4202 flagitaverit,
1138 4125 1335 4199 Constantini,

108 4233 278 4308 Theodosii,
308 4233 405 4294 Caroli
428 4234 528 4310 liugai
552 4233 735 4313 aliorumque
758 4233 895 4312 exempla
918 4239 1051 4308 secutus,
1080 4233 1146 4310 ipse
1169 4231 1336 4310 prospicere

108 4395 255 4403 μ---
281 4395 293 4400 -
309 4395 320 4400 .-

217 4479 243 4546 1)
262 4479 366 4546 Runke,
386 4479 521 4534 lleutsohe
540 4479 699 4534 Geschiohtc
719 4479 769 4546 Vl,
790 4479 853 4533 78s.

216 4569 243 4638 2)
263 4569 365 4623 Pallor.
385 4569 439 4638 Ill,
460 4571 489 4638 5,
512 4569 552 4624 10.
