3134 5054
643 301 734 352 Gerar
752 301 810 352 XV.
1289 303 1341 356 333

118 513 299 572 circumlatis
320 514 408 573 variis
430 515 494 587 ejus
517 514 613 573 verbis
635 513 837 587 hostiliterque
866 530 901 572 ex
933 519 1017 586 purte
1040 513 1161 574 detortis
1184 515 1341 576 vehemen-

117 617 232 674 tissime
255 617 359 692 iratns,
389 618 479 677 semel
510 613 602 678 edhu'c
626 623 727 677 contra
749 618 831 676 illnm
862 619 967 692 erupit.
1028 617 1119 690 Quam
1142 618 1263 678 adrem
1286 637 1342 694 quo

118 726 211 794 pacto
235 719 444 794 deplorandum
473 724 505 782 in
531 722 647 782 modum
678 723 832 796 instigatus
862 723 915 795 sit,
946 722 1148 795 explicandum
1170 723 1252 782 nobis
1276 725 1341 784 erit.

120 825 236 898 Quippe
258 826 365 885 invitus
388 827 450 900 ipae
473 827 612 886 Erasmus
633 842 738 885 novam
760 826 893 900 litigandi
913 841 1029 885 cansam
1045 827 1073 884 ei
1087 827 1221 899 praebuit
1235 829 1342 901 scripto

119 929 236 1003 libello,
263 946 320 1002 quo
351 932 433 1004 quasi
464 931 543 991 editu
572 931 674 990 ultime
696 930 843 989 voluntate
873 931 971 988 omnia
992 931 1181 1007 integerrime
1200 931 1342 990 nobilissi-

121 1050 229 1108 maque
251 1035 404 1106 praeteriti
428 1037 566 1110 temporis
588 1034 685 1094 studia
706 1051 758 1108 pro
780 1051 852 1108 pace
868 1040 1003 1107 suscepta
1018 1035 1226 1109 complectitur.
1260 1035 1342 1108 Quae

121 1138 218 1197 studia
239 1139 337 1212 qualis
356 1140 414 1198 illie
436 1139 538 1199 diebos
560 1139 681 1212 fuerint,
701 1140 762 1213 jam
779 1139 1009 1200 memorabimus.

213 1243 367 1317 Postquam
386 1244 525 1304 Erasmus
550 1243 587 1303 ad
610 1243 713 1302 librum
736 1243 773 1302 de
796 1259 879 1303 servo
902 1243 1024 1302 arbitrio
1048 1260 1083 1302 eo
1113 1261 1199 1317 quem
1219 1244 1342 1304 diximus

122 1347 209 1406 modo
232 1348 397 1422 respondit,
421 1365 521 1407 omnes
544 1347 606 1407 lere
627 1347 749 1407 Lutheri
771 1347 856 1406 amici
880 1347 1032 1406 admodum
1055 1349 1160 1422 injuste
1184 1355 1216 1407 et
1238 1366 1341 1424 aspere

121 1451 161 1508 de
185 1451 236 1511 illo
259 1452 470 1512 exisdmabant.
530 1453 603 1511 Inde
634 1452 669 1511 ab
699 1467 735 1511 eo
761 1456 891 1526 tempore
913 1457 1100 1525 praesumpta
1128 1469 1218 1526 prava
1244 1455 1341 1527 opinio

122 1558 203 1615 inter
237 1573 287 1616 eos
314 1557 485 1630 praevaluit
545 1557 647 1631 Neque
678 1562 777 1616 tumen
805 1555 975 1631 defuerunt,
1008 1557 1056 1628 qui
1084 1557 1121 1615 de
1155 1558 1221 1631 illo,
1255 1575 1342 1632 quum

123 1661 344 1735 hyperaspistes
379 1663 441 1735 ejm
470 1661 557 1721 valde
587 1662 812 1735 impmbaesent,
846 1667 949 1734 postea
975 1662 1097 1733 aequius
1133 1662 1239 1721 iterum
1264 1663 1343 1737 judi-

123 1770 236 1824 carent
282 1764 373 1839 quue
397 1781 467 1824 vere
489 1767 612 1839 meruit,
643 1766 779 1838 qnoniam
808 1781 867 1823 uon
898 1764 982 1824 modo
1012 1765 1196 1838 gravissimas
1218 1767 1340 1839 injurias

122 1869 162 1928 ab
185 1869 237 1928 illa
258 1875 342 1943 parte
365 1869 421 1928 sibi
444 1870 540 1929 illatas
563 1871 715 1944 ignoscere
738 1873 858 1942 paratus
880 1875 959 1943 eret,
982 1885 1083 1928 verum
1106 1871 1194 1929 etiam
1209 1872 1240 1928 in
1255 1873 1340 1930 resti·

122 1973 235 2032 tuenda
255 1975 332 2033 inter
362 1989 462 2033 omnes
491 1975 620 2033 sinceros
643 1972 822 2032 Christianos
850 1973 1004 2032 concordia
1029 1990 1147 2048 operam
1170 1991 1338 2034 consumere

122 2080 261 2150 perrexit
305 2079 353 2138 Ita
375 2081 437 2138 vult
466 2079 597 2153 componi
622 2095 702 2152 rem,
731 2084 764 2137 ut
792 2084 916 2151 unaque
939 2095 1006 2152 pare
1029 2080 1170 2138 concedat
1191 2080 1341 2139 victoriam

122 2184 241 2242 veritati
264 2189 294 2242 et
312 2183 421 2258 moriae
441 2182 555 2242 Christi.
615 2183 654 2242 Ut
676 2183 830 2242 universae
852 2183 1000 2256 religionis
1022 2188 1155 2258 nostrae,
1184 2184 1227 2244 ita
1247 2184 1343 2244 ecele-

122 2289 186 2346 siae
207 2287 334 2347 indolem
363 2304 427 2347 esse
458 2288 676 2347 unanimitatem
705 2293 736 2346 et
757 2303 875 2360 paoem:
905 2303 943 2346 an
961 2287 1025 2360 plus
1047 2288 1139 2361 possit
1161 2288 1342 2362 inperitum

123 2407 246 2466 corpore
279 2397 401 2452 naturae
435 2408 581 2452 connexus
622 2409 707 2466 quam
748 2393 778 2450 in
808 2393 929 2466 mystico
964 2398 995 2451 et
1027 2393 1204 2451 inmortali?
1270 2392 1342 2452 (lum

122 2495 366 2572 Melanchthone,
396 2498 535 2571 quem—in
556 2495 765 2557 conscribendo
787 2496 887 2555 libello
909 2495 945 2554 de
969 2511 1052 2555 servo
1074 2497 1195 2556 arbitrio
1218 2497 1342 2557 Lntheri

122 2599 344 2674 logedaedalum
384 2600 473 2659 fuisse
512 2599 584 2660 falso
616 2600 777 2674 suspicatus
809 2605 889 2674 erat,
932 2600 1089 2658 amicitiam
1123 2602 1274 2660 renovavit
1311 2607 1342 2662 et

123 2721 214 2777 nsque
237 2705 274 2764 ed
296 2711 417 2766 mortem
440 2706 574 2765 servavit.
619 2705 712 2779 Hujus
734 2705 894 2763 doctrinam
918 2709 948 2762 et
970 2705 1058 2763 animi
1074 2705 1229 2765 candorem
1252 2707 1341 2765 etiam

122 2826 223 2868 coram
245 2810 419 2870 adversariis
441 2809 560 2869 laudare
580 2827 637 2869 uon
665 2810 761 2869 desiit.
820 2809 1001 2868 visitationis
1025 2809 1185 2870 Saxonieae
1212 2817 1342 2885 tempore

122 2915 240 2987 gavisus
264 2919 309 2974 est
329 2913 463 2990 audiens,
493 2913 654 2974 Lutherum
683 2931 731 2974 res
763 2914 901 2988 quasdam
924 2915 1037 2972 cautius
1058 2919 1145 2988 atque
1168 2915 1266 2973 mitius
1288 2916 1342 2974 ali-

122 3025 357 3094 quantosque,
381 3019 483 3079 eodem
506 3025 635 3092 tempore
656 3017 805 3078 debilitari
828 3020 855 3078 ei
877 3018 951 3076 falso
973 3017 1126 3076 ridebatur
1146 3019 1209 3090 ipse
1232 3018 1341 3077 Luthe-

101 3121 283 3197 vrapiemus,
305 3141 370 3183 mox
388 3125 500 3198 timuit,
525 3141 562 3183 ne
586 3125 611 3182 si
630 3129 707 3183 totns
729 3124 779 3182 ille
801 3123 986 3196 obrueretur,
1018 3127 1064 3194 ,nt
1087 3120 1232 3194 quondam
1252 3122 1341 3195 Assy·

122 3229 247 3302 riorum,
270 3228 438 3303 Medorum,
462 3227 656 3301 Graecorum,
679 3228 721 3286 its
743 3227 948 3286 monachorum
972 3231 1023 3283 ant
1045 3225 1197 3284 stultorum
1219 3241 1340 3299 regnum

123 3333 296 3392 exsisteret‘
354 3334 499 3408 Noverat,
530 3349 548 3392 a
576 3335 658 3392 curia
688 3331 818 3391 Romana
846 3331 963 3390 incitari
993 3328 1149 3390 Caesarem
1180 3329 1217 3388 ad
1246 3331 1341 3404 oppri-

122 3436 243 3496 mendos
266 3437 304 3502 ri,
318 3442 528 3511 protestantes,
552 3434 712 3512 ,Pontifici‘
736 3437 790 3508 ait,
824 3435 1022 3510 spectaculum
1044 3451 1101 3494 non
1124 3435 1267 3508 ingratum
1291 3434 1342 3495 da·

122 3548 203 3602 turos
235 3559 299 3602 esse
328 3541 488 3602 Germanos
518 3558 550 3601 se
577 3547 676 3600 mutue
704 3542 822 3600 laniena
859 3538 1065 3601 conficientes‘
1116 3527 1237 3614 Scripsit
1267 3557 1342 3601 com-

122 3647 233 3720 pluries
267 3647 304 3706 ed
338 3646 487 3721 carolum,
520 3646 754 3719 Ferdinandum,
796 3643 951 3720 Georgium
984 3645 1111 3720 Ducem,
1146 3645 1341 3720 Granvellam,

124 3749 326 3826 Campeginm,
361 3753 518 3825 implorans
548 3768 598 3811 eos
627 3769 664 3811 ne
696 3751 838 3810 violenter
868 3749 938 3822 quid
977 3748 1163 3808 molientibus
1194 3750 1341 3809 cederent.

123 3853 290 3915 Sadoletum
319 3854 503 3916 Oardinslem
536 3857 634 3916 oblata
661 3854 812 3913 occasione
843 3853 1008 3926 admonuit,
1050 3869 1108 3912 non
1136 3859 1196 3911 tam
1224 3854 1340 3911 sinistre

124 3966 154 4018 et
183 3959 340 4035 hostiliter,
372 3977 458 4034 qnam
488 3961 572 4034 vulgo
600 3958 697 4032 fieret,
727 3959 764 4017 dc
795 3956 925 4016 omnibus
949 3955 1124 4016 Lutherenis
1156 3955 1341 4031 cogitandum

123 4079 196 4124 esse.
241 4064 324 4138 Quod
345 4067 424 4124 inter
446 4081 482 4124 ea
505 4065 594 4124 ssime
617 4063 745 4139 videtur,
767 4076 841 4136 quae
865 4059 1031 4119 Sadoletum
1054 4066 1219 4136 moverunt,
1248 4065 1280 4118 nt
1303 4059 1341 4118 ed

123 4168 379 4229 Melancbtbonem
415 4170 634 4229 celeberrimam
664 4167 813 4241 epistolam
848 4165 1022 4224 amicissimo
1059 4167 1155 4224 animo
1190 4165 1342 4224 scriberet.

123 4271 304 4347 Ubicumque
338 4273 476 4333 Erasmus
509 4275 588 4333 iuter
621 4273 771 4346 episcopos
805 4271 878 4330 vidit
911 4270 1038 4343 aliquem
1073 4269 1109 4328 ad
1139 4269 1278 4328 liberiora
1313 4273 1343 4327 et

122 4377 244 4436 meliore
266 4378 386 4437 consilia
417 4379 622 4452 inclinantem,
654 4383 687 4436 ut
707 4376 904 4435 Hermennum
935 4373 1134 4433 Coloniensem
1169 4379 1200 4432 et
1224 4373 1342 4447 similes,
1376 4368 1378 4376 ’

124 4481 281 4542 amicitiam
302 4488 421 4542 nectere
441 4482 558 4541 studuit.
601 4465 667 4540 'Sic
689 4481 809 4540 enhnati
831 4479 928 4553 plnres
950 4479 1020 4553 viri,
1050 4479 1100 4551 qui
1122 4493 1252 4536 summae
1274 4491 1342 4536 ano·

124 4587 248 4644 toritatis
279 4594 379 4662 erant,
411 4603 486 4646 anno
522 4587 650 4661 ejusdcm
685 4586 776 4643 seculi
807 4585 952 4643 tricesimo
977 4585 1106 4657 impense
1136 4582 1173 4641 eb
1202 4598 1238 4640 eo
1267 4583 1342 4654 peti·
