3156 5056
627 301 720 351 Cnrnr
739 299 786 350 1x.
1263 299 1316 356 228

103 511 235 570 humanis
253 512 414 571 rationibus
435 512 506 571 licet
524 512 700 586 gravissimis
721 513 844 572 retineri
865 529 924 572 nou
939 519 1065 586 poterat
1111 511 1241 590 cunum,
1260 531 1318 589 quo

104 617 268 675 accuratius
298 619 360 691 ejus
390 618 603 690 corruptionem
632 615 841 690 perspiciebat,
872 633 908 676 ee
938 617 1048 691 acrius,
1079 617 1218 692 quidquid
1248 617 1317 679 inde

105 727 273 780 eventurum
296 727 389 794 esset,
411 721 527 796 publice
549 721 748 780 insectandam
771 720 917 781 censebat
962 721 1046 794 Quod
1070 721 1101 780 iu
1125 721 1316 797 ,captivitato

104 824 292 899 Babylonics‘
315 831 346 884 at
367 827 400 884 in
422 825 657 885 commentariolo
679 833 745 899 post
767 831 869 885 exusta
892 825 1013 885 decreta
1036 823 1188 886 Pontificio
1210 827 1318 902 scripto

104 935 187 988 tauta
218 947 283 988 cum
315 931 502 990 vehementia
532 931 606 1004 egit,
639 936 673 988 nt
701 929 738 990 dc
768 929 845 989 illins
878 930 1082 990 emendatione
1108 931 1171 1005 jam
1201 947 1319 1006 prorsus

105 1035 262 1109 desperare
291 1042 322 1094 et
350 1035 459 1095 abolito
488 1037 567 1095 omni
596 1035 721 1108 primatu
751 1035 849 1110 papali
880 1035 1008 1109 singulas
1034 1041 1145 1096 tantum
1169 1035 1319 1112 ecelesias,

105 1140 191 1198 nubis
213 1142 342 1199 externis
364 1141 505 1200 institutis
528 1145 558 1199 et
580 1139 694 1214 legibue
716 1141 795 1200 inter
815 1155 847 1200 se
870 1141 1052 1216 conjunctas,
1076 1141 1203 1214 reliques
1221 1141 1319 1202 fucere

104 1243 260 1304 videretur.
309 1243 356 1303 Sic
387 1249 450 1304 tota
482 1245 567 1304 sinum
600 1249 723 1304 exterus
756 1244 898 1304 eeclesiae
932 1245 1041 1319 unitas,
1075 1245 1161 1319 louge
1189 1245 1319 1320 plurimis

105 1349 269 1422 aequalium
286 1351 355 1422 jure
378 1365 412 1408 ac
432 1349 537 1409 merito
560 1349 755 1425 sanctissima,
783 1349 958 1424 periclitari,
987 1351 1074 1408 immo
1097 1349 1215 1410 dissolvi
1239 1349 1320 1410 vido·

104 1454 202 1528 batur,
239 1455 411 1526 praesertim
445 1469 531 1527 quum
565 1453 711 1513 liudierus
748 1455 837 1513 edam
867 1453 997 1514 concilia
1027 1453 1185 1514 Generalis
1219 1469 1319 1516 errare

104 1573 188 1631 posse
219 1565 249 1617 et
276 1574 390 1617 errasse
419 1559 594 1618 ostenderet.
639 1558 704 1617 Non
734 1557 851 1633 mirum,
881 1557 957 1634 quod
985 1565 1017 1619 et
1043 1559 1139 1633 multi,
1171 1559 1218 1633 qul
1241 1559 1320 1619 haud

104 1677 213 1735 paneas
247 1665 309 1737 ejus
341 1664 501 1722 sententias
532 1661 683 1722 admodum
716 1663 924 1738 probaverant,
957 1663 1034 1723 ultra
1061 1663 1153 1737 justos
1181 1663 1321 1722 termines

106 1783 172 1824 enm
195 1765 265 1826 ferri
287 1771 474 1841 putaverunt,
502 1771 533 1825 at
554 1765 714 1826 Pontificiis
736 1783 807 1827 snae
830 1783 934 1828 causas
957 1767 1150 1842 patrocinium
1172 1767 1320 1840 aliquanto

105 1869 219 1928 facilius
247 1869 355 1930 factum
382 1876 434 1931 est.
482 1871 585 1945 Neque
610 1873 687 1932 enim
710 1873 817 1958 astutia
838 1871 991 1948 carebant,
1019 1889 1076 1946 qua
1098 1871 1178 1931 illum
1203 1871 1320 1946 J'ectatls

104 1975 381 2047 imprudentioribus
417 1975 588 2048 quibusdam
625 1979 688 2051 eJ'us
724 1975 821 2036 verbis
859 1981 891 2036 ut
927 1975 1021 2036 dirum
1054 1975 1144 2050 ipsius
1177 1973 1321 2036 eeclesiae

105 2080 217 2138 hostem
246 2079 450 2154 depingerent,
480 2095 561 2155 suam
588 2097 658 2141 vero
683 2081 843 2155 nequitiam
866 2085 1021 2155 praetexta
1043 2079 1223 2154 reipublicae
1246 2077 1322 2138 ebrl-

105 2187 218 2245 stiauas
249 2201 320 2244 cura
350 2191 492 2260 tegerent.
553 2185 675 2261 Semper
708 2185 823 2260 quidem
859 2183 1003 2245 Lutherus
1040 2201 1179 2245 summam
1213 2183 1322 2244 veterh

106 2291 248 2350 ccclesiae
270 2289 418 2350 Romanae
446 2291 641 2350 reverentiam
665 2296 695 2350 et
716 2289 839 2350 Romani
862 2287 1024 2364 Pontificls,
1054 2287 1209 2349 dummodo
1235 2303 1321 2348 osan·

105 2395 212 2468 gelinm
248 2411 286 2454 ne
323 2394 477 2468 impediret
515 2401 601 2468 atque
641 2395 791 2469 episeopus
830 2395 934 2454 iterum
974 2409 1029 2452 uec
1063 2399 1201 2469 tyrannus
1236 2397 1323 2468 esset,

105 2498 319 2558 oboedientiam
335 2498 427 2558 adhue
442 2497 639 2573 profitebatur.
671 2499 781 2559 Verum
802 2497 942 2574 ejusmodi
965 2495 1105 2574 professio
1125 2499 1186 2572 jam
1205 2497 1322 2572 Jamque

105 2605 177 2662 satis
204 2619 272 2662 rara
300 2609 331 2662 et
359 2603 497 2679 languida
524 2602 603 2663 facta
634 2609 694 2678 eet3
725 2601 899 2664 crescebant
925 2609 955 2663 et
982 2600 1224 2679 ingravescehent
1247 2615 1321 2675 quae

106 2722 171 2764 eam
200 2708 303 2767 tollere
331 2707 518 2782 videbantur,
547 2724 635 2768 saeva
658 2707 769 2782 judicia
797 2709 834 2768 de
865 2707 1020 2768 insanabili
1049 2707 1148 2768 cudae
1172 2705 1321 2767 Romarm

105 2810 389 2872 antichristianismo.
434 2812 518 2872 Talia
544 2813 569 2872 si
591 2813 687 2887 aliquo
709 2812 793 2873 mode
815 2813 1006 2888 repressisset
1028 2811 1186 2889 Luthems,
1217 2811 1241 2871 si
1264 2809 1322 2871 fer-

104 2917 164 2974 tius
192 2931 227 2976 ao
257 2915 432 2991 distinctius,
461 2931 546 2990 quam
576 2933 643 2976 eum
672 2917 777 2977 facisse
807 2917 951 2992 videmus,
982 2921 1158 2992 potestatem
1188 2917 1322 2992 papalem

103 3035 164 3078 non
188 3019 360 3079 abolendam
382 3019 434 3080 scd
457 3017 669 3080 reformandam
693 3037 758 3080 ease
780 3020 973 3094 declarasset,
996 3021 1021 3080 si
1041 3019 1166 3094 deniqne
1188 3035 1323 3080 neceesa-

102 3126 178 3182 riam
201 3124 231 3182 in
256 3123 382 3183 ecclesia
404 3124 568 3197 doctrinae,
593 3127 713 3200 rituum,
742 3126 838 3198 legum
864 3127 1052 3184 mutationem
1074 3129 1134 3182 tam
1158 3123 1237 3182 clare
1260 3123 1322 3196 qul·

104 3229 186 3302 dem,
216 3230 268 3290 sed
298 3231 387 3288 ctiam
414 3235 474 3290 tam
504 3237 591 3290 caute
617 3235 648 3288 et
669 3229 800 3289 modeste
823 3247 908 3304 qnam
931 3229 1069 3288 Erasinus
1091 3227 1270 3303 exposuisset
1293 3231 1324 3286 et

103 3331 203 3392 futuro
234 3331 363 3392 Concilio
391 3333 529 3394 Generali
559 3335 777 3404 commississet,
808 3333 988 3394 Wormatiae
1018 3333 1104 3407 longe
1134 3333 1322 3408 plurimorum

103 3439 238 3510 plausum
269 3437 346 3496 ferre
371 3435 511 3511 potarat¹
556 3438 631 3497 Nam
658 3437 797 3512 ejusmodi
829 3438 949 3498 oonsilio
979 3437 1104 3511 ipsorum
1135 3435 1321 3498 Cornitiornm

103 3542 167 3600 illic
190 3547 428 3616 congregatorum
456 3542 575 3602 decreta
604 3543 742 3602 nonnulla
769 3544 891 3618 egregie
917 3540 1065 3602 favebant.
1110 3541 1208 3603 Etiam
1231 3541 1323 3602 Geor·

104 3647 173 3720 gius
193 3647 335 3707 Saxoniae
350 3645 416 3704 Dux
438 3647 545 3721 aliique
560 3647 820 3723 Vitebergenslbus
835 3645 1016 3707 infestissimi
1032 3664 1090 3708 non
1105 3649 1199 3706 minus
1214 3649 1324 3707 acriter

104 3765 193 3824 qnam
214 3749 358 3809 Lotbams
389 3757 552 3826 corruptam
580 3751 686 3814 Curiae
716 3759 747 3812 et
773 3753 926 3814 Ecclesiae
950 3753 1102 3812 Romanae
1125 3751 1322 3811 condicionem

104 3853 306 3929 querebantur
328 3855 448 3930 ejnsqne
470 3855 707 3917 reformationem
722 3874 778 3930 per
792 3859 946 3917 consilinm
961 3857 1125 3916 mvemale
1142 3853 1324 3914 efficiendam

105 3958 323 4021 desiderabant
368 3961 470 4036 Neque
504 3961 542 4022 ab
574 3963 715 4037 ejusmodi
749 3964 903 4021 sententiis
935 3963 971 4036 ii,
1004 3963 1053 4035 qni
1075 3961 1176 4035 juveni
1205 3957 1324 4020 Caesari

106 4071 195 4126 crant
223 4081 242 4124 a
269 4067 411 4142 conciliis,
442 4067 651 4142 abhorrebant,
680 4067 736 4126 nisi
761 4067 838 4140 qued
864 4067 1000 4141 politicae
1023 4065 1151 4124 mhones
1173 4063 1250 4140 apud
1274 4079 1324 4125 eos

105 4171 188 4245 plus,
210 4185 296 4245 quam
318 4173 450 4232 veritatis
470 4179 503 4238 ⁴et
518 4173 651 4248 jusdhae
674 4188 773 4246 curae,
795 4173 940 4231 valebant.
977 4171 1138 4245 Praedpue
1161 4169 1191 4229 iu
1215 4168 1324 4230 ltaliofs

106 4275 198 4334 rebus
217 4275 255 4336 ad
268 4275 366 4350 Papae
388 4277 516 4337 animum
538 4277 650 4338 utiliter
670 4275 846 4336 flectendum
867 4283 898 4335 et
920 4293 938 4334 a
959 4275 1214 4348 Franoogallomm
1239 4279 1323 4350 parte

108 4380 298 4441 avertendum
320 4381 488 4443 Lutbcrana
510 4397 599 4443 mma
621 4383 663 4441 uti
690 4381 853 4442 studebant
898 4381 932 4440 Id
954 4381 1134 4442 Wormatiae
1157 4381 1236 4442 clare
1257 4397 1322 4456 por·

203 4605 228 4670 1)
245 4605 283 4658 Cf.
302 4605 403 4670 Ranks,
420 4605 548 4658 Danteche
566 4605 720 4656 (ieacbichie
738 4611 784 4654 ata
804 4603 826 4666 1,
839 4607 900 4654 332.
