3194 5042
220 243 272 299 138
763 243 850 299 Carus
868 244 901 297 V.

549 338 740 346 ..κ-...μψ--η-

220 465 253 508 eo
281 443 486 508 vehementius
508 447 606 526 Papae
634 447 818 507 stomachum
845 451 1009 508 moverunt.
1055 445 1113 522 Qui
1135 447 1223 508 illurn
1246 448 1346 508 subito
1369 467 1454 508 arer-

221 559 303 615 satus
335 559 394 630 est,
427 559 528 632 postea
555 555 706 616 Bmsoiam
733 555 811 614 mitti
837 555 940 632 jussit,
973 573 1027 633 per
1053 554 1176 632 longum
1203 560 1323 633 tempus
1352 555 1454 616 videre

219 662 323 722 noluit.
369 662 435 722 Jam
459 662 545 722 initio
568 667 667 722 autem
690 662 816 738 Magnus
839 662 922 738 Dux,
950 680 1043 740 quum
1065 662 1152 722 11111111
1175 667 1205 723 et
1228 663 1456 741 Campauellarn

220 769 345 831 Galilaei
368 767 570 848 procuratores
588 787 655 830 esse
672 769 828 844 voluisset,
851 769 1006 848 repulsam
1021 770 1137 830 tulerat
1175 770 1298 831 Frustra
1315 771 1456 848 ejusdem

220 877 339 938 nomine
361 878 557 956 probissimus
580 879 645 955 ejus
667 877 784 954 legatus
807 877 981 939 Nicoclinus
1003 878 1040 938 ab
1063 877 1180 938 Urbano
1203 878 1303 956 petiit,
1326 883 1364 938 ut
1388 897 1456 957 spa-

219 985 295 1048 tium
318 985 437 1046 daretur
456 984 587 1046 Galilaea
611 1003 643 1046 se
665 985 842 1045 defendendi
866 991 896 1046 et
918 985 1078 1063 purgandi3
1102 985 1255 1062 respondit
1276 985 1330 1046 ille
1349 987 1456 1060 iratus,

221 1091 328 1153 Sanmo
351 1091 456 1153 Officio
481 1092 559 1152 nihil
580 1091 662 1152 aliud
685 1110 751 1152 esse
774 1091 954 1168 faciendum,
982 1093 1041 1152 nisi
1064 1097 1099 1152 ut
1121 1111 1276 1154 censuram
1299 1095 1404 1154 ederet
1426 1100 1457 1154 et

220 1201 433 1260 revocationem
448 1255 451 1262 r
465 1199 640 1278 postularet;
673 1200 836 1260 cavendum
868 1217 934 1262 esse
966 1199 1112 1278 Principi,
1144 1219 1183 1262 ne
1210 1219 1242 1262 se
1270 1201 1457 1262 immisceret

219 1309 308 1369 rebus
330 1309 368 1368 ad
391 1307 485 1369 solam
507 1307 662 1368 ecelesiam
683 1308 907 1386 pertinentibus.
950 1308 1077 1369 Causam
1095 1308 1261 1370 Florentiae
1278 1309 1327 1385 agi
1346 1308 1455 1382 noluit,

221 1416 329 1476 iterum
355 1416 522 1497 iterumque
549 1415 711 1494 postulavit
737 1421 772 1476 ut
799 1415 949 1478 Galilaeus
976 1415 1099 1476 Romam
1127 1415 1250 1476 veniret
1299 1415 1455 1476 Nimirum

221 1523 327 1584 medici
355 1523 586 1599 declamverant,
613 1523 762 1600 praesenti
790 1527 921 1601 tempore
949 1523 1070 1586 hiberno
1097 1523 1364 1601 peregrinationem
1389 1524 1454 1584 seui

221 1631 444 1708 septuagenario
466 1630 596 1708 pessima
618 1630 787 1690 valetudine
809 1631 950 1708 impedita
969 1629 1250 1708 periculosissimam
1267 1631 1345 1706 fore,
1368 1651 1454 1709 prse-

222 1739 337 1814 sertim,
365 1756 457 1816 quum
484 1743 604 1816 propter
630 1737 832 1816 pestilentiam
856 1739 888 1798 in
910 1738 1029 1798 Etruria
1051 1743 1236 1815 grassantem
1257 1743 1355 1800 terrae
1377 1740 1454 1799 fines

222 1847 286 1908 sine
312 1845 407 1905 multa
434 1863 515 1906 mora
542 1851 573 1906 et
597 1845 733 1906 molestia
755 1845 920 1922 transgredi
942 1865 1002 1906 non
1025 1851 1133 1923 posset.
1180 1843 1276 1919 Quare
1299 1845 1454 1907 Galilaeus

221 1953 367 2032 proticisci
395 1953 594 2014 cunctabatur.
641 1953 724 2014 Tunc
751 1953 888 2014 Urbanus
915 1954 956 2028 ei,
989 1953 1075 2030 cujus
1102 1951 1321 2014 deditissimum
1349 1954 1454 2014 frater-

221 2062 321 2122 culum
346 2062 495 2140 quondam
518 2080 550 2122 se
573 2065 728 2122 vocaverat
745 2062 892 2139 cujusque
910 2065 940 2120 et
958 2060 1112 2138 ingenium
1131 2065 1161 2121 et
1178 2061 1319 2138 pietatem
1338 2061 1454 2139 magni-

221 2170 412 2230 ficentissima
434 2169 560 2247 epistola
582 2169 792 2245 celebraverat,
815 2169 970 2230 minitatus
992 2174 1052 2244 est,
1075 2187 1108 2230 se
1131 2187 1199 2230 eum
1223 2169 1363 2246 ,ligatum
1384 2187 1454 2230 curn

221 2277 308 2338 terris
331 2277 506 2337 11111111111111ι
527 2277 683 2354 jussurum
706 2276 796 2337 esse.1

328 2384 455 2461 Magnus
483 2385 566 2460 Dux,
598 2385 670 2446 licet
697 2383 821 2446 Galilaei
849 2384 1085 2459 amantissimus,
1113 2389 1211 2443 tamen
1238 2383 1292 2444 illo
1319 2388 1455 2462 tempore

221 2492 354 2551 noudum
383 2492 455 2552 satis
483 2492 552 2552 torti
575 2493 673 2552 animo
696 2496 770 2567 erat,
798 2496 833 2551 ut
854 2491 965 2551 Urbani
988 2491 1139 2567 tyrannidi
1162 2497 1263 2568 aperte
1285 2492 1453 2568 resisteret;
1566 2551 1567 2558 ,

221 2599 310 2659 etiam
337 2600 427 2658 armis
455 2618 523 2659 eum
550 2599 758 2658 debellandum
781 2617 847 2660 esse
869 2599 963 2659 multo
986 2599 1105 2659 demum
1127 2604 1207 2677 post,
1237 2599 1371 2660 Gallia-eo
1390 2601 1455 2676 jam

221 2711 350 2781 mortuo,
388 2705 513 2766 censuit.
568 2706 673 2784 Itaque
704 2706 754 2767 hic
785 2706 933 2767 Florentia
963 2707 1088 2767 Romam
1118 2707 1281 2784 profectus,
1318 2707 1454 2767 coniecto

222 2813 294 2874 satis
321 2812 437 2873 difficili
464 2831 499 2873 eo
526 2813 651 2873 molesto
677 2812 784 2874 itinere
811 2831 914 2874 mense
941 2814 1097 2874 Februario
1124 2814 1195 2873 anni
1221 2813 1454 2874 MDCXXXIIL

222 2921 399 2999 hospitalem
421 2920 569 2982 Nicoclini
596 2921 716 2982 domum
742 2921 873 3002 intravit
920 2921 1043 2982 Duobus
1065 2922 1185 2982 demum
1208 2922 1362 2982 mensibus
1385 2929 1456 2999 post

221 3048 320 3090 coram
341 3029 550 3108 Inquisitionis
573 3029 714 3090 tribunali
737 3047 906 3107 comparere
925 3030 1029 3106 jussus
1052 3034 1105 3090 est
1147 3028 1232 3090 Tunc
1254 3047 1308 3089 suo
1331 3029 1454 3108 quidem

218 3138 286 3214 jure
317 3137 406 3212 dixit,
439 3155 472 3198 se
504 3137 560 3197 sibi
592 3137 681 3198 licere
708 3117 830 3214 putasse
858 3137 1051 3214 Gopemioani
1079 3137 1250 3213 systematis
1277 3142 1454 3213 argumenta

221 3244 411 3322 hypothetice
434 3263 595 3323 exponere,
619 3245 671 3305 sed
693 3244 771 3304 mala
793 3244 864 3318 fide,
887 3245 1026 3304 usitatam
1051 3244 1165 3305 scilicet
1187 3243 1367 3304 simulatoris
1386 3263 1454 3322 per-

221 3369 324 3412 sonam
350 3351 458 3412 iterum
485 3370 590 3428 agens,
622 3352 741 3429 adjecit,
776 3370 808 3412 se
835 3351 944 3411 librum
973 3369 1061 3412 suum
1088 3351 1126 3411 ad
1152 3351 1228 3410 illud
1254 3351 1453 3412 refellendum

221 3459 442 3536 conscripsisse.
488 3458 524 3518 Id
551 3459 660 3519 falsum
688 3477 754 3520 esse
781 3464 843 3519 tres
869 3458 1000 3535 theologi
1027 3458 1215 3536 ajudicibus
1237 3459 1270 3518 in
1293 3459 1452 3518 consilium

220 3565 343 3626 adhibiti
378 3566 665 3644 demonstraremut3
698 3585 824 3644 quonrm
856 3566 970 3626 duobus
1001 3565 1108 3626 addere
1140 3566 1238 3626 visum
1270 3571 1329 3641 est,
1365 3565 1453 3625 valde

99 3711 101 3714 -
222 3679 394 3751 suspectum
426 3691 491 3733 esse
522 3674 622 3750 ipsum
655 3673 840 3750 scriptorem,
873 3673 952 3751 quod
984 3673 1115 3750 opinioni
1146 3673 1193 3732 illi
1224 3692 1277 3750 pro
1305 3673 1452 3733 haeretiei

221 3782 355 3841 habenda
373 3787 403 3842 et
421 3779 604 3842 adhaesisset
622 3785 652 3841 et
669 3781 766 3840 adhuc
783 3781 961 3840 adhaereret
995 3779 1079 3840 Tunc
1098 3779 1195 3842 Officii
1215 3780 1450 3854 Commissanus,

221 3889 320 3950 animo
343 3894 377 3949 ut
399 3889 516 3949 videtur
539 3889 653 3949 sincere
675 3889 803 3965 benigno
826 3888 947 3963 ductae,
971 3895 1128 3966 postquam
1146 3889 1263 3948 reniam
1281 3887 1451 3965 impetrarit

221 3996 359 4074 privatim
382 4015 450 4057 cum
474 3995 605 4057 Galilaea
628 3996 747 4072 agendi,
771 3995 840 4056 huic
858 3996 1006 4074 persuasit
1024 3999 1058 4056 ut
1076 4013 1129 4055 sua
1148 4000 1252 4072 sponte
1271 3995 1449 4069 conoederet,

222 4122 255 4164 se
277 4104 310 4163 111
331 4104 407 4164 libro
431 4121 484 4164 suo
507 4103 678 4180 disputandi
701 4103 825 4164 libidine
842 4104 982 4180 abreptus
1000 4103 1098 4164 acrius
1117 4121 1206 4181 quam
1224 4103 1289 4180 ipse
1307 4102 1449 4162 voluisset

222 4230 275 4288 pro
302 4216 397 4271 terrae
424 4215 505 4270 motu
531 4228 694 4288 pugnasse3
723 4211 800 4288 quod
823 4210 883 4270 nisi
906 4215 1090 4287 agnosceret,
1118 4209 1283 4270 timendum
1306 4227 1384 4283 esse,
1411 4227 1448 4268 ne

223 4317 364 4380 Sanctum
388 4317 527 4378 Officium
554 4335 607 4396 pro
635 4317 699 4379 suis
725 4317 843 4394 legibus
871 4317 1002 4378 adhibita
1029 4321 1166 4393 ,tortura‘
1189 4317 1227 4377 ad
1250 4316 1447 4414 confitendum

330 4543 357 4610 1)
377 4540 484 4611 Gebler,
504 4543 590 4596 Acten
608 4543 655 4597 des
675 4541 861 4598 Galilei’sahen
879 4542 1023 4599 Prooesses
1041 4561 1067 4614 p.
1083 4544 1124 4598 72.
