3144 5092
241 297 279 383 Ι84
787 325 874 380 Carus
892 325 925 378 V.

245 531 335 591 stieae
362 531 497 590 umbram
522 529 673 591 intuentes
701 529 801 607 ipsum
829 527 1014 607 praeclarum
1036 527 1112 587 illud
1134 527 1294 604 exemplar
1320 545 1396 586 nou
1422 527 1504 586 obli-

244 639 397 714 viscimur,
425 639 504 716 quod
526 639 704 699 nobiliorum
727 636 833 714 synodi
856 637 979 697 Patrum
1002 634 1109 694 animis
1134 635 1371 708 obversabatur,
1404 635 1501 694 nimi-

243 765 310 805 rum
341 764 409 806 vere
440 745 600 806 christiana
631 764 665 806 ac
696 745 789 804 libera
820 743 1011 804 eeclesiarum
1043 747 1073 802 et
1103 742 1238 818 gentium
1270 744 1499 819 congregatio.

243 853 332 913 Parvi
363 872 423 912 nou
455 853 579 914 facimus
612 853 643 912 id
672 852 750 931 quod
777 852 895 912 illorum
922 855 1042 929 pectora
1069 849 1228 928 percussit,
1262 849 1340 908 dum
1377 851 1498 925 synoti

244 979 362 1038 praeses
385 961 470 1021 dicit:
499 961 572 1020 Post
594 961 704 1037 gratias
727 959 789 1020 Deo
812 963 892 1019 actas
915 959 957 1018 ite
978 957 1010 1017 in
1033 977 1118 1036 pace,
1141 956 1252 1034 stipsi
1276 958 1497 1034 respondent:

244 1069 347 1129 Aurea.
393 1068 531 1128 Libenter
554 1067 681 1146 denique
703 1067 851 1128 oredimus
875 1065 953 1144 quod
975 1070 1076 1125 narrat
1098 1063 1314 1138 Pallavicinus,
1344 1084 1496 1124 commu-

244 1194 313 1235 nem
340 1181 412 1236 tunc
438 1175 581 1236 laetitiam
608 1181 638 1235 et
665 1175 757 1234 animi
785 1174 967 1234 voluntatem
994 1173 1073 1234 inter
1100 1190 1202 1233 omnes
1225 1173 1383 1249 riguisse,
1418 1174 1496 1233 adet·

244 1289 278 1342 ut
314 1301 364 1343 ora
394 1283 534 1359 lacrymis
565 1283 694 1343 rorantia
724 1282 857 1360 undique
892 1281 1134 1359 conspicerentur
1169 1285 1199 1340 et
1229 1280 1394 1356 nonnulli,
1441 1282 1493 1358 qui

245 1391 358 1466 synodo
385 1391 509 1450 durante
536 1391 666 1468 aliquam
688 1390 766 1450 inter
789 1408 821 1450 se
843 1389 964 1450 dienati
986 1389 1077 1448 animi
1101 1388 1187 1466 quasi
1209 1387 1387 1464 rubiginem
1417 1407 1494 1465 prae

245 1515 278 1556 se
304 1497 445 1573 tulerant,
473 1497 566 1557 veluti
595 1497 705 1557 milites
733 1497 866 1574 ejusdem
894 1497 1055 1572 exercitus,
1084 1496 1135 1574 qui
1163 1513 1231 1555 oum
1259 1495 1364 1572 palmo
1397 1495 1492 1555 redu

244 1609 364 1679 currtrrr,
387 1605 516 1664 fraterna
534 1604 654 1665 caritate
673 1623 705 1665 se
723 1611 826 1664 mutuo
844 1604 1091 1682 amplexarentur.
1127 1603 1167 1663 Et
1185 1601 1314 1663 similem
1334 1603 1490 1662 affectum

244 1715 347 1788 postea
364 1712 442 1772 baud
463 1731 528 1772 raro
551 1713 583 1771 in
606 1713 775 1790 purioribus
799 1712 1065 1789 sincerioribusque
1087 1709 1194 1770 animis
1217 1710 1386 1770 excitatum
1414 1729 1487 1770 esse

244 1818 390 1894 novimus,
410 1820 644 1897 quotiescunque
658 1819 823 1880 Tridentini
838 1819 964 1880 Concilii
981 1819 1143 1879 recordatio
1163 1818 1240 1878 iacta
1257 1821 1312 1876 est.
1347 1817 1488 1877 Proinde

245 1925 366 2002 accidit,
389 1932 424 1986 ut
446 1927 483 1986 ad
510 1932 641 1987 nostram
669 1928 840 1988 memoriam
863 1927 941 1987 iuter
963 1925 1255 1986 Romanocatholicos
1277 1927 1486 2002 praestantis-

245 2033 314 2094 simi
351 2034 437 2094 multi
470 2034 525 2094 viri
563 2035 611 2095 sui
642 2035 734 2095 officii
770 2035 912 2094 ducerent
948 2034 1080 2094 maculas
1112 2033 1195 2092 illius
1228 2031 1357 2092 Concilii
1391 2033 1484 2092 obiit»

245 2146 338 2200 terare
368 2159 465 2220 neque
497 2143 659 2221 quidquam
692 2142 725 2200 in
751 2160 785 2201 eo
817 2141 877 2200 nisi
904 2141 1139 2219 pulcherrimum
1165 2138 1242 2198 illud
1271 2143 1363 2216 atque
1393 2158 1481 2216 prae

245 2248 443 2308 clm·issimum
475 2249 512 2309 de
544 2267 602 2328 quo
633 2249 765 2308 diximus
792 2247 945 2325 exemplar
972 2248 1089 2308 intueri.
1142 2246 1192 2306 Sic
1224 2263 1300 2305 nova
1328 2246 1478 2322 quaedam

245 2355 345 2414 fabula
385 2356 474 2416 medii
511 2356 576 2416 aevi
612 2357 721 2416 fabulis
758 2356 873 2432 adjecta
908 2359 961 2416 est
1023 2355 1081 2415 Sed
1117 2354 1226 2413 veritas
1262 2352 1479 2430 imaginatione

245 2462 354 2521 fortior.
404 2462 505 2539 Magni
533 2481 645 2523 errores
672 2481 796 2540 magnae
823 2462 939 2522 veritati
967 2461 1093 2521 admixti
1120 2459 1205 2520 initio
1233 2478 1286 2536 per
1312 2479 1382 2518 eam
1410 2479 1477 2537 pne

244 2573 398 2644 teguntur,
430 2575 533 2645 postea
563 2570 622 2629 nisi
651 2575 829 2647 superantur
855 2570 883 2630 ei
911 2569 1047 2629 officiunt
1074 2573 1104 2628 et
1131 2567 1289 2626 immodice
1315 2568 1399 2627 aucti
1423 2586 1475 2626 sun

244 2674 439 2734 redundantia
466 2676 639 2752 puniuntur.
693 2677 730 2735 Id
761 2677 907 2755 quomodo
933 2675 1088 2736 recentiori
1116 2675 1271 2750 ecelesiae,
1299 2692 1317 2732 a
1346 2674 1474 2734 concilii

245 2780 410 2841 Tridentini
433 2782 606 2843 auctoritate
627 2783 782 2861 pendenti,
805 2785 946 2844 acciderit
967 2783 1006 2844 iis
1029 2801 1107 2861 quae
1127 2787 1294 2860 sequuntur
1316 2781 1474 2841 ostendere

245 2889 277 2948 in
299 2888 397 2948 animo
420 2893 473 2950 est

351 2997 499 3057 Paulatim
521 2997 641 3058 demum
664 2999 775 3058 iactum
797 3003 856 3074 est,
879 3003 914 3058 ut
935 2997 984 3058 vel
1002 2997 1143 3057 oblivioni
1163 2997 1241 3056 datis
1259 2995 1309 3056 vel
1327 2995 1471 3072 neglectis

244 3105 295 3180 iis,
319 3124 395 3184 quae
417 3105 449 3164 in
472 3105 606 3166 Concilio
629 3105 800 3166 Tridentino
823 3105 1071 3183 praestantissimi
1093 3103 1244 3182 aequaleS,
1272 3103 1362 3162 etiam
1385 3102 1470 3161 Prin-

245 3214 327 3290 cipes
354 3213 592 3274 desideraverant
618 3219 708 3292 atque
734 3213 996 3291 reprehenderant,
1024 3212 1122 3272 omnia
1149 3211 1232 3270 illius
1259 3210 1297 3269 de
1324 3209 1470 3286 dogmatis

246 3320 362 3380 decreta
388 3338 442 3398 pro
470 3321 592 3397 spiritus
621 3321 716 3380 sancti
739 3320 858 3398 placitis
880 3320 964 3380 nullo
986 3319 1094 3380 enoris
1116 3319 1183 3379 labe
1205 3317 1361 3377 maculatis
1384 3316 1468 3377 habe

245 3431 355 3486 rentur.
406 3427 454 3486 Ad
485 3427 678 3504 dirimendas,
715 3445 791 3506 quae
822 3427 860 3488 de
891 3427 1020 3504 singulis
1051 3426 1211 3500 orirentur,
1247 3424 1466 3496 oouuorersias,

245 3551 316 3592 mor
343 3533 454 3594 Romae
481 3533 652 3611 collegium,
685 3535 734 3594 cui
760 3553 869 3594 nomen
896 3540 958 3595 erat
985 3535 1023 3594 de
1050 3532 1272 3611 interpretando
1299 3529 1467 3590 Tridentino

246 3641 390 3714 Concilio,
413 3641 512 3719 Papae
534 3642 735 3702 instituerunt
782 3640 846 3716 Quo
869 3643 942 3702 satis
964 3647 1085 3702 cautum
1107 3658 1174 3700 esse
1196 3640 1352 3717 putabant,
1373 3656 1411 3697 ne
1432 3639 1466 3698 ab

244 3749 320 3827 ipsis
343 3749 468 3809 decretis
491 3767 622 3828 unquam
644 3749 851 3809 discederetur.
892 3749 997 3827 Itaque
1015 3749 1147 3808 Romana
1164 3746 1303 3820 ecclesia,
1326 3745 1465 3805 fluctuan-

243 3861 290 3916 tes
312 3856 542 3916 Protestautium
569 3856 724 3934 opiniones
753 3873 855 3916 secure
882 3856 1062 3933 despiciens,
1090 3855 1122 3914 in
1149 3853 1317 3914 invariabili
1344 3851 1465 3929 quadarn

243 3965 392 4041 theologie
418 3963 604 4042 acquiescere
629 3969 756 4041 poterat,
783 3963 843 4023 nisi
870 3963 919 4023 vel
941 3964 1097 4024 universae
1123 3962 1270 4021 humanae
1292 3959 1464 4036 cognitionis
1556 4027 1557 4036 χ

243 4072 452 4150 doctrinaeque
478 4090 652 4148 progressu,
686 4071 735 4130 rel
762 4071 916 4132 civitatum
942 4087 1100 4148 rerumque
1127 4068 1314 4147 publicarum
1340 4067 1463 4126 motibus
1556 4083 1557 4088 ¹

243 4179 351 4240 iterum
373 4179 540 4257 iterumque
562 4178 648 4258 quasi
671 4197 709 4239 ex
731 4183 848 4256 torpore
871 4178 998 4238 excitata
1021 4183 1109 4238 esset

350 4286 439 4347 Curia
466 4305 583 4365 semper
609 4287 730 4366 quidem
756 4287 812 4346 hoc
838 4285 994 4364 prohibere
1020 4286 1186 4346 conabatur.
1243 4282 1340 4356 Quare
1366 4281 1461 4358 vigila·
1556 4347 1557 4356 χ

242 4395 304 4469 bat,
335 4412 374 4454 ne
406 4395 470 4454 suis
501 4395 624 4455 asseclis
656 4394 891 4454 adversariorum
918 4393 1082 4454 sententiae
1109 4391 1277 4452 accuratius
1305 4389 1459 4448 innotesce-

240 4505 315 4561 rent
347 4501 471 4560 Invento
503 4502 615 4561 famoso
646 4502 789 4560 librorum
820 4501 1034 4578 prohibitorum
1061 4499 1172 4574 indice,
1204 4497 1291 4573 cujus
1319 4495 1404 4572 plena
1428 4514 1458 4554 ac

238 4608 320 4680 justa
347 4607 470 4665 historia
497 4623 578 4666 nunc
600 4608 720 4666 demum
742 4625 760 4665 a
782 4607 846 4665 rire
868 4606 1039 4666 doctissimo
1062 4623 1130 4665 rere
1152 4603 1298 4664 catholico
1321 4599 1458 4678 descripta
