3156 5056
193 307 244 362 172
679 309 779 360 Pana-ra
797 307 913 360 Paratus

194 401 606 410 ————-u-·----——----
912 403 917 406 .
931 400 1026 407 ..--.--
1060 399 1404 410 q--ss--an-fi-——1

190 523 334 600 praebere
364 540 450 584 aures
482 525 607 582 solemus
631 524 669 583 ad
700 539 752 597 ea,
783 539 857 597 quae
889 523 925 582 de
950 522 1042 582 doctis
1070 529 1101 582 et
1129 523 1237 582 virtute
1265 522 1414 597 praeditis

191 629 261 688 viris
284 629 400 688 sinistre
421 629 504 688 nobis
519 627 701 704 reseruntur,
721 645 791 702 quos
807 632 915 702 quanto
935 629 1040 686 scirnns
1055 629 1260 688 excellentiore
1275 627 1413 686 doctrina

190 733 351 808 praeditos,
386 738 467 792 tanto
502 749 565 793 esse
597 733 728 792 videmus
771 733 896 792 invidiae
931 733 1072 792 morsibus
1106 733 1198 806 magis
1228 731 1410 792 obnoxios.‘¹

191 838 324 896 Eundem
348 854 418 913 erga
436 837 589 896 Erasmnm
613 839 738 896 animum
755 835 889 896 Clemens
905 837 984 911 Vll,
1007 838 1052 895 cui
1073 837 1264 911 paraphrasin
1286 839 1317 895 iu
1339 844 1411 896 aeta

192 944 386 1016 apostolorum
410 941 611 1017 dedicaverat,
641 943 728 1001 misso
750 939 1037 1001 honorificentissimo
1059 943 1215 1016 diplomate
1237 942 1410 1003 declaravit.

192 1047 326 1120 Denique
349 1047 458 1105 Paulus
485 1046 553 1120 Ill.,
580 1047 663 1120 regni
689 1047 771 1104 initio
794 1047 906 1119 piorum
937 1047 1116 1118 quorundam
1134 1047 1261 1105 virorum
1284 1047 1411 1105 concilia

192 1157 320 1226 secutus,
338 1150 453 1210 Erasini
475 1151 589 1210 litteras
612 1150 788 1225 gratissimas
811 1149 867 1209 sibi
888 1149 978 1208 fuisse
1002 1148 1161 1226 significat,
1185 1152 1266 1224 cnjus
1288 1150 1410 1210 celebre

192 1271 297 1314 nomen
331 1271 447 1329 semper
478 1255 619 1314 amaverit
653 1259 684 1314 at
713 1254 873 1312 doctrinam
906 1255 1003 1328 magni
1032 1252 1144 1314 fecerit.
1197 1253 1287 1314 Addit
1318 1255 1410 1313 baec:

193 1358 347 1432 ,Quamvis
373 1359 404 1416 in
425 1359 599 1431 gratulando
622 1357 870 1432 benevolentiam,
901 1358 931 1416 in
952 1358 1097 1417 laudando
1118 1359 1344 1432 humanitatem,
1376 1358 1410 1416 in

193 1462 335 1521 monendo
365 1463 549 1536 prudentiam
574 1469 654 1522 tuam
682 1461 861 1536 exhibueris,
889 1467 987 1521 tamen
1014 1479 1086 1536 praa
1109 1462 1153 1521 his
1176 1462 1306 1521 omnibus
1328 1465 1410 1520 tuam

193 1567 333 1638 pietatem
364 1569 534 1641 amavimus,
563 1583 648 1640 quam
675 1567 706 1624 in
736 1572 854 1626 sanctae
878 1566 1020 1625 ecclesiae
1048 1567 1258 1640 tranquillitate
1280 1565 1410 1640 optanda

196 1675 226 1729 ct
249 1670 475 1744 promptitudine
498 1671 629 1744 obsequii
652 1671 846 1744 expromenda
867 1671 951 1730 nobis
973 1667 1167 1730 ostendisti*

298 1774 409 1832 Horum
451 1775 577 1832 omnium
617 1774 708 1847 igitur
747 1773 845 1833 favore
887 1775 1026 1833 Erasmus
1064 1792 1122 1834 non
1158 1775 1195 1834 ad
1232 1773 1410 1848 expetendos

195 1879 318 1939 honores
346 1879 393 1938 rel
419 1877 534 1938 divitias
557 1896 624 1937 usus
647 1884 705 1953 est,
737 1879 789 1938 sad
811 1879 847 1938 ad
870 1880 1042 1938 servandam
1073 1879 1268 1939 eonscientiae
1291 1895 1325 1937 ac
1348 1895 1410 1938 ser·

195 1985 288 2042 monis
318 1983 491 2044 libertatem.
536 1983 582 2042 Ex
610 2001 716 2058 magna
742 2001 840 2043 eorum
863 1985 959 2059 copia,
993 1986 1041 2058 qui
1065 1989 1097 2043 ut
1122 1985 1264 2044 ecclesiae
1296 1985 1409 2042 hostem

196 2105 262 2148 eum
285 2087 503 2162 opprimendum
529 2087 698 2162 censebant,
726 2088 847 2148 Nicolao
870 2087 1059 2162 Egmondano
1081 2089 1240 2162 Adrianus,
1270 2087 1408 2146 Stuuicao

195 2191 328 2251 Clemens
351 2193 496 2252 silentium
517 2193 723 2266 imposuerunt.
769 2193 849 2265 Quae
872 2193 986 2266 singula
1009 2194 1119 2252 tutelae
1141 2193 1253 2267 papalis
1277 2194 1409 2266 exempla

195 2297 296 2371 quanti
326 2297 462 2356 momenti
492 2295 601 2356 fuerint
628 2296 712 2356 facile
748 2297 937 2370 intellegitur.
988 2295 1235 2356 Reformationcm
1265 2297 1345 2354 illam
1379 2299 1410 2355 in

196 2400 338 2460 ecclesiae
372 2402 467 2474 capita
502 2408 533 2460 et
561 2401 711 2475 membris,
742 2401 910 2474 jamdudum
939 2400 1152 2476 desideratam,
1186 2399 1262 2460 effici
1292 2401 1410 2474 quidem

194 2505 286 2563 uoluit
306 2505 460 2580 Erasmus,
486 2504 572 2578 idque
603 2505 800 2579 spiritualibus
831 2505 961 2578 auxiliis,
991 2505 1124 2564 sedsine
1147 2506 1269 2583 tumultu
1292 2511 1410 2564 etcum

195 2625 284 2684 pace,
315 2613 454 2682 quantum
483 2607 546 2668 fieri
574 2614 688 2684 posset,
720 2609 853 2668 omnium.
899 2609 979 2680 Quod
1007 2610 1122 2683 assequi
1152 2627 1210 2668 uon
1235 2610 1332 2684 potuit
1354 2609 1411 2668 nisi

195 2713 443 2773 consentientibus
480 2719 539 2772 tum
567 2713 648 2787 Papa
676 2717 709 2773 et
736 2714 895 2788 episcopis,
931 2718 991 2772 turn
1022 2713 1148 2774 Caesare
1178 2718 1209 2772 et
1236 2715 1410 2773 monarchis.

195 2817 286 2889 Quam
319 2818 431 2892 ingenti
467 2835 536 2877 vero
574 2835 671 2877 rerum
711 2819 870 2876 mutatione
902 2835 973 2891 opus
1008 2825 1098 2893 esset,
1131 2819 1284 2877 Erasmum
1317 2819 1411 2893 magis

194 2924 344 2997 magisque
371 2924 554 2998 cognovisse,
578 2941 614 2982 ex
635 2923 671 2981 iis
694 2939 768 2997 qnae
793 2939 880 2996 supra
903 2925 1051 2982 attulimus
1073 2924 1144 2983 satis
1167 2929 1298 2998 apparet
1343 2924 1411 2982 Non

195 3033 307 3088 tanturn
336 3029 366 3086 in
397 3029 539 3088 ecclesiae
564 3027 739 3102 doctrinam,
776 3029 922 3102 instituta,
959 3045 1067 3103 mores,
1101 3030 1291 3088 caerimonias
1318 3030 1410 3087 multa

195 3133 347 3208 irrepsisse
371 3133 457 3208 vidit,
481 3150 556 3207 quae
580 3134 761 3193 correctione
785 3139 922 3208 egerent,
946 3133 997 3192 sed
1021 3135 1107 3192 etiarn
1132 3133 1170 3192 ad
1184 3134 1311 3206 priorem
1329 3150 1412 3192 secu·

196 3237 288 3296 lorum
318 3239 546 3312 simplicitatem,
574 3238 611 3296 ad
635 3239 778 3297 sincerum
802 3237 909 3296 Christi
930 3238 1112 3311 evangelium
1133 3236 1313 3297 redeundum
1338 3254 1411 3296 esse.

200 3341 262 3400 Jam
278 3342 366 3415 igitur
386 3341 416 3400 id
431 3343 480 3400 ille
495 3343 643 3417 perspicit,
667 3342 743 3415 quod
758 3342 864 3401 nostris
883 3341 996 3400 demum
1012 3341 1190 3416 temporibus
1206 3343 1292 3401 etiam
1309 3341 1411 3400 Prote·

199 3449 310 3502 stantes
332 3446 446 3518 plenius
467 3463 531 3504 curn
554 3463 589 3504 eo
612 3451 781 3520 agnoscunt,
799 3444 886 3505 fidem
910 3447 1106 3521 christianam,
1128 3447 1259 3506 omnibus
1277 3462 1411 3504 necessa·
1474 3498 1479 3507 .

198 3549 287 3622 riam,
309 3565 384 3620 quae
400 3549 494 3622 ipsum
510 3549 654 3608 Christum
675 3551 875 3625 amplectatur,
898 3551 1128 3626 distinguendam
1145 3567 1208 3610 esse
1225 3550 1412 3624 atbeolom’a,

198 3653 228 3710 iu
259 3669 316 3725 qua
338 3669 395 3710 non
418 3655 528 3726 possint
550 3669 607 3712 non
629 3653 737 3712 multae
761 3653 913 3713 admodum
936 3655 1042 3714 diversi
1069 3657 1207 3714 momenti
1228 3655 1412 3728 quaestiones

198 3775 216 3816 a
249 3757 318 3816 viris
352 3757 444 3817 doctis
469 3759 590 3832 agitari,
626 3775 746 3832 quorum
781 3759 890 3833 placita
919 3759 1057 3818 Erasmus
1085 3761 1146 3818 vult
1178 3761 1303 3834 ,versari
1335 3760 1413 3817 intra

198 3862 358 3922 scholarum
381 3863 510 3936 parietes
532 3879 587 3922 nec
609 3862 755 3936 quaslibet
777 3865 927 3938 opiniones
949 3863 1052 3923 haberi
1077 3881 1129 3938 pro
1152 3865 1284 3923 articulis
1304 3857 1413 3922 tidei.‘³

198 3967 261 4026 Hoc
294 3969 390 4027 animo
420 3969 451 4026 in
481 3967 587 4027 litteris
620 3968 657 4027 ad
688 3966 874 4044 Campegium
902 3967 1100 4043 Cardinalem,
1129 3969 1269 4042 epistolae
1299 3967 1413 4026 cuidam

200 4071 339 4131 Paulinae
361 4073 581 4146 paraphrastice
604 4075 775 4146 explanatae
790 4073 970 4146 praemissis,
995 4073 1175 4146 disputantes
1194 4075 1271 4131 inter
1287 4086 1318 4130 se
1332 4071 1414 4129 theo-

198 4177 278 4250 logos
292 4183 410 4234 revocat
432 4177 484 4252 ,ad
507 4178 621 4238 divinae
653 4179 813 4252 scripturae
836 4179 1025 4238 certissimam
1047 4179 1193 4251 regulam,
1215 4177 1252 4235 ad
1275 4175 1413 4250 limpidis·

198 4279 284 4338 simos
309 4282 495 4356 evangelicae
518 4283 668 4342 doctrinae
691 4282 798 4357 fontes,
821 4282 1046 4342 Philistaeorum
1069 4281 1172 4341 scrobe
1189 4279 1342 4356 oppletos,‘
1364 4280 1413 4354 qni

199 4383 306 4443 detecti
336 4385 429 4444 invisa
461 4388 573 4446 novitas
603 4388 699 4446 multis
730 4403 795 4446 esse
823 4386 984 4446 videantur.
1029 4385 1135 4462 Addit,
1169 4385 1200 4445 id
1227 4386 1303 4460 quod
1325 4399 1414 4459 snpra

290 4599 315 4666 ι)
333 4599 403 4663 app.
422 4597 530 4662 xxrn,
550 4605 575 4652 a.
594 4606 619 4654 r.
692 4600 719 4666 a)
737 4600 805 4666 app.
824 4597 939 4662 xxvn,
960 4605 1001 4651 aa.
1074 4599 1102 4667 a)
1119 4601 1189 4665 app.
1210 4573 1323 4664 xxvii,
1344 4605 1368 4651 a.
