3176 5064
231 311 249 362 4
783 307 870 362 Carus
888 307 909 362 1.

230 511 405 571 haereticos‘
433 509 610 584 nominavit,
638 509 717 568 idem
744 510 974 587 omnipotentiae
1001 514 1031 568 et
1053 509 1275 570 infallibilitatis
1298 510 1460 587 papisticae

230 624 291 677 tam
317 618 476 694 impudens
502 622 715 694 propugnator,
747 621 782 676 ut
809 617 873 692 ejus
901 617 1183 693 argumentationes,
1210 613 1358 677 latinitate
1386 617 1459 693 poli-

230 726 373 801 tissimas,
405 726 471 802 ipse
497 724 604 784 Helela
636 724 784 802 quondam
815 728 895 803 (nam
926 725 1027 785 nescio
1058 743 1097 784 an
1129 725 1208 784 idem
1241 743 1322 784 nrmc
1351 725 1460 784 sentire

229 832 345 905 audeat)
368 852 386 891 a
408 833 557 910 praesenti
576 832 708 891 Romana
729 831 855 891 ecelesia
876 832 910 890 in
928 831 1017 891 medii
1035 833 1100 891 aevi
1118 833 1281 892 barbariem
1299 833 1460 892 transferre

230 945 352 1000 conatus
385 939 449 999 sit.l
500 938 557 1012 Qui
590 940 616 998 si
647 939 704 998 alio
736 939 800 998 loco
831 944 911 998 recte
942 939 1108 1014 admonet„
1123 939 1283 999 Pontifices
1316 939 1459 1016 quosdam

230 1047 368 1107 Sanctam
403 1047 631 1124 Inquisitionem
667 1046 860 1124 Hispanicam
900 1065 918 1104 a
954 1065 1058 1122 regum
1094 1047 1252 1121 tyrannide
1288 1048 1459 1123 profectam,

229 1158 363 1214 coercere
395 1155 505 1214 tnrstra
537 1153 701 1228 studuisse,
734 1153 845 1212 infitias
877 1159 976 1213 tamen
1002 1172 1062 1212 non
1090 1153 1157 1228 ibit,
1189 1154 1272 1230 ipsos
1300 1153 1460 1212 Pontifices

230 1261 403 1338 saepissime
426 1261 664 1338 aPrincipibns,
687 1265 721 1320 nt
743 1261 774 1319 vi
796 1261 885 1320 iidem
904 1260 1104 1337 evangelicam
1123 1261 1334 1337 exstirparent,
1358 1266 1460 1338 postu-

229 1369 321 1444 lasse,
350 1369 468 1430 eosdem
495 1369 527 1427 in
555 1387 609 1428 sua
637 1368 706 1427 sede
733 1368 933 1443 atrocissimae
960 1373 990 1427 et
1017 1368 1239 1427 crudelissimae
1262 1367 1387 1428 Sanctae
1408 1368 1460 1426 Irr-

229 1476 399 1554 qnisitionis
427 1475 599 1552 exemplum
626 1475 755 1549 dedisse,
783 1475 816 1534 irr
843 1475 942 1552 papali
966 1475 1075 1552 palatio
1097 1479 1218 1552 propter
1241 1475 1459 1534 Bartholomae-

229 1602 301 1642 anac
328 1584 424 1642 noctis
451 1583 599 1642 lanienam
627 1601 777 1642 summum
804 1582 945 1658 gaudium
972 1583 1153 1659 triumphale
1180 1583 1361 1660 perhibitum
1383 1599 1459 1657 esse,

229 1691 315 1766 cujus
348 1689 550 1750 foedissimum
582 1695 806 1752 monumentum
834 1690 950 1766 pictura
977 1689 1103 1766 quadam
1131 1690 1163 1748 in
1190 1689 1327 1749 Vaticani
1355 1689 1459 1767 palatii

229 1797 305 1873 ,sala
326 1798 428 1874 regia‘,
452 1815 527 1876 quae
549 1797 669 1872 dicitur,
693 1797 790 1856 adhuc
812 1802 1008 1858 conservatur.
1048 1797 1133 1857 Idem
1150 1797 1256 1856 Heiele
1278 1815 1339 1856 non
1357 1797 1459 1874 ipsum

229 1905 325 1966 solum
348 1905 592 1983 Torqnemodam,
620 1903 673 1964 sed
699 1905 800 1982 ipsum
826 1923 895 1964 cum
923 1904 1116 1964 tribunalium
1143 1903 1170 1964 ei
1199 1905 1383 1964 subditorum
1411 1905 1459 1962 in-

229 2013 420 2090 quisitoribus
447 2013 505 2072 duo
532 2012 627 2071 millia
653 2012 788 2072 homines
810 2029 957 2072 cremasse
979 2011 1111 2086 adnotat,
1139 2013 1218 2090 qnod
1242 2013 1315 2072 satis
1338 2012 1459 2072 horren-

229 2121 300 2180 dum
327 2121 421 2180 fnisse
449 2121 513 2180 sine
540 2120 629 2179 dubio
655 2119 802 2180 concedet.
853 2119 1018 2178 Miserrima
1046 2137 1116 2178 vero
1138 2119 1287 2178 Romanae
1315 2119 1458 2179 ecclesiae

228 2228 417 2288 excusatione
444 2229 549 2302 rititur,
578 2245 670 2305 quum
697 2246 715 2286 a
743 2227 886 2302 sangnine
913 2244 1030 2304 semper
1057 2245 1122 2286 eam
1145 2227 1332 2286 abhorruisse
1354 2228 1457 2304 proba-

228 2341 314 2394 turus
342 2335 515 2395 sollemnem
542 2335 701 2394 formulam
727 2335 826 2407 affert,
854 2353 912 2411 qna
940 2334 1131 2412 inquisitores
1159 2351 1241 2408 enm,
1273 2353 1362 2410 quem
1388 2352 1458 2394 con-

228 2443 450 2518 demnaverant,
477 2443 596 2502 brachio
620 2441 745 2502 secrdari
768 2441 922 2500 tradebant
944 2447 1074 2517 orantes,
1097 2459 1136 2502 ne
1158 2446 1251 2500 morte
1273 2441 1457 2516 multaretur,

229 2550 313 2627 quasi
337 2550 451 2609 scilicet
474 2549 549 2610 serio
572 2549 602 2608 id
625 2549 738 2609 dictum
761 2549 856 2608 fuisse
878 2548 985 2609 Hefele
1007 2550 1053 2608 vir
1076 2549 1148 2608 satis
1171 2549 1302 2626 prudens
1325 2567 1456 2626 unquam

228 2656 392 2718 crediderit.
444 2655 502 2716 Sed
531 2657 593 2731 jam
624 2661 696 2715 tunc
723 2656 756 2714 in
783 2655 898 2733 papalis
927 2656 1068 2716 ecclesiae
1096 2657 1236 2716 honorem
1263 2655 1457 2732 pravissimae

228 2781 334 2823 causae
356 2768 512 2840 patronrnn
531 2781 563 2822 se
581 2781 682 2839 gerere
700 2763 849 2822 didicerat.
883 2763 987 2840 Itaque
1005 2763 1042 2822 ad
1062 2764 1247 2823 subeundum
1266 2763 1363 2840 majus
1381 2763 1457 2822 illud

227 2871 368 2946 dedecus,
392 2870 470 2948 qnod
494 2888 584 2948 snpra
605 2871 862 2945 memoravimus,²
885 2871 1098 2948 quodammodo
1121 2889 1154 2930 se
1176 2871 1375 2948 praeparabat.

335 2977 430 3052 Quam
456 2996 548 3054 prava
573 2996 662 3038 causa
690 2977 756 3052 illa,
785 2996 874 3056 qnam
897 2979 1074 3053 sustinebat,
1102 2977 1204 3052 hierit,
1232 2977 1336 3037 multis
1359 2983 1456 3037 osten-

227 3087 296 3148 dere
318 3104 439 3147 necesse
461 3105 521 3146 non
544 3103 609 3146 esse
633 3090 711 3164 puto.
744 3085 928 3146 Pauoissima
950 3089 1066 3144 tantum
1084 3103 1123 3144 ex
1141 3091 1185 3146 tot
1203 3085 1339 3145 caedium
1357 3103 1456 3145 exem-

227 3195 285 3273 plis
312 3185 471 3272 proferam,
505 3199 539 3254 ut
566 3194 670 3272 quales
697 3194 857 3268 interfecti,
886 3193 989 3271 quales
1017 3193 1219 3254 interfectores
1246 3197 1318 3252 tunc
1345 3193 1457 3252 inerint

227 3303 387 3362 illucescat.
434 3301 518 3376 Quod
545 3302 704 3362 discrimen
732 3301 821 3361 etiam
847 3301 884 3360 ab
907 3301 1029 3361 Eli-asmo
1055 3300 1177 3361 fervidis
1200 3300 1298 3360 verbis
1321 3301 1456 3376 designa·

227 3415 291 3468 tum
319 3427 385 3469 esse
413 3409 647 3469 memoravimus.
698 3409 788 3468 Hunc
813 3409 907 3484 igitur
933 3427 1033 3468 rerum
1060 3426 1113 3468 suo
1141 3413 1272 3486 tempore
1299 3407 1331 3466 in
1360 3407 1455 3467 Gallia

226 3520 377 3593 gestarum
399 3520 505 3576 testem
529 3517 696 3594 producam.
743 3515 839 3589 Quare
862 3534 937 3592 quae
959 3515 996 3575 de
1015 3515 1164 3593 Berqrrino
1187 3520 1317 3590 martyre
1339 3515 1371 3574 in
1395 3515 1454 3590 epi-

229 3623 314 3684 stolis
340 3623 454 3701 passim
476 3628 587 3698 narrat,
615 3623 648 3682 in
670 3641 764 3682 unum
786 3623 965 3683 contraham.
1012 3622 1097 3682 Unde
1120 3623 1211 3682 simul
1233 3622 1397 3700 apparebit,
1425 3621 1454 3679 id

228 3732 307 3810 quod
331 3731 451 3808 saepius
474 3731 585 3792 factum
608 3748 674 3792 esse
697 3731 822 3806 scimus,
845 3730 1026 3808 reipublicae
1048 3747 1183 3807 proceres
1206 3730 1328 3790 furiosis
1352 3729 1455 3788 Curiae

228 3839 364 3916 asseclis,
385 3839 600 3914 damnationes,
619 3843 776 3913 tormenta,
795 3842 904 3898 mortes
922 3837 1114 3915 pervicaciter
1131 3837 1378 3914 efflagitantibus,
1396 3854 1454 3895 non

229 3947 328 4007 statim
361 3947 481 4025 quidem
512 3948 742 4024 obtemperasse,
774 3946 827 4006 sed
858 3963 912 4022 per
937 3945 1060 4022 longum
1087 3948 1205 4022 tempus
1232 3945 1370 4004 resistere
1397 3961 1455 4002 non

228 4072 316 4114 ausos
339 4073 413 4115 esse.
454 4055 536 4114 Bene
558 4054 634 4113 vidit
651 4053 806 4128 Erasmm,
829 4053 1018 4113 saevissimos
1041 4052 1152 4128 egregii
1174 4051 1231 4110 viri
1253 4051 1455 4112 interfectores

229 4161 294 4238 ipso
318 4161 471 4222 Clemente
492 4161 637 4221 Pontifice
660 4161 742 4221 nisos
765 4179 844 4236 esse,
871 4160 1030 4237 praecipue
1052 4159 1184 4218 Beddam
1207 4158 1355 4219 Sorbonae
1376 4158 1455 4217 Pari·

230 4267 337 4328 densis
365 4269 535 4344 syndicum,
562 4270 654 4329 totius
681 4269 847 4346 tragoediae
873 4271 1008 4328 actorem.
1053 4267 1112 4327 Hic
1138 4266 1218 4326 eninr
1245 4284 1316 4326 oum
1338 4267 1457 4326 barbaro

339 4515 365 4582 1)
382 4513 415 4567 In
432 4513 543 4568 Wotzer
560 4517 588 4568 et
605 4512 695 4566 Wolte
714 4512 816 4582 encycl.
836 4529 857 4566 s.
868 4529 893 4566 v.
913 4511 1064 4566 Bellarmin.

338 4603 365 4672 2)
384 4603 423 4656 Cf.
443 4618 524 4671 supra
543 4603 620 4671 p.78.
