3194 5042
756 253 844 308 Carur
862 253 923 307 VII.

333 455 476 517 Similiter
498 455 677 516 dominatrix
696 455 784 516 Curia
806 473 902 534 usque
924 455 962 514 ed
983 460 1118 515 nostrum
1140 459 1260 532 tempus
1283 473 1382 515 eorum
1405 473 1446 514 se

225 568 366 623 ctatorum
396 563 606 624 conscientiam
633 568 663 623 et
687 562 833 640 judicium
861 567 1027 640 pervertere
1050 563 1138 637 solet,
1166 563 1275 640 quibus
1297 562 1334 622 de
1351 562 1446 639 Inqui-

226 671 342 731 sitionis
364 671 487 731 historia
508 670 691 750 loquendum
713 675 766 730 est.
813 669 945 744 Quorum
971 670 1057 729 hodie
1080 670 1227 748 plerique,
1255 687 1348 748 quum
1371 669 1446 728 illius

226 783 387 838 statuane
405 778 535 839 facinora
553 778 673 838 laudare
691 782 811 855 propter
829 778 984 854 pudorem,
1007 777 1201 837 condemnare
1219 783 1340 854 propter
1358 777 1447 854 Papae

224 886 417 946 reverentiam
441 885 550 960 nolint,
574 885 744 962 sophisticis
763 885 875 944 artibus
898 886 1051 944 veritatem
1074 884 1262 944 dissimulare
1284 903 1319 944 ac
1338 885 1447 960 juetam

225 993 393 1071 aequalium
416 993 565 1052 horrorem
588 997 748 1052 extenuare
770 993 913 1052 nituntur.
960 992 1009 1053 Sic
1034 997 1064 1052 et
1086 993 1158 1069 ipsi,
1186 993 1274 1052 inscii
1297 1010 1336 1052 ex
1362 997 1448 1068 perte,

224 1105 259 1159 ut
281 1118 400 1177 sperare
422 1100 579 1175 eademne,
603 1105 633 1160 et
652 1099 752 1174 inviti,
776 1099 943 1160 inserviunt
964 1117 1055 1176 regno
1074 1099 1230 1160 violentiae
1252 1103 1282 1159 et
1299 1099 1447 1158 mendacii

225 1207 370 1284 Exempla
392 1209 512 1268 afferam
530 1225 569 1267 ex
590 1207 687 1267 lexico
705 1207 904 1267 ecclesiastico
926 1206 1080 1266 eWetzer
1100 1211 1130 1266 et
1147 1206 1244 1266 Welte
1267 1207 1359 1281 edito,
1382 1207 1448 1265 libe—

224 1313 359 1374 raliorern
382 1315 559 1392 theologiam
586 1313 738 1373 nonnullis
762 1314 793 1372 in
816 1315 905 1374 rebus
930 1315 1203 1391 praeseferente,
1231 1314 1320 1373 sicuti
1343 1313 1447 1392 Papam

224 1421 283 1481 nisi
311 1423 467 1482 accedente
489 1422 631 1482 ecclesiae
658 1439 782 1482 assensu
806 1421 869 1480 falli
894 1421 1029 1481 nescium
1051 1439 1112 1482 non
1134 1439 1200 1481 esse
1222 1421 1254 1480 in
1276 1439 1311 1481 eo
1334 1427 1448 1482 eonten-

225 1527 333 1588 ditur.l
387 1527 483 1603 Quare
515 1548 608 1605 nuno,
640 1529 733 1588 donec
764 1529 878 1606 adjecta
909 1529 1073 1606 appendice
1104 1529 1267 1605 corrigetur
1298 1529 1349 1589 vel
1378 1547 1448 1588 nova

225 1636 352 1695 editione
379 1636 566 1696 laudabiliter
593 1655 631 1696 ex
658 1642 758 1697 mente
781 1636 887 1696 Curiae
914 1636 1068 1696 emendata
1091 1637 1224 1714 prodeat,
1252 1637 1308 1695 sub
1333 1636 1447 1696 anatho

224 1747 302 1802 mate
327 1747 381 1802 est.
426 1743 471 1803 De
497 1742 694 1821 Inquisitione
721 1744 779 1804 duo
806 1744 871 1804 illic
897 1743 1027 1819 articuli,
1056 1761 1131 1822 quos
1158 1748 1276 1818 vocant,
1304 1743 1447 1820 leguntur,

223 1851 299 1911 alter
316 1851 509 1911 brevissimus
532 1851 569 1911 de
587 1851 730 1926 Romana,
753 1851 828 1911 alter
848 1851 964 1928 longior
985 1851 1022 1911 de
1040 1851 1230 1928 Hispanica²
1274 1850 1323 1910 Ex
1346 1852 1448 1928 quibus

225 1958 296 2018 solis
319 1958 345 2018 ei
368 1959 436 2036 quis
459 1959 502 2018 rei
525 1959 660 2018 notitiam
682 1958 800 2018 haurire
821 1958 959 2034 voluerit,
982 1959 1103 2018 docetur
1120 1958 1329 2036 Inquisitionie
1348 1958 1447 2020 Roma·
1569 1979 1570 2000 ι

224 2084 279 2125 nae
298 2065 361 2126 sive
384 2066 600 2127 ecclesiasticae
618 2066 748 2126 tribunal
771 2071 936 2143 temporum
955 2066 1139 2143 quorumdam
1162 2066 1339 2126 necessitate
1357 2071 1448 2126 ortana

224 2178 254 2232 et
280 2173 433 2234 excultum
456 2179 601 2234 tormenta
628 2173 691 2233 sive
713 2173 914 2233 carnificinam
941 2190 1089 2250 prosuae
1115 2173 1220 2233 aetatis
1240 2174 1309 2250 jure
1335 2177 1370 2232 ut
1391 2193 1448 2234 mo

223 2281 295 2339 dum
317 2281 520 2358 perscrutandi
543 2279 625 2341 veri³
651 2281 830 2340 adhibuisse.
877 2280 1014 2340 Ceterum
1037 2280 1114 2339 nihil
1141 2281 1212 2340 mali
1235 2280 1272 2340 de
1293 2281 1348 2340 illa
1370 2299 1449 2358 prae

223 2387 344 2446 dicetur.
395 2387 522 2446 Additur
549 2389 624 2447 bene
655 2405 720 2448 eam
747 2387 987 2464 distinguendam
1013 2405 1080 2448 esse
1111 2389 1147 2448 ab
1173 2387 1373 2465 Inquisitione
1399 2388 1449 2448 Hi·

223 2493 351 2571 spanioa.
397 2494 482 2554 Hanc
504 2495 644 2572 deinceps
667 2495 772 2555 Heicle
794 2495 841 2554 vir
863 2494 1053 2554 doctissimus
1075 2495 1259 2555 demonstrat
1281 2495 1449 2556 institutum

223 2619 303 2660 mere
330 2600 416 2660 civile
443 2602 549 2675 fuisse,
582 2602 699 2679 imperii
727 2602 801 2678 regii
828 2601 945 2661 libidini
972 2601 1150 2677 inserviens,
1182 2607 1303 2679 pmpter
1329 2603 1448 2662 nimiam

223 2706 361 2766 duritiam
388 2707 468 2766 haud
496 2707 588 2767 semel
615 2726 632 2766 a
655 2708 745 2784 Papis
773 2709 993 2785 reprehensum.
1045 2709 1159 2769 Callide
1185 2709 1275 2770 allato
1302 2709 1450 2771 Llorentis

223 2815 286 2874 loco
318 2815 458 2892 quodam,
490 2815 682 2874 falsissimam
712 2815 871 2876 lectoribus
903 2816 1031 2876 instillet
1062 2817 1243 2894 opinionem,
1279 2818 1364 2895 quasi
1395 2817 1450 2877 viri

222 2922 300 2982 docti
318 2927 464 2982 tormenta
481 2927 511 2982 et
529 2926 653 2982 mortem
670 2941 823 3001 nunquam
841 2924 877 2982 ab
896 2924 1094 3001 Inquisitione
1110 2924 1192 3001 passi
1211 2929 1319 2984 essent
1357 2923 1451 2999 Quam

221 3029 450 3108 Inquisitionem
476 3030 536 3090 tale
562 3035 741 3106 monstrum,
769 3031 856 3108 quale
883 3031 1012 3108 partium
1040 3031 1137 3091 studio
1164 3036 1195 3092 et
1221 3031 1341 3092 inscitia
1363 3049 1451 3110 saepe

222 3137 415 3214 describatur,
452 3156 639 3216 nequaquam
672 3139 765 3199 fuisse
796 3139 930 3198 affirmat
985 3139 1094 3198 Mirum
1130 3139 1209 3217 quod
1240 3143 1326 3199 caute
1360 3140 1452 3200 simul

222 3245 315 3320 addit,
343 3249 458 3304 tantum
481 3246 597 3320 abesse,
625 3251 659 3305 ut
681 3247 746 3323 ipse
769 3246 967 3323 patrocinetur
989 3246 1180 3324 Inquisitioni
1202 3245 1394 3324 Hispanicae,
1416 3253 1452 3307 ut

223 3351 349 3411 seculari
380 3353 504 3429 imperio
531 3352 651 3430 deroget
678 3358 852 3431 potestatem
884 3353 1081 3414 conscientiae
1108 3353 1193 3432 quesi
1219 3353 1349 3414 maculis
1380 3372 1451 3414 con-

222 3459 438 3535 stringendae.4

329 3565 409 3640 Quae
427 3567 525 3626 omnia
543 3567 715 3644 ostendunt,
739 3587 828 3646 quam
850 3568 943 3628 nimia
965 3573 995 3628 et
1012 3587 1097 3628 caeca
1114 3569 1280 3628 reverentia
1296 3569 1359 3645 jam
1376 3573 1450 3630 tunc

221 3673 351 3733 Romana
378 3674 468 3734 Curia
494 3674 583 3734 etiarn
610 3675 700 3752 hujus
728 3675 891 3736 doctissimi
920 3676 976 3735 viri
1003 3675 1213 3736 conscientiam
1239 3676 1450 3736 constrinxerit

221 3785 251 3841 et
264 3781 437 3842 devinxerit.
474 3781 555 3842 Num
572 3783 757 3858 tyrannicam
775 3783 920 3860 ejusmodi
938 3787 1121 3861 potestatem,
1140 3783 1257 3862 qualem
1271 3783 1449 3861 Hispanieos

221 3907 305 3964 reges
337 3889 507 3950 exercuisse
537 3890 658 3966 fatetur,
691 3891 816 3951 seculari
843 3891 964 3969 quidem
995 3891 1118 3968 imperio
1145 3886 1342 3968 derogandam
1373 3909 1448 3968 esse,

221 3996 274 4055 sed
291 3996 446 4057 Pontificio
468 3997 600 4074 legitime
621 4003 786 4076 competere
808 3999 920 4058 credit?
961 3999 1052 4059 Recte
1069 3998 1153 4076 dicit,
1176 3997 1384 4076 Inquisitionis
1402 3999 1448 4058 in-

329 4280 355 4348 1)
373 4278 631 4334 Kirchen-Lexioon
651 4281 675 4334 1.
694 4279 810 4351 Auflage
828 4280 868 4336 VI
886 4299 911 4351 p.
928 4282 987 4338 107.

327 4368 355 4436 2)
373 4367 476 4422 Ibidem
493 4369 519 4422 V
538 4386 562 4438 p.
578 4369 729 4426 cle-650
748 4371 775 4424 et
792 4387 818 4439 p.
833 4371 992 4427 650-659.

327 4457 355 4524 3)
374 4457 436 4525 ,Ala
454 4457 497 4510 ein
515 4457 603 4512 Mittel
621 4459 669 4513 der
686 4459 1010 4530 Wahrheitsforsohung‘.

327 4545 355 4612 4)
374 4545 436 4612 ,Die
455 4545 597 4615 Beiugniss
616 4547 662 4601 das
682 4547 818 4601 Gewissen
837 4565 871 4602 au
888 4549 1024 4602 lmebeln‘.
