3194 5042
236 284 288 342 158
776 286 872 364 circa·
883 286 916 340 V.

235 493 416 567 spectamus,
439 493 518 549 rccte
541 489 652 549 dictum
676 507 743 548 esse
764 487 955 566 intelleffl'tur.
1002 487 1098 563 Quare
1115 489 1196 548 haud
1214 489 1336 550 fortuito
1354 492 1475 552 facturn

234 601 292 672 cst,
315 602 350 656 ut
371 597 449 657 inter
471 615 612 673 magnum
634 596 734 671 illum,
758 614 846 673 quem
864 595 1091 674 descripsimus,
1114 598 1246 656 omnium
1263 599 1474 659 doctr-inarum
1583 586 1584 589 ¹

234 705 400 782 artiumque
414 704 578 782 profectum
592 705 681 764 etiam
694 703 895 782 philosophia,
915 709 1002 764 antea
1015 709 1149 765 veterum
1163 705 1317 766 traditioni·
1333 707 1474 784 plerum-

235 830 293 890 que
316 811 461 887 subjecta,
489 829 565 872 nova
587 813 695 871 iterum
718 817 748 870 et
771 817 933 889 spontanea
955 812 1076 890 quidem
1098 811 1184 872 initia
1206 819 1337 890 caperet,
1366 815 1475 892 qualia

234 919 393 998 praeclaris
412 919 550 994 Baconis,
574 919 713 993 Cartesii,
737 919 839 978 Kantii
861 919 1031 979 nominibrrs
1049 919 1188 996 insigniri
1206 923 1344 981 omnibus
1362 929 1474 982 notum

235 1033 288 1088 est.
321 1026 406 1087 Tunc
427 1027 605 1086 recentiores
623 1027 806 1104 philosophi,
829 1044 905 1086 novo
923 1031 954 1086 et
971 1027 1090 1104 proprio
1109 1028 1258 1104 cogitandi
1278 1035 1361 1088 motu
1380 1031 1473 1107 quasi

235 1153 338 1206 suum,
362 1153 420 1212 quo
444 1139 568 1210 starent,
596 1133 695 1193 locum
718 1134 797 1193 nacti
820 1135 908 1193 etiarn
931 1135 968 1194 de
990 1133 1153 1210 veteribus,
1181 1135 1318 1212 inprimis
1343 1136 1474 1196 Platone

235 1247 265 1302 et
287 1241 460 1316 Aristotele,
488 1241 598 1301 rectius
620 1245 709 1318 atque
730 1242 909 1316 accuratius,
937 1259 1025 1318 quam
1048 1247 1134 1302 antea
1156 1243 1268 1302 tamum
1291 1249 1366 1318 erat,
1386 1243 1472 1319 judi-

235 1367 301 1410 care
324 1353 483 1426 coeperunt
504 1354 535 1408 et
557 1352 700 1425 quantum
723 1349 759 1408 ab
782 1348 857 1424 illis,
885 1349 957 1408 licet
978 1367 1038 1408 non
1062 1348 1164 1408 servili
1185 1349 1315 1426 amplius
1344 1351 1471 1424 ratione,

235 1457 407 1517 discendum
435 1461 515 1516 esset
541 1456 760 1544 intellexerunt.
813 1456 958 1516 Universa
985 1456 1081 1534 ipsius
1109 1457 1315 1534 philosophiae
1343 1457 1471 1518 historia

235 1583 295 1624 nou
317 1564 415 1639 aliter,
443 1581 531 1641 quam
555 1581 657 1624 omnes
680 1563 767 1638 aliae,
798 1567 832 1622 ut
854 1563 998 1638 vidimus,
1026 1563 1183 1624 historicae
1205 1565 1470 1642 pervestigationis

235 1675 347 1748 partae,
373 1671 434 1748 jam
458 1670 631 1747 diligentius
653 1675 683 1730 et
710 1670 814 1746 altius,
842 1689 931 1748 quarn
958 1689 1089 1748 unquam
1117 1677 1204 1730 antea
1230 1673 1294 1732 fieri
1322 1679 1469 1750 potuerat,

236 1778 436 1854 excolebatur,
472 1777 613 1857 largaque
651 1778 693 1838 ita
729 1779 853 1838 cruditis
889 1779 962 1838 viris
998 1780 1193 1856 praebebatur
1224 1780 1346 1840 materia
1373 1799 1470 1858 eaque

236 1887 338 1946 critice
369 1885 524 1946 elaborata.
580 1884 675 1960 Quam
706 1887 742 1946 ob
773 1905 835 1946 rem
864 1886 968 1946 Victor
996 1887 1106 1946 Cousin
1139 1887 1229 1962 dixit,
1261 1887 1469 1965 philosophiae

236 1993 389 2054 historiam
411 1993 624 2054 Germanorum
647 2011 734 2071 opera
756 1993 844 2052 aliam
864 2011 985 2071 prorsus
1004 1999 1034 2054 et
1051 2011 1157 2054 novam
1177 1995 1339 2054 doctrinam
1358 1996 1469 2055 factam

237 2119 312 2162 esse.
364 2102 400 2162 ld
427 2119 496 2162 vero
524 2119 617 2180 quum
648 2101 723 2179 ipsis
751 2101 837 2160 novis
863 2101 926 2162 illis
949 2101 1178 2179 philosophandi
1201 2102 1295 2162 initiis
1318 2103 1469 2178 debeatur,

237 2227 422 2287 summopere
446 2215 555 2284 errant,
581 2209 632 2286 qui
656 2213 751 2268 totum
774 2227 854 2268 nunc
876 2208 1179 2286 philosophimnnus
1197 2209 1229 2269 in
1248 2210 1349 2270 critica
1368 2211 1468 2288 phile

237 2316 359 2394 sophiae
382 2317 505 2377 historia
527 2316 697 2394 ponendum
720 2333 786 2376 esse
808 2316 987 2376 existimant.
1034 2315 1119 2390 Quod
1141 2323 1221 2378 esset
1247 2315 1467 2395 philosophiam

235 2425 269 2484 in
296 2429 479 2484 mortuorum
501 2441 624 2483 numero
648 2424 762 2483 habere.
809 2423 904 2484 Irnmo
928 2441 986 2501 quo
1013 2423 1133 2500 plenius
1160 2443 1195 2485 ao
1221 2425 1334 2501 largius
1361 2403 1468 2486 ornnes

236 2531 411 2609 disciplinae
439 2531 597 2608 empiricos
623 2531 811 2605 excoluntur,
839 2549 873 2591 co
901 2530 1000 2591 minus
1028 2549 1097 2592 vera
1124 2531 1250 2592 eruditio
1276 2532 1468 2610 philosophia

237 2656 336 2699 carere
358 2643 462 2716 potest.
505 2637 689 2716 Quapropter
711 2639 743 2697 in
765 2639 1008 2700 universitatibus
1030 2640 1139 2700 nostris
1161 2639 1313 2700 litterar-iis
1336 2641 1362 2700 is
1386 2641 1467 2714 ordo,

237 2745 289 2824 qui
325 2746 457 2806 omnium
494 2745 719 2822 disciplinarum
755 2764 847 2822 purae
883 2747 1023 2806 scientiae
1059 2747 1283 2808 inservientium
1319 2749 1467 2808 unitatem

236 2857 449 2932 repraesentat,
473 2852 717 2930 philosophorum
739 2853 851 2913 ordinis
874 2854 994 2914 nomine
1016 2855 1182 2915 honoratur.

343 2959 400 3021 His
423 2960 572 3036 omnibus,
597 2979 672 3038 quae
695 2979 785 3038 supra
808 2967 967 3021 memorata
986 2967 1069 3036 sunt,
1093 2962 1174 3022 brevi
1193 2962 1347 3023 ostendere
1368 2963 1467 3024 volui-

236 3087 316 3144 rnus,
358 3087 447 3148 quam
484 3069 543 3128 late
579 3067 723 3146 paulatim
763 3068 942 3146 reipublicae
978 3069 1143 3129 litterariae
1173 3070 1270 3130 officia
1305 3071 1465 3148 pahrerint.
1584 3049 1585 3128 i

237 3176 349 3237 Eadem
376 3194 495 3254 semper
517 3175 613 3236 adhuc
635 3175 803 3254 respublica
825 3179 883 3251 est,
911 3175 997 3252 cujus
1020 3177 1057 3236 ab
1083 3176 1271 3256 antiquarum
1297 3177 1466 3238 litterarum
1584 3193 1585 3214 ¹

237 3284 399 3344 cultoribus
431 3283 572 3343 fundatae
604 3301 738 3343 summus
775 3283 923 3360 quondam
959 3283 1021 3342 durr
1052 3282 1194 3344 Erasmus
1231 3286 1339 3360 fuerat,
1376 3287 1466 3363 cujus
1584 3281 1585 3352 J

237 3391 402 3452 dilatandos
426 3392 501 3452 fines
519 3390 729 3451 Melanchthon
752 3391 904 3468 ingeniose
927 3391 1137 3468 designaverat.
1180 3392 1261 3452 Haec
1278 3391 1347 3452 talis
1366 3394 1465 3471 qualis

237 3503 283 3559 est
304 3517 401 3576 neque
424 3497 500 3574 fieri,
527 3499 588 3558 nisi
614 3499 692 3558 inter
719 3498 895 3559 christianas
917 3505 1034 3575 gentes,
1061 3499 1171 3577 potuit,
1199 3517 1296 3578 neque
1323 3519 1465 3578 unquam,

237 3611 383 3684 <quatenus
411 3623 449 3665 ex
476 3605 600 3666 veritate
622 3605 736 3666 sincere
759 3607 925 3684 quaerenda
947 3607 1068 3684 pendet,
1096 3611 1180 3666 extra
1201 3607 1464 3683 christianismum,

237 3714 289 3792 qni
317 3731 433 3774 summa
459 3713 568 3773 veritas
596 3718 653 3788 est,
681 3713 757 3773 laete
783 3714 920 3791 progredi
947 3720 1035 3791 atque
1062 3715 1165 3774 florere
1191 3715 1307 3791 poterit.
1358 3715 1465 3793 Neque

237 3827 348 3898 maren,
377 3821 409 3880 in
432 3839 539 3896 magna
561 3820 613 3879 illa
637 3821 776 3881 societate
797 3822 834 3880 ab
862 3820 1003 3881 ecclesiae
1030 3821 1208 3881 christianae
1231 3822 1289 3881 fide
1311 3827 1342 3882 et
1364 3827 1462 3882 aucto·

162 3957 166 3965 ·
236 3929 323 3989 ritate
346 3927 592 4006 proficiscendum
616 3933 674 4004 est,
699 3929 751 3988 sed
774 3946 912 3998 ererum
936 3935 1041 4002 natura
1064 3933 1094 3988 et
1111 3929 1147 3988 ab
1170 3929 1318 3989 universis
1340 3929 1462 3988 humani

237 4037 354 4113 generis
381 4035 522 4096 historiis.
572 4035 654 4096 Haeo
680 4036 787 4113 ingens
816 4036 928 4096 sciendi
956 4041 994 4108 et¹
1012 4037 1206 4113 cognoscendi
1239 4036 1376 4096 materies
1408 4042 1461 4111 est,

238 4161 275 4204 ex
303 4161 361 4222 qua
389 4143 526 4222 quisquis
555 4161 608 4221 pro
636 4145 700 4203 suis
725 4143 836 4203 viribus
858 4144 915 4203 rite
935 4143 1077 4221 judicatis
1100 4144 1214 4222 aliquid
1236 4149 1371 4204 accurate
1393 4143 1460 4204 reli·

236 4251 377 4330 gioseque
408 4251 669 4329 pervestigandum
701 4249 756 4310 sibi
794 4251 896 4328 elegit,
933 4251 1012 4311 haud
1043 4252 1153 4312 frustra
1184 4251 1308 4327 ln'oorat,
1344 4252 1398 4312 sed
1432 4255 1460 4312 et

237 4357 354 4418 veritati
381 4365 411 4420 et
437 4359 616 4436 reipublicae
642 4358 814 4434 litterariae,
847 4359 958 4436 quippe
984 4360 1070 4436 cujus
1097 4377 1223 4436 regnum
1250 4359 1314 4420 sola
1341 4359 1460 4419 ventate

236 4466 361 4540 nitatur,
394 4467 517 4542 proficit.
571 4465 676 4542 Neque
707 4465 869 4524 intruditur
900 4466 1051 4543 cuiquam,
1083 4472 1117 4526 ut
1143 4467 1278 4542 ejusdem
1308 4467 1382 4526 civis
1413 4467 1458 4542 sit,

237 4570 311 4629 fides
330 4571 501 4644 christiana,
526 4569 688 4630 sedetiam
711 4571 743 4628 in
766 4571 854 4630 rebus
877 4572 914 4630 ad
937 4572 1110 4648 religionem
1133 4573 1350 4650 pertinentibus
1372 4573 1459 4650 plena
