3144 5092
213 203 247 258 56
747 199 835 254 Garun
853 198 900 252 IV.

212 403 336 465 mirifice
358 421 392 464 ee
413 404 480 481 ipse
498 401 621 476 refellit,
644 400 752 462 tradito
769 400 867 478 ipsius
885 401 983 461 Caroli
1001 401 1037 461 ad
1056 401 1168 480 Papam
1185 407 1349 480 responso,
1379 403 1466 481 qnod

213 531 306 591 quum
323 511 403 590 apud
421 509 537 572 Oedatii
554 509 638 570 illius
652 507 819 570 Brixiensis
837 507 982 569 familiam
999 509 1175 584 invenisset,
1193 509 1285 570 nimis
1305 511 1462 571 curiosus

122 600 128 610 ¹
211 619 356 694 historiae,
375 621 520 679 scurtatcr
542 621 617 694 erat,
640 635 731 695 quam
752 621 788 676 ut
809 621 871 676 tam
889 615 1012 694 pretiosi
1030 617 1214 677 monumenti
1232 623 1460 696 argumentum

212 746 273 788 non
295 725 459 805 proderetl
505 725 632 803 Scripsit
654 725 796 785 nimirum
820 723 928 785 Caesar
951 724 1062 804 Papae,
1086 742 1133 800 ,se
1155 725 1193 784 ad
1215 725 1316 785 omnia
1340 745 1459 804 oppro

213 835 277 896 bria
303 839 406 894 011111
433 817 466 894 se
490 834 600 910 jactata
621 849 835 910 responsurum
857 849 924 893 esse
947 851 1001 892 suo
1024 837 1169 910 tempore,
1196 833 1261 893 loco
1284 839 1316 893 et
1339 853 1456 911 oppor-

212 942 340 1002 tunitate
361 946 450 1020 atque
472 944 676 1016 ostensum,
697 945 742 1001 tot
763 945 904 1018 tantaque
927 939 1106 1018 reipublicae
1129 939 1309 1000 christianae
1332 941 1455 1002 incom-

213 1050 300 1110 moda
327 1067 387 1110 non
414 1048 471 1110 sibi
494 1047 601 1126 cnlpae
623 1047 764 1108 vertenda
786 1065 865 1123 esse,
894 1047 947 1108 sed
970 1065 1002 1108 se
1025 1065 1143 1125 semper
1165 1052 1199 1106 ut
1221 1049 1350 1124 probum
1377 1049 1453 1110 Cae·

214 1175 310 1218 sarem
338 1161 368 1218 et
395 1155 574 1217 catholicum
595 1155 766 1232 Principem
794 1155 923 1230 deceret,
950 1154 1049 1215 debita
1075 1155 1188 1215 ratione
1211 1155 1301 1215 etiam
1325 1161 1454 1216 sanctae

215 1265 295 1324 sedis
318 1265 431 1340 habita,
454 1281 607 1324 occurrere
629 1281 664 1322 ac
686 1262 797 1323 mederi
820 1263 882 1324 illis
905 1263 1098 1323 incommodis
1122 1262 1286 1341 studuisse;
1312 1265 1399 1342 qnod
1423 1265 1450 1324 si

215 1372 424 1450 unusquisque
441 1372 521 1432 idem
539 1389 593 1448 pro
612 1389 666 1432 suo
684 1371 791 1448 gradu,
815 1374 894 1430 statu
913 1375 943 1430 et
961 1371 1133 1431 condicione
1151 1371 1342 1448 perfecisset,
1366 1372 1451 1431 haud

215 1484 357 1540 eventura
380 1479 475 1540 fuisse
498 1478 683 1538 incommoda
705 1478 771 1554 illa,
798 1479 831 1538 11
854 1478 964 1556 quibus
986 1496 1067 1540 nunc
1089 1478 1259 1556 respublica
1281 1479 1449 1540 christiana

214 1589 395 1662 versaretur;
419 1585 450 1644 id
473 1603 506 1646 se
529 1585 571 1645 ita
593 1587 851 1663 comprobaturum
873 1603 952 1661 esse,
975 1591 1010 1646 ut
1032 1586 1141 1647 veritas
1164 1603 1281 1646 omnem
1305 1604 1447 1662 errorem,

215 1691 448 1768 simulationem,
470 1693 650 1754 calumniam
673 1694 864 1754 euerteret‘²

322 1977 349 2046 1)
368 1975 435 2031 Lud.
455 1977 562 2032 Pastor:
584 1977 634 2031 Die
658 1975 822 2030 kirohlichen
840 1975 1172 2047 Reunionsbestrebungen
1191 1979 1240 2031 etc.
1260 1995 1286 2046 p.
1302 1978 1355 2032 296
1378 1977 1445 2031 laiso

215 2065 278 2120 dicit
297 2065 421 2122 Carolum
443 2065 510 2120 nihil
533 2067 565 2121 ad
583 2066 672 2135 Papae
695 2064 810 2134 diploma
832 2065 1000 2134 respondisse
1024 2065 1135 2135 ejusque
1154 2067 1191 2121 rei
1211 2065 1359 2121 laudabiles
1378 2083 1444 2136 quas

215 2155 271 2224 ipse
293 2155 369 2225 tingit
391 2171 485 2211 causes
508 2156 678 2225 1110111111
702 2153 855 2210 certissimis
879 2171 983 2224 comm,
1013 2155 1058 2226 qui
1078 2154 1170 2210 Garolo
1188 2156 1345 2224 adfuerrmt,
1370 2157 1443 2210 teeti-
1524 2201 1525 2230 ξ

215 2243 310 2299 moniis
327 2245 454 2300 firmatas.

322 2351 349 2421 2)
368 2351 478 2422 Legitur
495 2353 562 2407 haec
585 2352 697 2422 epistola
719 2343 1002 2422 apud'Padavieinam
1021 2352 1054 2422 V,
1074 2353 1098 2422 7,
1120 2354 1143 2406 l.
1186 2353 1259 2420 Quae
1283 2355 1442 2422 quantopere

215 2443 346 2510 repugnet
358 2439 403 2510 iis,
422 2457 491 2510 qnae
509 2457 591 2511 supra
609 2443 652 2512 (V,
672 2445 701 2510 5,
721 2444 749 2512 5)
768 2443 800 2496 de
819 2443 863 2512 pia
880 2442 1041 2511 reverentia,
1057 2458 1111 2511 qua
1124 2442 1234 2498 Carolus
1247 2442 1344 2498 acerba
1355 2442 1441 2512 Papae

215 2529 315 2584 monita
337 2529 497 2598 excepisset,
522 2530 636 2600 dixerat,
660 2531 737 2586 facile
760 2535 875 2601 apparet.
917 2531 1005 2586 Etiam
1023 2549 1085 2586 cum
1103 2532 1147 2601 iis,
1167 2548 1235 2602 quae
1254 2532 1281 2586 in
1299 2533 1351 2586 fine
1370 2532 1439 2600 capi-

215 2619 250 2672 tis
263 2619 310 2672 VI.
330 2617 401 2671 dicte
419 2621 494 2686 sunt,
513 2619 620 2673 minime
634 2621 757 2689 quadrat,
777 2622 824 2674 sed
839 2624 1056 2691 argumentorum
1074 2638 1174 2675 nexum
1187 2621 1253 2674 mire
1267 2621 1438 2690 interrumpit

216 2707 295 2762 Unde
318 2723 377 2761 eam
399 2707 596 2762 aPallevicino
619 2711 710 2778 postea
733 2710 854 2778 demum,
884 2727 964 2780 quam
987 2713 1075 2765 cetera
1098 2711 1250 2780 scripserat,
1280 2710 1439 2779 interjectam

216 2812 276 2851 esse
300 2797 436 2855 concludo.
473 2798 638 2853 Pauoissima
657 2799 737 2853 verba
760 2800 872 2868 addidit,
896 2803 1031 2854 1111111
1054 2799 1192 2869 0111111111
1216 2799 1318 2869 species
1336 2799 1438 2853 restitn-

217 2889 313 2941 eretur.
350 2889 425 2944 Hacc
447 2889 528 2960 igitur
550 2889 638 2944 omnia
656 2889 742 2943 serius
760 2889 849 2944 addita
867 2890 934 2944 inira
952 2889 1143 2958 cucumpositis
1161 2889 1264 2943 uncinis
1283 2888 1437 2958 significabo.

117 2999 118 3002 ¹
217 3008 251 3018 -
270 2977 301 3032 ln
320 2979 373 3034 fine
392 2979 485 3050 capitis
504 2979 550 3034 VI.
571 2978 700 3050 insignem
714 2979 869 3049 sapientiam
885 2982 912 3033 01
925 2978 1138 3048 temperantiam,
1158 2995 1212 3048 qua
1224 2977 1383 3033 Pontificalis
1395 2975 1438 3031 illa

217 3067 328 3138 epistola
346 3070 380 3123 ad
398 3070 538 3126 Caesarem
557 3069 654 3139 scripta
673 3085 731 3124 esse
750 3069 774 3122 ei
793 3069 910 3137 videtur,
929 3069 1021 3122 multis
1039 3068 1130 3124 laudat
1143 3068 1244 3138 1111111,
1264 3069 1358 3138 quibus
1376 3067 1437 3122 haec

217 3161 280 3211 1111
303 3161 434 3213 extrema:
462 3159 576 3227 ,D’altro
594 3160 672 3214 modo
691 3189 725 3198 -
744 3158 846 3212 scilicet
863 3175 915 3213 non
934 3158 1052 3212 adhibita
1069 3157 1198 3227 ejusmodi
1217 3157 1389 3226 temperantia
1404 3187 1434 3195 -—

217 3246 307 3316 quella
324 3248 481 3302 0011111111
498 3248 567 3302 delle
586 3265 696 3318 persone
715 3264 789 3302 sacre
809 3264 860 3302 non
879 3245 1378 3312 1111111110011101110011101111,
1396 3263 1436 3299 ma

218 3335 242 3390 si
261 3335 321 3389 odia
334 3352 408 3390 come
422 3337 613 3406 appossionata,
633 3354 648 3391 e
662 3336 688 3390 11
703 3336 753 3390 line
768 3337 790 3390 si
805 3335 922 3405 calpcsta
936 3352 1010 3390 come
1024 3335 1154 3405 11111111.ι
1182 3336 1273 3404 Pergit
1286 3335 1358 3390 initio
1371 3335 1434 3404 capi·

217 3423 252 3478 tis
267 3423 330 3477 VH:
350 3424 460 3492 ,Questa
477 3425 573 3480 lettera
590 3425 620 3478 iu
637 3427 741 3494 portata
758 3425 806 3480 all’
827 3425 990 3494 imper-edors
1005 3441 1053 3495 per
1065 3425 1168 3479 Decide
1182 3419 1278 3480 Odasio
1292 3424 1433 3492 Braeciano,

218 3513 360 3568 cameriere
379 3513 405 3567 di
423 3513 505 3568 Paolc
524 3515 551 3583 [1
569 3513 594 3566 n'
614 3513 680 3568 ebbe
698 3512 877 3569 l'infrescritta
894 3515 1008 3584 rispcsta
1026 3545 1059 3554 -
1083 3513 1102 3568 il
1125 3514 1174 3568 che
1192 3529 1245 3569 non
1264 3512 1279 3567 ὀ
1297 3517 1433 3582 perrenuto

218 3619 234 3657 a
251 3604 342 3656 nostra
360 3605 486 3658 ccntczaa
503 3602 578 3657 salvo
597 3603 623 3656 in
642 3602 729 3672 questi
747 3602 834 3656 ultimi
852 3603 918 3658 mesi
937 3620 985 3674 per
1003 3619 1082 3673 opera
1100 3603 1163 3658 d'un
1177 3603 1244 3659 altro
1258 3603 1360 3658 Davide
1372 3602 1434 3658 della

218 3693 314 3747 istesso
327 3691 437 3760 familia,
458 3692 507 3746 che
529 3709 559 3746 ce
578 3709 612 3747 ne
626 3693 662 3747 ha
675 3693 869 3748 communicato
883 3709 963 3748 ancer
976 3693 1001 3747 lc
1015 3694 1150 3748 scribture:
1170 3693 1197 3747 la
1210 3692 1324 3762 rispcsta
1337 3693 1433 3762 dunque

218 3783 331 3836 renduta
353 3781 414 3835 nell‘
439 3781 536 3836 idioma
558 3781 684 3853 spagnolo
707 3798 792 3837 soona
814 3782 869 3837 cosi
891 3781 963 3837 nella
985 3785 1075 3837 101111
1097 3781 1208 3852 lingua‘.
1233 3813 1266 3822 -
1290 3781 1434 3852 Sequuntur

218 3870 345 3940 epistolae
363 3871 507 3926 Caesareae
525 3872 618 3941 verba,
638 3888 706 3942 quae
725 3889 805 3941 supra
822 3871 903 3926 111111
918 3889 997 3927 versa
1009 3872 1154 3941 posuimus.
1192 3872 1295 3926 Deinde
1309 3871 1345 3925 ita
1357 3872 1434 3941 perg't

217 3959 408 4014 Pallavicinus:
428 3959 497 4028 ,Coei
515 3961 544 4014 fu
562 3961 675 4031 rispcsta
694 3960 746 4016 nlla
758 3962 854 4016 lettera
867 3961 1025 4030 pontificale.
1053 3961 1108 4016 Nel
1120 3962 1202 4030 resto]
1217 3960 1270 4016 elle
1282 3961 1312 4014 fu
1326 3960 1434 4016 nceruta

218 4065 299 4103 senza
315 4049 496 4104 risenb'mento
511 4051 545 4105 da
554 4049 642 4106 Carlo:
662 4067 736 4106 come
750 4051 785 4106 da
797 4050 926 4121 principe,
946 4050 964 4106 il
979 4051 1022 4105 cui
1036 4051 1136 4120 animo,
1155 4049 1240 4120 prima
1254 4050 1304 4106 che
1318 4049 1344 4104 la
1356 4066 1433 4119 penna

219 4137 263 4192 del
280 4153 360 4208 papa,
384 4154 451 4193 area
468 4139 581 4194 dannatc
599 4139 625 4194 le
643 4141 810 4195 concessione
829 4140 893 4195 lette
912 4140 993 4194 dass
1016 4139 1038 4195 a'
1058 4139 1236 4194 Protcstanti.‘
1255 4169 1288 4178 —
1307 4137 1390 4192 Facile
1405 4143 1433 4192 ut

220 4230 282 4296 puto
301 4227 414 4298 quisque
428 4227 539 4298 videbit,
558 4229 609 4282 nisi
623 4229 752 4299 ademptis
766 4229 810 4299 iis,
830 4245 899 4299 quae
913 4229 1016 4285 uncinis
1030 4228 1184 4283 inclusimus
1198 4230 1287 4283 cetera
1299 4227 1433 4297 aequaliter

219 4333 271 4372 101
288 4318 372 4372 fluere
390 4335 477 4388 neque
495 4319 650 4389 scriptorem
668 4319 717 4374 sibi
731 4319 781 4388 ipsi
795 4321 922 4374 00111110.
960 4317 1048 4386 Quare
1062 4318 1144 4389 bnjus
1158 4333 1225 4388 opus
1235 4318 1292 4387 jam
1306 4317 1355 4372 snb
1367 4315 1432 4386 prelo
1523 4313 1524 4320 '

219 4406 301 4462 luisse
319 4403 488 4478 conjecerim,
512 4425 596 4479 quum
619 4409 748 4463 curiosam
771 4406 844 4462 illam
868 4408 988 4463 Caesaris
1010 4407 1161 4477 epistolam,
1186 4407 1254 4462 inter
1276 4405 1430 4462 scribendum

219 4499 367 4567 acceptam,
387 4497 437 4552 hoc
455 4497 512 4554 loco
531 4497 677 4568 interjicere
695 4496 874 4552 consdtncret
