3144 5092
238 283 289 336 124
779 284 868 338 Cam
885 284 920 338 V.

235 489 383 562 acceptam
411 486 516 545 tiaram
542 485 636 560 dedit,
664 503 815 545 mmmum
842 487 908 564 ipse
935 487 1117 547 desiderium
1140 488 1285 565 exprimit
1309 489 1490 548 occasionis

236 593 440 667 inveniendae,
471 599 506 652 ut
537 611 590 671 pm
621 593 721 652 debito
752 599 871 670 gratum
901 613 972 671 erga
999 594 1085 654 illum
1113 595 1249 655 animum
1276 599 1491 674 comprobet¹

235 699 300 758 Jam
323 700 415 776 igitur
436 699 575 760 Pontifex
597 701 748 761 Maximus
770 702 962 762 renunciatus
987 707 1077 779 atque
1099 720 1137 762 ex
1162 703 1315 762 Cardiuali
1339 709 1376 763 ct
1400 704 1491 764 detli-

235 807 351 866 tissime
373 813 446 866 uatu
473 808 592 884 majoris
619 809 675 867 viri
703 809 861 868 fraterculo
888 810 987 870 subito
1009 809 1098 870 Pater
1120 809 1341 870 Sanctissimae
1371 813 1490 873 factus

237 913 414 988 Galilaeum,
437 915 489 992 qui
511 915 681 976 valetudine
700 915 864 994 impeditus
886 935 964 976 auno
986 917 1106 978 demum
1130 923 1199 995 post
1221 918 1259 976 ad
1281 919 1396 996 ipsum
1419 921 1490 980 offi-

236 1021 332 1080 ciosae
354 1023 558 1098 gratulationis
581 1041 670 1082 causa
692 1041 725 1084 ae
743 1025 871 1084 contulit
888 1024 977 1102 plane
995 1043 1042 1100 ea,
1065 1043 1142 1104 quae
1160 1027 1332 1102 exspectari
1351 1033 1488 1104 poterat,

236 1129 439 1190 benevolentia
461 1132 585 1208 excepit
628 1130 786 1209 Quumque
807 1133 919 1210 optime
941 1137 1054 1206 nosset,
1078 1137 1189 1211 quauta
1209 1134 1291 1210 apud
1309 1134 1487 1194 Fcr'dinau-

236 1237 308 1296 dum
326 1237 378 1312 Π.,
399 1238 540 1314 juvenem
562 1238 697 1298 Etruriae
715 1239 857 1316 Magnum
875 1240 1002 1315 Ducem,
1027 1239 1151 1301 Galilaei
1169 1242 1379 1318 praecepistis
1401 1249 1487 1302 esset

236 1345 406 1420 auctoritas,
443 1351 542 1405 tamen
573 1345 655 1406 hunc
686 1351 716 1406 et
747 1347 825 1424 ipse,
858 1347 957 1407 studio
988 1348 1074 1425 quasi
1105 1348 1290 1422 redundans,
1323 1349 1485 1426 singulari

237 1451 325 1511 Brevi
352 1454 557 1514 commendare
583 1453 629 1512 illi
657 1454 759 1513 voluit
805 1453 842 1514 Iu
865 1473 924 1532 quo
947 1459 1063 1531 praeter
1085 1455 1144 1514 alia
1166 1455 1239 1515 haec
1261 1456 1379 1533 scripta
1405 1457 1485 1535 legi·

237 1577 318 1618 mus:
343 1559 490 1634 ,Dilectus
512 1561 594 1620 filius
613 1561 764 1622 Galilaeus
786 1562 938 1622 aethereas
957 1562 1061 1639 plagas
1078 1563 1234 1640 ingressus
1251 1563 1358 1640 ignota
1376 1565 1485 1625 sidera

237 1665 416 1727 illuminavit
443 1673 474 1727 et
500 1668 685 1745 planetarum
713 1669 875 1746 penetralia
901 1669 1032 1730 reclusit
1079 1669 1177 1744 Quare
1203 1670 1275 1729 dum
1303 1672 1483 1732 beneficum

237 1773 318 1834 Jovis
341 1779 454 1834 astrum
476 1775 596 1836 micabit
618 1777 651 1834 in
668 1777 750 1836 coelo
772 1781 899 1854 quatuor
920 1778 1007 1836 novis
1024 1777 1147 1838 asseclis
1168 1779 1358 1854 comitatum,
1382 1783 1483 1840 eomi-

237 1887 298 1942 tem
324 1883 390 1941 aevi
418 1883 464 1942 sui
487 1883 605 1944 laudem
629 1883 754 1945 Galilaei
777 1885 882 1944 trahet
928 1883 991 1944 Nos
1013 1887 1130 1944 tantum
1153 1885 1263 1960 virum,
1291 1887 1383 1962 cujus
1409 1887 1482 1947 laus

237 1989 269 2048 in
292 1990 373 2050 coslo
391 1990 471 2050 lucet
489 1996 519 2050 ct
537 1996 630 2052 terras
649 1996 797 2069 peragrat,
818 1992 933 2068 jamdiu
952 1997 1076 2070 paterna
1094 1993 1216 2052 caritate
1233 1993 1479 2070 complectimur.

237 2096 383 2158 Novimus
405 2099 485 2158 enim
507 2098 539 2158 in
561 2117 595 2158 eo
618 2117 677 2158 uon
700 2099 787 2159 modo
809 2099 976 2159 litterarum
999 2099 1136 2176 gloriam,
1160 2100 1212 2160 sed
1235 2101 1325 2160 etiam
1349 2102 1478 2178 pietatis

239 2206 383 2280 studium,
415 2205 512 2284 iisque
539 2207 652 2266 artibus
679 2207 786 2284 pollet,
818 2207 929 2284 quibus
956 2207 1113 2268 Pontifioia
1139 2207 1276 2268 voluutas
1303 2208 1396 2268 facile
1426 2211 1474 2270 de

238 2317 374 2373 meretur.
428 2313 517 2374 Nune
547 2319 660 2388 autern,
699 2332 791 2392 quum
822 2314 911 2374 illum
942 2314 975 2374 in
1006 2314 1116 2375 Urbem
1147 2314 1341 2376 Pontificatus
1375 2319 1476 2378 nosos·

238 2421 394 2497 gratulatio
416 2421 579 2496 reduxerit,
603 2427 788 2499 peramanter
810 2422 910 2499 ipsum
933 2421 1082 2499 complexi
1105 2439 1209 2482 sumus
1232 2427 1322 2500 atquc
1336 2423 1476 2499 jucunde

238 2527 400 2588 identidem
422 2529 590 2589 audivimus
613 2528 799 2588 Florentinae
821 2529 1007 2607 eloquentiae
1025 2530 1130 2590 decora
1148 2529 1244 2590 doctis
1262 2529 1475 2608 disputationi-

238 2635 294 2694 bus
316 2639 482 2711 augentcm.
527 2636 616 2696 Nunc
638 2641 738 2696 autem
760 2656 820 2697 uon
843 2637 972 2714 patimur
995 2655 1064 2696 eum
1087 2637 1152 2697 sine
1174 2637 1273 2714 amplo
1295 2637 1474 2700 Pontificius

238 2741 368 2802 caritatis
391 2748 556 2803 commeatu
578 2743 611 2802 iu
633 2743 758 2820 petriam
781 2745 889 2820 redire,
913 2763 972 2822 quo
995 2743 1081 2804 illum
1104 2744 1268 2804 nobilitatis
1291 2749 1359 2805 tuae
1381 2747 1472 2806 bene

238 2850 356 2910 lieentia
391 2855 515 2910 revocat.
575 2849 771 2928 Exploratum
807 2857 866 2926 est,
908 2853 1017 2930 quibus
1054 2851 1194 2929 praemiis
1231 2851 1333 2928 Magni
1369 2852 1471 2914 Duces

238 2963 464 3018 remunerentur
486 2959 551 3036 ejus
574 2958 686 3036 ingenii
709 2965 838 3038 reperta,
866 2960 918 3038 qui
941 2959 1066 3020 Medieci
1088 2958 1217 3019 nominis
1240 2959 1367 3036 gloriam
1391 2960 1471 3021 inter

239 3066 334 3126 sidera
361 3065 522 3136 collocavit.
569 3067 680 3127 Tamen
707 3073 742 3127 ut
767 3068 856 3142 scias,
885 3085 974 3145 quam
997 3085 1082 3127 carus
1105 3067 1278 3127 Pontificiae
1300 3067 1394 3128 menti
1416 3068 1470 3128 ille

239 3174 290 3248 sit,
314 3173 507 3235 honorificum
530 3175 586 3236 hoe
608 3175 636 3235 ei
659 3175 728 3236 dare
751 3175 900 3235 voluimus
922 3173 1042 3234 virtutis
1065 3179 1095 3234 et
1117 3173 1237 3251 pietatis
1255 3174 1466 3236 testimonium

239 3281 329 3342 Porro
356 3287 455 3342 autem
483 3282 686 3358 significamus
714 3283 818 3343 solatia
844 3286 946 3342 nostra
972 3282 1034 3342 fore
1056 3282 1155 3341 omnia
1177 3282 1331 3357 beneficia,
1359 3283 1466 3360 quibus

239 3407 307 3449 eum
330 3407 438 3448 ornans
461 3390 600 3450 nobilitas
623 3396 674 3450 tua
692 3395 844 3468 paternam
862 3389 1094 3450 munificentiam
1113 3407 1174 3449 nou
1192 3389 1278 3449 modo
1296 3390 1465 3464 imitabitur,

239 3497 291 3556 sed
314 3497 402 3556 etiam
424 3497 582 3574 augebit.‘²
623 3497 746 3558 Addidit
763 3497 845 3575 Papa
866 3498 903 3556 ad
921 3497 1023 3575 Magni
1042 3497 1135 3558 Ducis
1153 3502 1278 3557 matrem
1296 3502 1327 3557 et
1343 3515 1466 3558 uxorem

239 3603 392 3682 epistolas,
425 3605 533 3682 quibus
568 3609 598 3665 et
624 3603 743 3680 iisdem,
776 3608 957 3683 quantopere
984 3605 1168 3684 praeclarum
1195 3604 1283 3664 illum
1310 3605 1408 3664 mum
1434 3605 1464 3664 iu

239 3712 354 3774 deliciis
377 3713 510 3788 haberet,
533 3717 660 3773 testatus
682 3717 735 3773 est.

347 3818 428 3895 Quae
456 3820 555 3880 omnia
576 3825 649 3882 tuuc
671 3820 839 3881 Galilaeum
861 3839 922 3880 non
945 3825 1006 3880 tam
1028 3826 1149 3899 propter
1171 3825 1294 3880 externa
1316 3820 1464 3880 commoda
1564 3799 1565 3806 ἵ

239 3929 309 3988 iude
340 3929 463 3988 forsitan
496 3928 707 4006 exspectanda,
741 3947 831 4007 quam
862 3933 982 4007 propter
1013 3928 1172 4003 auxilium,
1205 3927 1283 4007 quod
1315 3927 1353 3987 ad
1378 3928 1463 3986 robur

239 4036 357 4096 veritati
375 4036 543 4098 addendum
561 4036 631 4097 inde
650 4055 767 4114 sperare
783 4037 851 4114 jure
868 4037 988 4112 licebat,
1007 4036 1122 4114 ingenti
1140 4035 1247 4113 gaudio
1265 4035 1459 4113 perfuderunt

240 4301 267 4358 la
284 4318 365 4372 prego
384 4301 434 4356 che
453 4343 460 4370 ,
466 4301 587 4372 gradisca
604 4301 632 4356 la
649 4300 751 4372 picoola
769 4301 992 4357 dimonetrazione
1011 4301 1081 4357 della
1095 4300 1203 4357 volunta
1220 4299 1319 4369 grande
1337 4298 1378 4354 ch'
1396 4298 1421 4352 io
1437 4297 1459 4352 le

240 4393 329 4462 porto‘
349 4393 385 4464 (d.
406 4391 440 4446 28
459 4408 494 4445 m.
514 4393 583 4462 Aug.
602 4407 626 4446 a.
647 4391 735 4462 1620).

348 4483 495 4567 uiuam
513 4497 556 4553 ux
574 4499 616 4552 31.

348 4586 375 4654 2)
394 4585 496 4640 rorum
514 4585 557 4640 uu
575 4586 610 4642 co
629 4586 673 4655 (aa
692 4586 717 4640 a.
736 4586 762 4640 a.
780 4603 816 4640 m.
835 4587 898 4642 aaa.
917 4602 941 4641 a
962 4587 1051 4656 1624).
