3144 5092
674 325 762 379 Curur
780 325 813 376 V.
1322 323 1356 374 73

348 421 527 428 -.——----
753 420 949 426 ---—.---
968 419 1070 426 -——---
1090 419 1132 424 —-

116 535 262 590 censeret
285 534 362 590 stare
380 529 477 589 adhue
495 529 598 604 voluit,
620 528 793 606 praesertim
812 547 905 606 quum
923 545 974 586 eos
993 527 1057 587 sine
1075 526 1208 603 ipsonnn
1226 544 1356 604 quorun-

116 639 195 698 dam
218 638 448 698 Protestantium
471 637 583 696 auxillo
605 637 657 696 va
676 641 853 714 superasset.
894 635 942 694 Ex
964 635 1012 695 his
1031 635 1220 712 gratissimus
1239 633 1266 694 ei
1285 639 1354 709 erat,

118 746 177 824 qui
202 750 314 806 ceteros
337 750 367 805 et
394 744 512 821 ingenio
542 750 572 804 et
598 744 706 805 bellica
730 744 839 804 virtute
863 732 1065 820 exsuperavit,
1089 741 1245 802 Mauritius
1268 741 1354 818 Saxo,

119 872 216 932 quem
234 853 267 912 in
285 853 444 931 propiaqui
462 852 584 912 Joannis
602 851 742 912 Friderici
757 851 901 911 Flecteris
920 850 1018 910 locum
1038 851 1200 910 suffecerat.
1239 849 1355 928 Quippe

120 961 205 1020 inter
228 961 282 1020 hos
305 961 379 1020 duos
401 961 481 1019 viros
501 960 676 1036 jamdudum
699 959 764 1018 rixa
786 959 895 1033 fuerat,
920 977 936 1017 a
955 957 1085 1018 Luthero
1110 957 1257 1035 quondam
1276 977 1354 1018 oom-

120 1069 236 1145 posita,
264 1073 334 1145 post
361 1073 485 1128 mortem
508 1068 573 1145 ejus
596 1067 716 1144 gravius
739 1067 868 1126 incensa.
914 1065 980 1124 Jam
1002 1065 1095 1142 igitur
1118 1065 1255 1138 Carolus,
1283 1065 1355 1124 dum

121 1176 250 1236 Interim
273 1175 361 1250 illud,
386 1175 465 1252 quod
487 1175 655 1251 tetigimus,
678 1173 915 1234 Protestantibus
939 1173 1078 1234 strictis
1102 1179 1131 1232 et
1155 1173 1242 1233 sociis
1261 1173 1354 1250 impo-

122 1284 183 1358 nit,
208 1283 396 1357 necessariis,
421 1301 496 1360 quae
519 1282 706 1358 ridebantur,
731 1281 989 1341 reformationibus
1012 1281 1189 1360 quibusdam
1216 1280 1354 1341 admissis

122 1391 271 1451 unitatem
299 1391 440 1450 ecclesiae
468 1391 501 1448 in
525 1389 682 1451 Germania
709 1389 866 1450 restituere
889 1393 1012 1449 conatus
1036 1395 1088 1450 ost.
1135 1389 1354 1449 AProtestan-

123 1499 206 1558 tibus
229 1499 341 1575 legatos
365 1503 395 1558 et
417 1497 571 1574 theologos
594 1497 631 1556 ad
656 1497 821 1557 Concilium
845 1515 863 1555 a
885 1497 965 1556 Julio
987 1497 1069 1574 Papa
1091 1496 1223 1556 Tridenti
1247 1496 1354 1556 itemm

123 1611 317 1666 convocatum
341 1605 418 1664 mitti
439 1605 543 1681 jussit,
568 1605 658 1664 simul
681 1623 750 1664 vero
772 1605 907 1682 poposcit
930 1609 964 1664 ut
986 1605 1034 1664 his
1057 1605 1262 1681 praesentibus
1285 1623 1353 1664 eau-

125 1733 176 1773 sae
204 1719 408 1774 controversae
435 1719 504 1773 ante
530 1713 595 1772 illio
622 1716 705 1772 actae
732 1717 975 1788 retractarentur,
1003 1712 1035 1770 id
1057 1712 1135 1790 quod
1158 1711 1354 1789 reassumptio

124 1821 339 1881 nominabatur.
385 1821 470 1882 Unde
497 1825 619 1898 apparet
642 1839 731 1899 quam
754 1820 830 1880 serio
853 1805 951 1880 animo
974 1820 1077 1895 talem,
1105 1819 1222 1898 qualem
1242 1820 1355 1896 justam

126 1947 193 1989 esse
230 1929 382 2004 censebat,
419 1928 562 1988 ecelesiae
598 1929 834 1988 reformationem
867 1929 984 1987 efficere
1017 1927 1171 1988 studuerit.
1227 1927 1354 1987 Tantum

126 2037 207 2096 enim
230 2035 399 2110 haereticis,
423 2035 474 2113 qui
497 2036 682 2110 dicebantur,
705 2035 792 2094 toties
815 2035 942 2095 aCuria
964 2035 1167 2095 condemnatis
1186 2035 1353 2109 concedere,

125 2144 266 2204 horribile
288 2143 631 2204 Romanocathoiicorum
658 2142 796 2220 plurimis
824 2161 858 2202 eo
885 2147 1017 2220 tempore
1045 2142 1209 2218 videbatur,
1238 2162 1296 2221 quo
1323 2144 1354 2218 ii,

127 2251 178 2329 qui
206 2251 345 2311 similiter
372 2256 461 2329 atque
487 2251 630 2311 Erasmus
658 2257 824 2325 senserant,
854 2250 978 2326 jamjam
1005 2256 1038 2310 ut
1066 2250 1195 2310 ridImus
1222 2252 1272 2312 vel
1300 2269 1354 2312 sua

126 2363 219 2419 morte
241 2359 374 2418 defuncti
397 2363 493 2432 erant,
517 2357 566 2418 vel
588 2357 804 2436 Inquisitorum
826 2359 1005 2433 carceribus,
1029 2357 1157 2436 laqueis,
1181 2360 1261 2436 rogis
1284 2378 1353 2420 con-

128 2467 238 2545 sumpti
261 2467 417 2543 perierant.
463 2465 665 2525 Nihilominus
688 2483 748 2525 non
770 2465 891 2525 deerant
913 2465 946 2526 in
968 2466 1034 2544 ipso
1059 2465 1189 2527 Concilio
1213 2467 1353 2546 episcopi,

127 2593 199 2652 quos
226 2574 367 2633 irruentis
395 2573 548 2633 servitutis
576 2573 705 2650 pudebat
733 2573 845 2651 quique
868 2573 900 2631 in
922 2573 1173 2650 ProtostuntibuS,
1201 2575 1271 2636 lieet
1294 2595 1354 2636 non

127 2683 223 2741 omnia
250 2682 484 2758 comprobarent,
517 2685 615 2741 tamen
643 2681 809 2742 libertatem
836 2680 1027 2742 christianam
1054 2682 1217 2743 laetissime
1245 2685 1353 2744 saluta-

128 2791 202 2850 bant.
249 2789 354 2866 Itaque
377 2789 533 2848 secedente
554 2787 687 2849 Caesaris
710 2789 882 2848 auctoritate
906 2789 1017 2850 factum
1041 2796 1098 2865 est,
1123 2791 1206 2850 utin
1225 2791 1353 2868 publicis

129 2896 251 2957 Concilii
282 2897 468 2956 documentis
500 2896 664 2972 legatorum
693 2897 923 2956 Protestantium
955 2899 1066 2957 mentio
1094 2898 1166 2957 satis
1194 2898 1353 2958 honorilice

129 3005 203 3064 facta
228 3003 404 3064 inveniatur.
460 3005 619 3062 Affirmant
644 3003 760 3078 Patres,
790 3021 822 3063 se
851 3023 971 3080 ,magno
998 3003 1144 3064 desider-lo
1173 3023 1274 3064 eorum
1301 3005 1352 3063 ad-

129 3116 248 3171 ventum
270 3111 380 3170 multos
403 3117 488 3170 antea
510 3128 629 3170 menses
648 3109 873 3187 exspectasse.‘¹
914 3107 1031 3170 Vocant
1049 3129 1098 3170 eos
1117 3111 1165 3170 vel
1184 3111 1352 3171 Pmtestan·

128 3225 184 3294 tes,
212 3219 261 3278 rel
290 3219 518 3294 ,ecclesiastaes
542 3222 572 3278 et
599 3217 746 3278 seculares
769 3219 961 3293 Augustanos
989 3217 1202 3278 confessionis‘
1248 3219 1352 3278 Fidem

130 3327 164 3386 iis
191 3325 340 3404 publicam
369 3326 432 3386 sive
460 3325 590 3400 ,salvum
612 3325 803 3389 conductum‘
832 3325 985 3402 dederant;
1014 3343 1103 3403 quom
1126 3344 1218 3404 quum
1242 3326 1351 3386 hienri-

129 3433 185 3494 tias
222 3434 299 3509 drrx,
336 3451 437 3494 eorum
469 3433 549 3492 haud
580 3433 734 3492 Immemor
765 3450 841 3510 quae
874 3432 1063 3492 Constantiae
1096 3434 1243 3511 quondam
1275 3435 1352 3496 facta

129 3546 220 3616 amnt,
244 3541 399 3600 clariorem
422 3546 452 3600 et
473 3540 647 3618 ampliorem
669 3540 862 3618 postulasset,
890 3559 1001 3601 morem
1025 3541 1051 3601 ei
1075 3547 1235 3618 gesserant.
1281 3543 1351 3604 Pro

130 3649 270 3708 miserunt
288 3648 408 3708 illorum
426 3648 571 3725 theologis
589 3648 708 3725 plenam
727 3653 902 3725 potestatem
920 3647 1022 3708 datum
1040 3648 1090 3724 iri,
1114 3668 1182 3724 ,unu
1200 3669 1268 3710 curn
1286 3652 1352 3728 ipsa

130 3756 238 3831 synodo
266 3756 303 3815 de
331 3757 558 3834 quibuscunque
584 3757 711 3832 negotiis
739 3755 896 3832 tractandi,
929 3756 1129 3830 examinandi,
1162 3758 1350 3832 discutIendi,

130 3863 222 3922 omnia
240 3881 433 3941 quaecuuque
451 3863 526 3940 ipsis
546 3863 666 3923 libuerit
685 3869 745 3922 tam
764 3863 875 3940 scripto
895 3883 984 3940 quam
1003 3865 1089 3923 verbo
1104 3864 1195 3924 libere
1210 3866 1350 3924 odorandi

131 3970 338 4050 scripturisque
362 3971 453 4031 sacris
476 3976 505 4031 et
524 3972 674 4031 beatorum
692 3971 815 4030 Patrum
834 3971 943 4044 vorbis,
967 3971 1122 4030 sententiis
1141 3977 1171 4030 et
1189 3971 1350 4032 rationibus

129 4077 304 4153 declarandi,
328 4079 365 4138 ad
384 4079 496 4154 objecta
515 4077 653 4153 Concilii,
678 4078 703 4137 si
722 4095 797 4155 opus
816 4078 919 4152 luerit,
943 4078 1140 4163 respondendi
1164 4083 1193 4138 et
1216 4097 1285 4138 cum
1304 4080 1350 4154 iia,

130 4185 177 4262 qui
199 4204 217 4244 a
237 4185 368 4245 Concilio
392 4185 499 4246 delecti
518 4186 642 4261 fuerint,
666 4185 826 4246 eluistiane
845 4185 1059 4263 deputandi.‘²
1099 4185 1156 4246 His
1174 4186 1266 4263 igitur
1283 4205 1350 4264 pro

130 4292 224 4352 missis
253 4293 330 4352 nihil
358 4293 440 4352 aliud
469 4311 643 4353 eoncessum
671 4297 716 4352 est
744 4311 833 4371 qnam
856 4293 886 4352 id
910 4293 988 4370 quod
1009 4293 1186 4370 jampridem
1211 4293 1350 4354 Germani

231 4540 257 4608 1)
277 4537 388 4594 Conoilii
406 4538 551 4593 Iridentini
570 4555 684 4594 canones
703 4541 730 4594 et
748 4539 855 4594 decreta
873 4538 961 4595 Sessio
976 4539 1045 4594 XIII
1064 4540 1090 4592 in
1109 4539 1170 4594 fine.

230 4627 257 4699 2)
276 4627 379 4684 ibidem
397 4626 486 4684 Sessio
504 4627 565 4684 XV.
599 4627 695 4685 Saluta
714 4629 868 4684 conductus.
