3202 5058
224 299 259 356 26
706 299 808 350 Panrrs
826 299 939 350 Parcars

223 509 370 588 bucusque
392 513 581 572 insanabilem
605 513 708 572 eadem
731 517 816 586 atque
833 509 1097 572 Erasmoremedia
1110 525 1142 568 se
1155 509 1321 569 obtulerint
1353 508 1434 581 Quae

221 618 335 693 studia,
353 617 522 693 jamdudum
549 619 580 676 iu
608 617 803 676 eonscientiae
830 615 1028 690 penetralibus
1058 619 1173 690 exorta,
1199 613 1341 674 Vaticano
1362 613 1436 674 Ocu·

223 724 290 783 cilio
313 727 344 784 ot
365 721 605 796 subsequentibus
624 723 717 782 turbis
738 722 821 795 quasi
843 721 875 780 iu
896 721 991 780 lucem
1010 725 1159 795 protracta
1179 724 1209 778 et
1228 719 1349 778 fortiora
1369 719 1436 778 red·

223 829 285 887 dita
315 844 378 887 esse
408 827 539 887 vidimus.
592 827 687 897 Quare
723 825 791 886 iude
821 823 1006 900 proficiscens
1034 825 1165 900 proxima
1194 824 1435 883 commentatione

222 933 321 993 turbes
356 933 439 1008 illas,
469 933 572 1007 quibus
599 929 755 990 Germania
788 931 966 1004 potissimum
992 945 1064 1004 pras
1095 930 1201 990 esteris
1224 929 1310 988 terris
1332 945 1436 988 recens

225 1037 351 1097 excitata
380 1041 443 1112 est,
473 1055 527 1110 pro
546 1052 617 1096 vera
639 1034 736 1095 indole
758 1050 811 1094 sua
831 1051 891 1094 non
913 1040 1026 1093 tantum
1049 1036 1157 1093 exteris
1179 1033 1231 1094 sed
1253 1033 1343 1093 etiam
1364 1034 1435 1092 mul·

224 1143 262 1200 tis
283 1141 478 1202 nostratibus¹
499 1157 601 1214 perum
624 1145 723 1215 notas,
746 1140 828 1199 brevi
850 1139 1013 1215 depingam.
1042 1139 1158 1198 Deinde
1182 1155 1200 1197 a
1222 1155 1329 1212 pugna,
1352 1152 1436 1212 quam

224 1247 306 1306 curia
332 1263 409 1304 nunc
436 1247 574 1305 adversus
602 1245 797 1304 recentiorum
825 1249 985 1317 temporum
1015 1250 1076 1302 tum
1099 1245 1207 1302 cultum
1228 1243 1354 1318 ingenii,
1375 1248 1436 1300 turn

226 1350 323 1410 civilia
350 1351 483 1410 instituta
510 1349 645 1425 lacessit,
673 1349 712 1408 ad
740 1349 891 1424 pristinam
913 1349 1040 1422 Papatus
1062 1348 1211 1408 historiam
1240 1347 1437 1421 respiciemus,

224 1455 293 1528 quid
326 1471 461 1528 magnum
496 1453 639 1528 quondam
672 1455 703 1512 in
737 1471 773 1514 eo
803 1452 892 1513 inerit
919 1459 950 1513 et
978 1454 1016 1512 ad
1043 1452 1132 1512 finem
1158 1468 1228 1512 vere
1251 1452 1437 1512 christianum

226 1564 374 1633 spectans,
397 1560 466 1632 quid
486 1559 590 1618 falsum
613 1566 644 1618 et
666 1575 850 1633 perversum,
881 1559 1003 1616 strictim
1025 1557 1265 1632 memorabimus,
1289 1562 1319 1616 et
1341 1573 1436 1630 quem·

228 1663 381 1723 admodum
403 1669 468 1737 post
489 1664 561 1723 alies
582 1663 748 1737 respublica
769 1663 927 1736 litteraria,
954 1663 1090 1721 nimirum
1113 1663 1238 1721 virerum
1262 1661 1438 1720 eruditorum

225 1784 279 1842 per
307 1767 454 1841 Europam
487 1772 587 1828 erema
620 1762 827 1842 consociatio,⁹
859 1768 958 1826 curiae
992 1771 1023 1824 et
1053 1766 1196 1826 eeclesiae
1224 1767 1438 1839 corruptionem

227 1873 416 1947 castigaverit
448 1877 478 1931 et
515 1872 738 1946 oppugnaverit,
774 1876 871 1930 mente
910 1871 1156 1945 perlustrabimus.
1208 1870 1290 1929 Tunc
1323 1865 1438 1928 demum

227 1975 358 2051 Erasmi,
387 1977 419 2036 in
447 1977 599 2052 republica
620 1977 672 2036 illa
692 1977 818 2035 omnium
839 1976 994 2051 principis,
1024 1976 1150 2051 imagine
1172 1976 1204 2033 in
1224 1975 1351 2034 medium
1372 1991 1439 2048 pro-

227 2079 332 2152 ducta,
362 2097 448 2156 quarn
481 2098 634 2156 personam
667 2083 718 2140 ille
748 2083 827 2140 inter
858 2081 988 2140 divsmas
1018 2097 1135 2140 suorum
1163 2085 1321 2152 temporum
1342 2083 1441 2152 partes

225 2187 335 2260 egerit,
366 2187 529 2246 accuratius
551 2193 639 2260 atque
661 2187 795 2260 uberius,
817 2186 861 2245 uti
882 2201 936 2259 par
959 2189 1019 2259 est,
1041 2200 1225 2258 exponemus.
1269 2184 1324 2242 His
1347 2184 1437 2242 omni-

226 2290 280 2350 bus
300 2291 397 2365 priore
420 2293 517 2366 operis
539 2297 622 2365 parte
645 2291 805 2365 explicatis,
823 2292 918 2350 altera
938 2291 1062 2364 primum
1086 2288 1355 2362 demonstrabimus,
1378 2289 1439 2361 qui·

224 2395 278 2454 bus
307 2396 460 2468 praesidiis
488 2397 589 2454 innixa
616 2395 745 2454 Romana
775 2396 856 2453 curia
885 2394 1032 2468 effecerit,
1065 2401 1098 2453 ut
1118 2395 1148 2452 iu
1170 2409 1276 2467 magua
1295 2393 1438 2452 ecclesiae

224 2504 309 2572 parte
331 2497 501 2558 reformatio
523 2516 582 2559 non
604 2499 688 2558 ruodo
709 2493 756 2580 (ut
777 2499 859 2558 brevi
880 2491 1045 2578 loquamur)
1065 2499 1249 2572 Lutberana‚
1275 2498 1328 2558 sed
1350 2498 1438 2557 etiam

225 2601 411 2677 Erasmiana,
434 2605 563 2678 quamvis
585 2603 692 2677 ubique
713 2601 776 2662 iere
799 2619 817 2661 a
837 2604 935 2662 multis
954 2603 1213 2678 praestantissimis
1236 2603 1305 2662 viris
1324 2601 1438 2661 deside·

224 2712 290 2766 rata
312 2723 347 2766 ac
368 2707 505 2783 defensa,
532 2725 649 2782 prorsus
672 2709 866 2782 repelleretur
888 2715 919 2768 et
940 2709 1160 2782 opprimeretur.
1204 2707 1318 2766 Deinde
1341 2707 1437 2766 auimo

226 2812 448 2886 contemplanda
479 2813 562 2873 nobis
604 2815 661 2873 erit
693 2811 797 2888 ingens
838 2813 980 2872 ecelesiae
1013 2813 1161 2872 Romarm
1198 2812 1339 2871 dissensio
1374 2828 1438 2870 curn

225 2917 389 2977 recentiore
412 2919 562 2991 republica
584 2918 744 2992 litteraria,
774 2890 854 2992 cujus
877 2917 992 2976 auxiliis
1014 2915 1134 2975 mirifice
1156 2917 1274 2976 iuterim
1294 2917 1387 2975 auctis
1408 2920 1439 2974 et

225 3020 336 3080 diffusis
363 3023 484 3082 finuuc
511 3027 644 3097 utuntur,
673 3023 723 3096 qui
751 3022 829 3097 apud
861 3022 990 3081 diversas
1012 3027 1130 3097 gentes,
1163 3039 1201 3080 ne
1224 3021 1364 3080 dissensio
1386 3021 1439 3078 illa

224 3126 408 3188 adversarios
445 3128 594 3203 religionis
628 3127 762 3202 scbuvet,
804 3126 1042 3187 reformationem
1079 3127 1270 3186 Erasmianae
1300 3125 1437 3200 quodam·

225 3232 308 3292 mode
331 3233 455 3294 similem
475 3234 581 3294 iterum
601 3233 756 3306 postulant.

313 3337 394 3398 Haec
417 3338 507 3411 igitur
528 3339 573 3397 bis
594 3337 883 3398 commentationibus
905 3337 1057 3411 complecti
1079 3337 1191 3396 institui
1214 3335 1337 3396 candide
1358 3335 1440 3408 pacis

225 3441 320 3500 studio
349 3441 467 3515 duetus,
497 3443 603 3515 quippe
632 3459 707 3516 quae
738 3458 775 3500 ne
803 3443 834 3498 in
863 3441 994 3500 civilibus
1018 3441 1133 3514 quidem
1162 3441 1286 3514 negotiis
1308 3440 1440 3513 componi

227 3549 257 3603 et
279 3545 389 3632 servari
411 3545 474 3604 sine
497 3546 623 3605 veriats
643 3547 747 3619 possit,
770 3545 877 3604 nedum
897 3545 929 3603 in
948 3545 1036 3604 rebus
1058 3546 1245 3604 sancdssimis
1266 3543 1303 3604 ad
1322 3543 1440 3616 religio·

227 3665 295 3707 nem
321 3648 543 3721 pertinentibus.
593 3650 625 3709 Si
654 3651 685 3708 in
715 3649 835 3722 singulis
858 3647 1015 3708 erraverim
1038 3643 1083 3730 (id
1104 3650 1181 3723 qood
1203 3650 1282 3708 inter
1303 3647 1441 3709 mortales

224 3753 256 3812 in
279 3759 361 3813 muta
382 3771 480 3812 rerum
503 3756 579 3813 mole
602 3754 706 3814 evitari
729 3750 848 3812 difficile
871 3747 930 3834 est)
959 3754 1079 3813 indubia
1100 3755 1208 3814 erroris
1228 3755 1337 3812 indicia
1357 3757 1441 3827 grato

226 3859 322 3918 animo
344 3859 493 3933 accipiam.
528 3858 562 3916 In
586 3875 695 3918 summa
716 3875 813 3917 rerum
836 3874 921 3932 spero
943 3857 1023 3933 iore,
1046 3864 1077 3916 ut
1097 3859 1233 3932 religioso
1251 3858 1350 3917 labore
1366 3856 1441 3916 veri·

225 3965 280 4023 tati
301 3964 466 4024 inserviam.
513 3965 594 4036 Quae
617 3965 641 4022 si
664 3963 739 4036 apud
762 3963 900 4037 plurimos
921 3962 1101 4038 praejudicia
1123 3964 1238 4036 penitus
1254 3964 1342 4022 insita
1357 3977 1441 4036 supe·

224 4083 291 4127 rare
315 4070 410 4128 subito
431 4087 490 4129 uon
510 4073 619 4143 potest,
643 4074 740 4127 mures
761 4067 898 4142 quidquid
913 4085 1012 4128 verum
1035 4075 1094 4141 est,
1116 4067 1329 4140 inexspectatus
1352 4083 1440 4139 saepe

317 4325 343 4393 l)
363 4325 440 4392 Cujus
458 4327 497 4375 rei
512 4325 603 4376 mirum
622 4327 764 4392 exemplum
782 4325 858 4376 stiam
876 4325 951 4378 Fsrd.
964 4323 1110 4375 Schraderi
1127 4324 1230 4376 libellus
1245 4324 1361 4390 praebet:
1380 4321 1443 4374 Vicr

226 4412 306 4464 Jabre
322 4411 521 4476 Kulturlrampl,
540 4411 684 4464 Heilbroun
703 4416 779 4464 1876.

316 4515 343 4583 t)
369 4516 406 4568 ci.
436 4516 612 4568 commentatio
639 4531 706 4567 mea:
733 4515 772 4566 Do
799 4513 956 4579 reipublicae
982 4514 1122 4566 litterariae
1146 4514 1304 4582 originibus,
1338 4513 1445 4566 Beuuas

228 4607 303 4654 leel.
