3194 5042
668 272 756 330 Oneon
774 271 808 328 V.
1300 271 1350 327 141

120 479 334 558 poenitentias,
358 496 433 557 quae
456 477 530 538 mihi
552 477 709 554 impositae
732 481 802 538 sunt
824 482 875 536 aut
897 477 1087 554 imponentur
1108 477 1145 536 ab
1167 475 1223 536 hoc
1246 475 1353 536 800010

123 587 238 648 Officio.
277 585 362 660 Quod
386 586 412 646 si
431 586 582 662 contingat
600 603 648 645 me
665 584 819 644 nonnullis
842 603 880 644 ex
898 583 987 644 dictis
1005 583 1080 644 meis
1099 583 1353 661 promissionibus

121 694 385 772 protestationibus
408 697 438 753 et
462 693 638 769 jruamentis
667 691 759 771 (quod
782 692 864 752 Deus
890 691 1017 770 avertat)
1046 691 1202 766 contraire,
1231 691 1355 768 subjicio

123 822 173 863 me
200 802 337 861 omnibus
365 801 469 879 poenis
496 819 531 860 ac
559 799 728 877 suppliciis,
761 817 837 878 quae
863 817 881 858 a
908 798 1006 860 Sacris
1034 799 1203 860 Oanonibus
1230 804 1261 858 et
1287 798 1355 860 aliis

122 909 386 970 constitutionibus
414 907 601 984 generalibus
628 912 658 968 ct
684 907 911 985 particularibus
938 911 1039 967 contra
1066 906 1237 983 hujusmodi
1260 906 1355 966 delin-

123 1022 251 1096 quentes
279 1022 389 1076 statuta
411 1019 441 1076 et
463 1015 648 1094 promulgata
671 1015 799 1075 fuerunt.
846 1014 896 1076 Sic
918 1033 967 1074 me
989 1014 1071 1073 Deus
1093 1014 1213 1091 adjuvet
1236 1019 1266 1074 et
1289 1031 1356 1074 san-

123 1131 174 1185 cta
196 1125 292 1202 ipsius
315 1123 481 1199 evangelia,
505 1141 578 1200 quae
601 1127 689 1199 tango
712 1121 840 1200 propriis
863 1121 1021 1182 manibus‘

235 1230 316 1306 Quae
343 1231 442 1290 omnia
468 1231 557 1290 verba
588 1248 676 1308 quam
707 1229 855 1307 exquisita
887 1229 1071 1290 crudelitatis
1102 1233 1164 1290 arte
1195 1229 1357 1307 composita

125 1349 240 1416 essent,
265 1338 417 1400 60110000
439 1337 534 1397 multo
556 1343 624 1416 post
646 1337 764 1397 demum
789 1337 974 1397 considerare
995 1337 1104 1414 potuit,
1132 1355 1225 1414 quum
1247 1355 1282 1397 ea
1304 1355 1357 1415 per

125 1449 254 1507 amicum
287 1447 344 1506 sibi
375 1445 570 1523 eompamnda
601 1443 762 1505 curasset.¹
816 1444 947 1504 Dimisso
979 1444 1038 1521 ipsi
1067 1444 1184 1521 judices
1217 1445 1357 1522 scriptam

125 1573 225 1633 neque
253 1553 431 1614 sententiam
457 1571 555 1630 neque
581 1551 773 1628 abjurationis
800 1551 959 1611 formulam
985 1551 1173 1612 tradiderant
1224 1551 1356 1613 Stantem

127 1669 158 1723 et
180 1681 260 1740 genu
282 1661 388 1720 nixum
410 1661 448 1720 ad
470 1660 600 1720 tribunal
622 1660 773 1720 infelicem
800 1677 903 1720 senem
925 1660 1101 1737 imparatum
1125 1659 1224 1720 omnia
1245 1659 1357 1738 impru-

127 1771 307 1847 dentemque
329 1773 439 1828 terrore
461 1767 699 1846 perstrinxerunt
721 1772 751 1828 et
773 1767 1023 1828 exanimaverunt
1064 1767 1212 1827 Mendacii
1235 1768 1358 1845 spiritus

124 1878 188 1954 jam
220 1877 272 1936 diu
303 1877 336 1936 in
367 1875 493 1936 ecclesia
518 1875 650 1936 Romana
677 1875 795 1952 vigens,
825 1874 879 1952 qui
910 1874 942 1934 in
971 1875 1072 1952 ipsum
1103 1875 1231 1934 invitum
1262 1875 1358 1952 magis

128 1985 283 2063 magisque
306 1983 390 2062 quasi
413 1983 586 2059 contagione
608 1982 779 2055 transierat,
806 2001 888 2042 nunc
913 1981 952 2041 ad
974 1981 1071 2041 dirum
1093 2001 1129 2042 ac
1150 1983 1270 2042 foedum
1292 2001 1358 2060 per·

126 2093 240 2170 jurium
263 2110 333 2152 eum
355 2091 505 2170 protrusit.
551 2090 675 2150 Tortura
697 2090 861 2167 spiritrmlis
884 2095 958 2165 erat,
981 2089 1125 2167 corporali
1148 2089 1278 2150 atrocior.
1320 2091 1359 2150 Et

130 2201 162 2259 in
185 2205 334 2260 aeternam
361 2199 532 2258 memoriam
559 2198 679 2258 sceleris
706 2216 775 2258 cum
802 2216 820 2256 a
847 2197 993 2258 declarato
1019 2215 1069 2258 reo
1096 2203 1161 2258 tum
1186 2217 1204 2257 a
1226 2198 1307 2276 Papa
1329 2203 1360 2258 et

127 2307 279 2384 judicibus
301 2306 452 2368 commissi
476 2305 642 2368 Galilaeum
669 2323 778 2365 nomen
804 2305 935 2366 recitatis
963 2305 1086 2383 perjurii
1109 2306 1207 2366 verbis
1231 2306 1359 2366 subscri·

131 2417 199 2475 bere
221 2415 357 2492 oportuit.
404 2413 488 2488 Quod
516 2431 605 2491 quam
632 2413 692 2472 alte
714 2430 854 2491 percusso
881 2407 979 2472 animo
1002 2417 1161 2473 exsecutus
1184 2419 1275 2488 esset,
1303 2413 1359 2472 viri

131 2523 252 2598 cruditi,
281 2523 389 2600 quibus
417 2522 507 2598 hujus
534 2538 640 2582 causae
666 2526 731 2580 acta
758 2519 790 2579 in
812 2519 955 2580 Vaticano
983 2520 1129 2598 inspicere
1157 2521 1293 2598 contigit,
1321 2539 1359 2580 ex

16 2661 19 2668 ,
131 2630 304 2705 litterarum,
327 2648 401 2708 quas
419 2629 471 2688 ille
488 2629 680 2689 tremebunda
697 2647 788 2687 manu
806 2628 884 2704 fecit,
908 2628 1000 2688 ductu
1018 2629 1150 2689 abnormi
1168 2628 1359 2706 collegerunt.

131 2737 236 2816 Neque
253 2756 322 2798 vero
344 2737 436 2797 mnus
454 2736 681 2814 praeclarissimi
705 2736 761 2794 viri
780 2735 938 2814 suppliciis
960 2741 1117 2797 contentus
1135 2742 1197 2797 erat
1214 2736 1360 2812 Urbanus,

133 2845 186 2905 sed
208 2845 298 2905 etiam
320 2844 380 2919 illi,
403 2844 502 2922 ,cujus
520 2845 628 2904 famam
651 2844 683 2902 in
700 2843 782 2904 coelo
800 2844 899 2904 lucere
922 2849 952 2904 et
969 2849 1062 2904 terras
1080 2847 1245 2922 peragrare‘
1268 2863 1361 2922 quon-

132 2953 201 3012 dam
224 2953 394 3030 scripserat,
422 2957 566 3030 quantum
592 2951 690 3029 potuit
716 2951 868 3010 infamiam
894 2970 1012 3012 movero
1040 2952 1161 3012 studuit
1208 2950 1304 3025 Quare
1331 2957 1362 3010 et

131 3061 266 3137 judicum
289 3060 478 3134 sententiam,
507 3065 537 3120 et
565 3057 761 3135 abrogationis
787 3058 946 3118 formulam
972 3077 1032 3118 non
1059 3063 1174 3118 tantum
1200 3057 1233 3116 in
1255 3058 1360 3117 floren-

133 3168 259 3228 tissimis
286 3167 390 3228 Italiae
416 3167 552 3246 urbibus,
583 3184 687 3226 rerum
714 3165 804 3226 etiam
830 3165 910 3243 apud
941 3169 1058 3226 exteros
1090 3164 1234 3242 publicari
1261 3164 1360 3242 jussit

133 3275 255 3336 Domini
277 3279 407 3336 mentem
430 3275 508 3335 servi
531 3273 625 3334 secuti
649 3277 732 3334 sunt:
761 3271 805 3333 sic
827 3289 931 3333 censor
953 3273 1072 3351 quidem
1095 3273 1237 3333 librorum
1260 3271 1361 3333 claris·

134 3383 244 3443 simum
271 3383 369 3442 virum
395 3381 494 3442 vocari
522 3381 687 3443 Galilaeum
715 3380 815 3440 vocnt
867 3379 925 3441 Sed
952 3380 1041 3440 ctiam
1069 3379 1194 3441 inactum
1221 3384 1252 3441 et
1278 3380 1361 3439 diffa-

134 3495 247 3550 matum
265 3491 465 3551 adversarium
482 3489 619 3550 Urbanus
641 3489 746 3549 timere
764 3488 847 3548 risus
865 3492 895 3548 et
912 3487 1085 3548 inexorabili
1103 3487 1170 3549 odio
1188 3493 1362 3566 persecutus

134 3603 188 3659 est.
221 3597 286 3672 Qua
302 3598 334 3658 in
352 3617 384 3658 re
397 3597 571 3658 Pontificem
589 3616 649 3658 non
666 3596 766 3656 minus
785 3595 942 3674 indignum
960 3596 1120 3656 christiano
1136 3597 1255 3657 nomine
1273 3615 1363 3675 quam

136 3705 301 3766 Galilaeum
328 3705 452 3783 dignum
481 3723 513 3766 se
535 3705 717 3783 praebuisse,
746 3704 882 3781 egregius
910 3703 1031 3782 quidam
1057 3704 1194 3782 scriptor,
1222 3703 1362 3764 ecclesiae

134 3813 428 3874 Romanocatholicae
451 3813 585 3874 sincerus
608 3817 637 3872 et
655 3811 827 3888 ingeniosus
845 3811 994 3887 defensor,
1017 3812 1091 3872 bene
1111 3811 1274 3889 ostendit32
1296 3811 1362 3870 uni-

135 3921 280 3981 versalem
299 3921 405 3982 Curiae
428 3925 458 3981 et
479 3921 621 3981 ecclesiae
639 3919 787 3980 Romanae
809 3919 921 3995 morbo,
945 3937 1003 3997 quo
1025 3919 1077 3978 ille
1100 3936 1217 3997 quoque
1239 3919 1362 3978 affectus

135 4035 213 4105 erat,
233 4047 293 4090 non
315 4029 476 4108 perspexit

242 4137 437 4198 Extrinsecus
464 4136 584 4215 quidem
611 4140 762 4213 spectatus
785 4133 910 4196 Galilaei
935 4151 1034 4195 carcer
1055 4133 1245 4209 mitissimus,
1272 4133 1363 4194 immo

135 4244 239 4304 nullus
262 4245 324 4306 iere
345 4251 415 4306 erat.
452 4244 640 4305 Habitatione
659 4245 732 4304 satis
747 4242 878 4321 jucundo
897 4260 1013 4320 semper
1030 4259 1104 4302 usus
1122 4246 1181 4321 est;
1204 4240 1363 4320 plurimam

245 4493 272 4562 1)
291 4489 377 4562 Opere
395 4491 421 4546 di
440 4491 540 4546 Gaiilei.

245 4581 272 4652 2)
291 4581 384 4636 Allred
398 4597 450 4636 von
464 4581 610 4650 Reumont,
632 4579 754 4649 Beitriigc
773 4594 822 4632 zur
838 4577 1021 4634 italienischen
1040 4577 1199 4633 (ieschichte
1222 4578 1282 4633 415.
1301 4577 1362 4632 421.
