3200 5032
687 233 779 288 Gerus
800 234 845 290 VI.

150 468 269 525 quoque
286 453 361 511 mira
382 452 507 526 quadam
530 452 633 512 ardere
659 452 818 526 cupiditate
834 451 1007 512 revisendae
1022 453 1124 528 Urbis,
1147 455 1260 527 quoties
1275 455 1371 514 animo

150 562 301 631 recurret,
327 573 413 630 quam
441 556 623 631 libertatem,
656 557 731 630 quod
760 557 923 632 theatrum,
950 573 1022 630 quas
1047 556 1253 633 bibliothecas,
1284 575 1370 632 quam

151 661 279 720 mellitas
316 661 575 722 eruditissimorum
614 662 879 738 confabulationes,
920 669 990 736 quot
1032 662 1174 722 studiosos
1214 663 1259 722 sni
1293 665 1370 724 orbis

150 780 292 840 proceres
313 767 418 825 relicta
439 765 531 824 Rom
552 766 712 839 reliquerit.
757 766 855 824 Etiam
878 766 1018 842 Galliam,
1041 783 1126 840 quam
1148 768 1371 841 pulcherrimam

152 869 313 930 Christiani
329 871 406 930 orbis
420 876 534 944 purtem
549 875 647 945 vocat,
669 871 753 929 valde
769 869 922 930 adamavit.
968 871 1146 945 Quamquam
1160 887 1179 930 a
1193 873 1371 931 nobilissima

151 975 232 1034 illius
260 975 355 1051 gentis
382 977 493 1052 lingua,
518 976 580 1048 jam
609 981 677 1034 tunc
704 975 802 1034 multis
825 975 972 1034 extraneis
995 981 1129 1050 accepta,
1156 977 1259 1035 mirum
1280 993 1371 1050 quan·

151 1085 215 1138 turn
234 1079 393 1139 abhorruit.
437 1081 472 1139 ln
496 1081 736 1140 commentatione
760 1079 796 1138 de
819 1080 919 1153 pneris
942 1079 1128 1139 instituendis
1150 1080 1317 1154 ,barbaram
1341 1087 1371 1140 et

153 1185 316 1243 enormem‘
344 1200 408 1243 eam
431 1189 532 1258 vocat,
560 1199 649 1258 ,quae
678 1184 765 1242 aliter
792 1183 902 1242 scribat
930 1199 1016 1256 qnam
1045 1188 1128 1242 sonet
1150 1199 1282 1258 quaeque
1306 1201 1371 1244 suos

153 1287 265 1346 habeat
291 1287 431 1346 stridores
460 1293 491 1345 et
513 1304 599 1348 voees
628 1289 675 1346 vix
697 1285 856 1346 humanas‘
901 1287 997 1358 Quare
1018 1304 1076 1346 non
1097 1289 1160 1347 uult
1182 1288 1371 1349 Germanicos

154 1407 262 1464 pueros
296 1407 360 1450 eam
395 1391 528 1466 discere,
563 1393 669 1466 qnippe
702 1393 751 1465 qui
784 1392 876 1450 multo
902 1390 1015 1450 facilius
1046 1392 1158 1451 Latinis
1185 1397 1216 1452 et
1249 1392 1370 1453 Graecis

153 1495 262 1554 litteris
301 1496 499 1555 instituantur.
560 1495 751 1578 Nihilominus
783 1495 895 1570 Gallia,
932 1498 1013 1570 cnjus
1044 1497 1172 1568 lingnam
1206 1499 1371 1572 spernebat,

157 1599 313 1659 admodum
336 1600 365 1658 ei
389 1601 507 1675 placuit.
550 1600 725 1674 Aliquando,
748 1601 786 1658 ad
807 1601 958 1659 Budaeum
979 1599 1122 1674 scribens,
1146 1607 1286 1675 ,nostram
1302 1602 1371 1662 Gal-

155 1703 241 1762 liam‘
285 1703 365 1762 illam
402 1703 501 1764 dicere
542 1720 600 1762 non
641 1703 762 1764 dubitat.
823 1705 887 1763 Etsi
930 1705 989 1763 illic
1023 1704 1060 1763 ad
1094 1711 1212 1765 veteres
1253 1707 1370 1780 quidem

156 1807 380 1882 cosmographus
401 1813 549 1882 provocat,
571 1809 643 1882 ipse,
666 1809 708 1866 uti
731 1813 810 1882 puto,
834 1824 891 1866 non
914 1809 1064 1868 immemor
1079 1815 1153 1883 erat,
1175 1826 1240 1868 esse
1260 1809 1370 1883 aliquid

155 1913 188 1970 in
205 1929 256 1971 suo
275 1894 407 1987 iugenio,
436 1929 499 1971 cum
523 1911 601 1970 illius
623 1913 718 1984 gentis
740 1913 858 1984 iugenio
881 1913 1060 1985 cognationis
1085 1913 1232 1986 enjusdam
1255 1913 1370 1972 vinculo

156 2019 350 2091 conjunctum.
406 2017 463 2075 Pro
496 2017 611 2090 captivo
642 2032 713 2089 rege
743 2015 917 2089 Francisco,
950 2032 1035 2089 quem
1063 2017 1141 2088 iusto
1174 2017 1266 2090 pluris
1301 2021 1370 2076 tunc

155 2119 295 2194 faciebat,
326 2121 527 2180 vehementius
549 2119 672 2179 fortasse
703 2135 788 2192 quam
811 2119 960 2179 Gallorum
978 2119 1052 2178 nllus
1077 2117 1233 2180 Gaesarem
1253 2121 1369 2194 publice

154 2225 351 2298 compellauit,
373 2229 405 2282 nt
426 2223 554 2283 liberans
579 2241 645 2284 eum
667 2224 865 2298 generositate
889 2223 943 2280 sibi
966 2222 1170 2297 obstringeret.
1213 2226 1248 2283 ln
1272 2223 1370 2284 Gallo-

154 2343 218 2386 rum
241 2327 340 2402 fugam
361 2343 394 2387 se
416 2329 518 2387 lusisse
541 2328 683 2400 quondam
708 2329 766 2402 ait,
789 2327 841 2386 sed
863 2327 954 2386 Musis
978 2333 1008 2385 et
1031 2327 1165 2400 Apolline
1187 2329 1275 2388 nullo.

242 2433 345 2506 Neque
380 2437 478 2492 tanmn
508 2432 545 2490 ab
576 2433 710 2506 Erasmo,
746 2449 833 2504 quum
869 2433 947 2490 inter
977 2437 1092 2490 exteros
1125 2435 1370 2510 peregrinaretur,

154 2537 242 2609 patrii
274 2537 329 2596 soli
361 2537 536 2596 desiderium
567 2537 694 2595 alienum
735 2541 815 2610 erat;
848 2537 927 2611 cupit
966 2535 1136 2610 aliquando,
1172 2538 1260 2596 etiam
1294 2539 1371 2612 apud

155 2640 265 2714 Anglos
294 2657 360 2700 suos
383 2656 518 2716 versans,
548 2656 611 2698 cum
643 2641 728 2698 Ulixe
756 2641 868 2714 patriae
892 2639 998 2699 fumum
1030 2641 1229 2700 subsilientem
1258 2644 1369 2716 conspi-

156 2761 232 2804 cere.
279 2743 439 2804 Germsuns
468 2760 588 2802 manere
616 2759 732 2817 semper
760 2746 864 2818 veluit,
894 2745 999 2818 quippo
1022 2744 1178 2804 Hellaudia
1205 2751 1274 2804 tnnc
1297 2751 1370 2804 tem·

155 2849 233 2921 poris
258 2847 402 2907 inferioris
424 2846 600 2908 Germaniae
622 2865 702 2922 pars,
734 2855 766 2906 ut
788 2849 925 2922 abipso,
948 2850 991 2907 ita
1013 2847 1050 2906 ab
1074 2850 1182 2907 exteris
1206 2849 1372 2908 habebatur

156 2958 186 3010 et
207 2953 424 3026 nominabatnr;
453 2953 523 3012 licet
544 2953 698 3026 populares
720 2954 826 3026 passim
855 2953 1046 3027 perstringat,
1075 2957 1174 3012 umen
1196 2957 1227 3011 et
1247 2953 1370 3010 vimutes

156 3073 255 3116 eorum
287 3058 445 3130 praedicat.
494 3057 705 3117 Germanorum
737 3058 859 3117 maxime
894 3062 1010 3130 gentem
1042 3057 1156 3115 facilius
1185 3055 1251 3114 duci
1284 3073 1369 3129 quam

155 3163 218 3235 cogi
248 3163 305 3236 ait,
332 3161 432 3222 laudat
460 3164 522 3236 ejus
555 3167 586 3221 et
611 3163 746 3221 uirtutem
777 3163 929 3220 militarem
957 3167 987 3220 et
1014 3163 1176 3220 litterarum
1207 3161 1368 3234 artiumque

155 3265 295 3340 studium,
316 3284 373 3339 quo
395 3264 445 3326 flat
466 3273 498 3326 ut
516 3271 585 3339 quot
605 3265 705 3342 urbes,
726 3272 771 3325 tot
790 3264 852 3324 iere
875 3265 1042 3326 academiae
1066 3267 1137 3341 sint,
1161 3271 1192 3326 et
1212 3266 1369 3341 pietatem3

153 3386 238 3444 quam
268 3377 369 3430 contra
393 3372 478 3430 amici
507 3371 574 3430 Itali
603 3371 751 3444 cniusdam
779 3372 908 3429 convicia
937 3370 1112 3446 ostendens,
1147 3371 1222 3430 haue
1249 3379 1368 3445 gentem

154 3475 208 3548 ait,
232 3479 392 3550 ,utcmque
414 3491 491 3534 nune
514 3476 719 3549 tumultuetur,
741 3492 885 3546 nunqnam
908 3477 1053 3536 tamenin
1075 3493 1146 3535 vera
1168 3476 1277 3535 Christi
1299 3478 1368 3536 reli-

154 3580 239 3652 gione
271 3579 393 3638 cessisse
417 3579 538 3654 Italiae,
569 3581 665 3639 sires
696 3581 866 3639 aestimetur
888 3581 925 3638 ab
953 3581 1036 3639 aunis
1058 3578 1276 3654 octingentis.‘¹
1321 3581 1368 3639 Ad

47 3685 49 3688 '
153 3682 325 3742 servandam
344 3683 547 3743 Germanicam
573 3682 660 3742 iidem
693 3701 727 3742 ac
750 3683 917 3743 Germanici
938 3685 1061 3743 nominis
1091 3685 1230 3744 honorem
1251 3686 1368 3758 saepius

153 3793 292 3861 provocat
324 3783 498 3868 (Germanos
540 3794 636 3848 autem
675 3804 774 3847 omues
814 3788 957 3846 nominari
989 3787 1073 3863 dicit,
1113 3789 1161 3860 qui
1200 3789 1367 3860 germanice

153 3885 365 3972 loquantur);²
392 3893 572 3952 imminentia
593 3909 698 3966 magna
719 3891 832 3964 patriae
855 3889 984 3963 pericula
1006 3896 1036 3948 et
1063 3891 1156 3948 diram
1178 3891 1300 3950 discidii
1313 3907 1370 3964 per

153 3995 253 4054 sauma
273 3995 398 4056 sonasse
420 3997 550 4056 duratmi
573 3997 767 4056 calamitatem
791 4013 848 4055 non
869 3995 963 4053 miuus
986 3995 1109 4053 sollicito
1125 3987 1172 4074 (ut
1188 3990 1368 4076 uidebimus)

153 4115 238 4173 quam
253 4101 414 4174 perspicaci
430 4103 525 4160 animo
539 4100 693 4176 praedixit.
739 4099 923 4159 Germaniam
947 4099 1135 4172 superiorem,
1156 4115 1229 4172 quae
1245 4100 1368 4159 vocaba-

153 4209 209 4278 tur,
230 4209 296 4277 post
309 4205 446 4265 lustratas
459 4205 573 4266 demum
584 4206 755 4280 peregrinas
776 4209 869 4263 terras
882 4203 947 4264 illas
960 4201 1043 4273 vidit;
1066 4202 1141 4261 hanc
1151 4204 1192 4262 sic
1206 4203 1262 4262 sibi
1275 4203 1367 4268 modis

243 4445 271 4509 1)
289 4443 357 4509 Epp.
376 4441 480 4505 XXVI,
500 4447 541 4493 84.

242 4529 269 4597 2)
289 4531 339 4595 Ep.
358 4531 389 4581 ad
407 4529 562 4596 Zuiuglium
579 4527 633 4582 Gal.
653 4527 723 4595 Sept.
745 4530 822 4610 ibid.¹
