3176 5064
219 185 255 240 40
754 182 843 237 Carus
860 183 910 237 ΙΙΙ.

350 279 374 284 -
381 277 729 284 --.-..--..-—---.-—-.-—
736 277 1110 284 .-—-—-—-.--.—...-..-
1121 278 1148 283 -
1159 277 1279 282 -..-.--...-.-
1287 275 1456 283 ————.—-—

220 405 309 465 quam
340 385 406 446 leve
441 391 472 445 et
508 385 758 446 inconsideratum
791 385 938 462 judicium
974 384 1012 444 de
1047 383 1242 446 haeresibus.¹
1293 383 1403 458 Quare
1435 384 1457 440 si

219 495 347 554 rationes
374 512 409 553 ae
436 493 582 571 principia
609 493 646 552 ab
672 493 728 552 hoc
755 493 818 552 viro
845 492 954 553 eximio
981 493 1132 570 proposita
1154 493 1186 552 in
1210 492 1348 553 Concilio
1375 509 1459 568 prac-

220 601 396 676 valuissent,
420 601 627 678 Doellingerus
651 600 785 660 futurum
807 601 902 660 fuisse
924 605 1037 676 censet,
1061 605 1095 660 ut
1117 600 1193 660 illud
1215 600 1309 658 alium
1327 616 1460 676 prorsus

220 727 341 768 cursum
368 713 494 782 teneret,
517 707 577 767 nisi
599 709 675 768 sorte
697 707 828 768 Romana
851 708 941 768 Curia
969 707 1011 787 (id
1038 709 1117 786 quod
1139 707 1333 766 verisimilius
1360 709 1460 783 putat)

220 821 288 894 post
315 833 425 894 paucas
452 815 633 892 septimanas
660 833 762 875 onmes
789 816 892 876 Patres
919 815 1089 875 dimisisset.
1141 814 1268 874 Facilius
1296 832 1374 874 vero
1404 813 1459 870 viri

220 923 303 982 illins
331 923 460 982 rationes
478 923 726 1000 praevaluissent,
751 923 776 982 si
796 923 895 982 statim
914 928 982 1000 post
1000 923 1182 986 concordiam
1203 922 1460 982 Retisboncnsem

222 1029 387 1090 Concilium
410 1029 578 1090 universale
601 1030 766 1090 exstitisset
792 1030 935 1108 illamque
961 1029 1133 1107 amplexum
1161 1035 1252 1104 esset,
1279 1028 1460 1104 vigentibus

166 1209 173 1222 ι
220 1138 317 1198 adhue
345 1138 509 1198 Centareno
541 1145 630 1216 atque
656 1143 700 1198 tot
726 1138 794 1198 aliis
822 1139 887 1215 ejus
911 1137 1067 1198 similibus.
1122 1137 1162 1196 Hi
1185 1155 1254 1198 vero
1286 1155 1391 1214 usque
1424 1136 1461 1193 ad

219 1245 411 1322 incipientem
440 1245 573 1305 Tridenti
602 1245 761 1322 synodum,
789 1245 848 1304 nisi
875 1249 969 1305 morte
1000 1251 1123 1304 nahuae
1150 1250 1373 1320 concesserant,
1410 1243 1460 1302 ln-

221 1352 380 1430 quisitione
402 1357 454 1412 aut
476 1352 603 1412 absumti
631 1357 683 1412 aut
708 1353 745 1412 ad
774 1351 925 1412 silentium
953 1353 1063 1412 redacti
1091 1359 1169 1412 sunt..
1224 1351 1311 1411 sales
1344 1351 1460 1411 laetius

221 1477 308 1536 quarn
333 1465 436 1536 postea
458 1459 623 1519 Tridentini
645 1459 761 1535 Patres,
785 1460 1028 1534 ,Protestantium
1057 1478 1095 1520 ex
1122 1458 1308 1519 nobilissima
1331 1459 1459 1519 Gerrun-

220 1565 287 1626 niae
310 1565 461 1643 provincia
483 1566 642 1626 adventum
665 1585 771 1642 magno
789 1566 933 1628 desiderio
952 1571 1190 1644 exspectassent,
1213 1567 1388 1626 humaniter
1407 1583 1458 1625 eos

220 1787 299 1842 tores
326 1781 569 1856 Ratisbonsnses,
602 1781 739 1860 inprimis
766 1782 989 1856 Melanchthon,
1022 1799 1110 1859 quem
1137 1782 1241 1859 paucis
1267 1787 1337 1842 ante
1364 1781 1457 1840 annis

221 1889 395 1950 Franciseus
419 1889 532 1950 Galliae
555 1889 631 1965 Rex,
656 1889 827 1950 melioribus
850 1891 998 1950 interdum
1021 1889 1154 1950 consiliis
1173 1890 1246 1950 licet
1263 1908 1363 1948 rarum
1384 1907 1457 1948 ceu-

222 2003 333 2058 stanter
359 1997 495 2072 audiens,
529 2003 648 2074 propter
676 1997 839 2074 ,singulare
865 1997 901 2056 ad
933 1997 1090 2072 sedendas,
1123 2015 1199 2074 quae
1227 1997 1259 2055 in
1286 1997 1454 2056 doctrinam

221 2105 358 2165 inductae
381 2110 493 2180 essent,
516 2105 720 2165 altereationes
749 2105 893 2164 studium‘
921 2105 1056 2182 impense
1082 2104 1253 2164 laudaverat
1281 2110 1374 2181 utque
1405 2103 1457 2177 ,ad

221 2213 435 2272 resarciendam
459 2211 688 2289 pulcherrimam
707 2211 923 2272 ecclesiasticae
941 2211 1062 2289 politiae
1081 2212 1278 2271 harmoniam‘
1303 2211 1334 2270 in
1355 2210 1455 2271 Gallia

221 2321 277 2380 sibi
301 2321 418 2380 adesset
439 2319 538 2378 addita
560 2319 740 2380 amicissima
763 2319 956 2379 obtestatione
979 2319 1189 2393 ins'itarcrat,³
1215 2319 1304 2396 plene
1327 2335 1454 2378 consen-

221 2427 312 2486 tiente
335 2427 424 2486 etiam
443 2427 580 2502 Langnoo
603 2427 742 2504 episcopo
760 2426 922 2486 Parisiensi
941 2431 971 2485 et
988 2426 1165 2485 admonente
1182 2425 1453 2496 Melanchthonem,

221 2552 272 2608 ,ue
294 2533 477 2593 occasionem
500 2533 631 2594 differret
653 2533 696 2593 rei
720 2533 864 2610 gerendae
886 2532 963 2592 inter
987 2533 1124 2592 mortales
1152 2534 1284 2592 omniurn
1312 2534 1453 2610 pulcher-

220 2641 329 2699 rimae}
376 2641 407 2700 Si
431 2639 505 2698 mles
528 2639 658 2698 omniurn
683 2639 817 2716 gentium
837 2640 906 2715 uiri,
930 2641 1063 2717 ejusdem
1083 2640 1137 2700 Dei
1161 2647 1192 2700 et
1210 2640 1374 2700 Servatoris
1397 2642 1454 2700 im-

220 2747 383 2825 ploratione
405 2746 598 2824 ejusdcmquo
621 2747 682 2806 reri
705 2751 735 2806 et
757 2747 920 2824 evangelici
939 2747 1150 2808 christianismi
1170 2747 1334 2825 spiritualis
1353 2748 1453 2807 studio

220 2855 299 2916 inter
321 2873 353 2915 ss
376 2854 538 2932 conjuncti,
561 2853 593 2914 in
617 2853 748 2914 Concilio
775 2855 937 2915 universali
963 2874 1024 2914 una
1049 2857 1195 2932 egissent,
1223 2856 1249 2914 si
1278 2855 1361 2914 nulla
1387 2856 1454 2914 illic

220 2963 356 3041 tpnannis
384 2962 585 3038 saeculatalis,
613 2962 759 3023 machinis
787 2967 817 3022 et
844 2963 934 3022 minis
962 2963 1117 3022 hominum
1143 2963 1258 3023 animos
1292 2981 1453 3040 occupans,

219 3072 425 3150 impedivisset
447 3071 584 3150 spiritum
608 3070 676 3146 Dei,
699 3070 751 3148 qui
775 3069 898 3148 spiritns
920 3070 1065 3130 libertatis
1087 3077 1146 3144 est,
1174 3071 1231 3130 hoc
1253 3071 1319 3147 ipso
1342 3071 1453 3148 spiritu

220 3181 379 3256 adjuvante
401 3177 465 3240 fieri
487 3179 614 3238 fortasse
636 3183 761 3255 poterat,
790 3183 824 3236 ut
850 3177 1000 3236 doctrinae
1027 3178 1182 3237 concordia
1209 3195 1279 3238 rere
1306 3178 1453 3237 catholica

220 3287 426 3346 restitueretur
448 3291 477 3346 et
501 3291 667 3345 servaretur
689 3303 728 3344 ex
750 3303 842 3344 sensu
863 3283 972 3344 ueteris
995 3283 1078 3343 illins
1096 3284 1182 3344 dicti:
1206 3283 1256 3360 ,In
1274 3286 1453 3344 necessariis

221 3391 334 3468 unitas,
356 3393 389 3452 iu
411 3391 509 3452 dubiis
532 3391 664 3466 libertas,
688 3392 720 3450 in
742 3391 879 3452 omnibus
901 3392 1027 3450 veritas}

327 3498 432 3577 Neque
463 3499 591 3558 dubitari
622 3504 720 3576 potest
751 3497 824 3576 quin
855 3517 872 3556 a
903 3497 955 3557 tali
984 3497 1130 3574 Concilio,
1162 3499 1250 3576 quale
1281 3517 1319 3558 ex
1351 3505 1452 3558 mente

220 3607 540 3687 praestantissimorum
562 3605 646 3666 illius
668 3607 810 3683 temporis
833 3606 961 3665 uirorum
990 3605 1125 3664 futurum
1151 3607 1247 3666 luisse
1273 3606 1452 3683 cogitatione

220 3717 396 3791 sirursimus,
419 3733 489 3774 sera
510 3733 545 3774 ac
564 3713 678 3774 sincera
697 3714 853 3773 iurirersac
870 3712 1012 3773 eeclesiae
1030 3713 1198 3772 reformatio
1216 3713 1317 3791 perlici
1337 3713 1451 3790 potuis

221 3833 274 3884 set.
320 3824 399 3884 Satis
421 3829 525 3882 notum
548 3829 607 3896 est,
634 3821 818 3882 diuersarum
845 3820 998 3880 aedanum
1021 3819 1174 3896 Principes
1201 3839 1237 3880 ac
1258 3821 1450 3897 magistratus

219 3949 237 3990 a
257 3930 388 3992 Concilio
406 3929 579 3989 Tridentino
601 3930 712 3988 frustra
729 3935 764 3988 ut
782 3927 891 3988 multos
908 3927 1020 3986 abissus
1038 3925 1153 3987 tolleret
1172 3899 1352 4004 poshilasse,
1375 3946 1449 4005 quos

220 4036 269 4097 rel
293 4038 393 4115 jirstae
420 4037 554 4097 halelium
581 4035 783 4114 querimoniae
809 4033 858 4094 vel
884 4034 974 4094 etiam
996 4033 1150 4094 schismati
1173 4035 1357 4095 comsiomm
1380 4035 1449 4094 dara

329 4303 355 4359 n
374 4301 527 4370 hallinger
544 4299 700 4370 Sammlium
719 4317 770 4354 ron
789 4299 938 4353 l'rlunden
955 4310 1005 4353 etc.
1025 4315 1050 4368 p.
1066 4299 1109 4352 Ἡ.

328 4391 356 4445 st
375 4391 449 4455 Quae
468 4391 550 4443 varlas
567 4389 693 4458 trigenas
710 4389 736 4441 in
754 4389 868 4442 arsuris
886 4405 960 4441 emar.
978 4387 1047 4440 nu.
1066 4388 1100 4441 el.
1119 4387 1190 4441 Sese
1212 4389 1245 4440 13
1262 4393 1290 4441 et
1310 4390 1352 4442 15.

328 4479 357 4531 st
375 4478 414 4530 m.
434 4477 547 4548 epistola
566 4476 645 4545 Regis
663 4477 689 4528 d.
709 4475 751 4532 :R
765 4475 829 4529 Juu.
847 4491 871 4530 a.
893 4478 975 4544 lbi'a't,
994 4476 1070 4528 isi-,lsi
1088 4477 1150 4530 data
1167 4476 1196 4530 t‘.
1216 4475 1248 4530 R
