3156 5056
261 294 313 348 214
724 293 826 343 Pharrs
845 293 962 344 Pmoars

260 513 321 567 tum
349 506 456 568 Christi
488 523 552 568 esse
582 508 750 568 thesaurum
782 508 939 582 ecclesiae,
971 525 1056 581 quem
1086 509 1256 584 dispensare
1286 510 1478 585 indulgentiis

258 615 306 687 jus
334 611 514 687 pontificium
541 617 627 672 esset.
673 612 762 670 Immo
791 611 869 672 idem
895 611 1058 672 cardinalis
1081 614 1112 672 iu
1136 615 1277 687 colloquio
1300 633 1363 674 cum
1384 617 1478 676 Wan-

262 719 358 778 coslao
384 717 514 792 Liuccio,
546 719 571 776 si
601 716 846 790 indulgentiarum
874 719 1120 791 impugnationem
1146 725 1299 778 revocaret
1322 720 1477 792 Lutharus,

261 829 352 882 totam
374 837 492 881 oausam
514 823 646 896 componi
670 837 753 894 posse
778 822 838 896 ait,
869 827 970 882 cetera
997 823 1225 882 moderationem
1249 828 1280 882 et
1302 825 1478 898 interpreta-

262 929 370 988 tionem
393 927 556 986 admittere.
603 925 684 998 Quod
704 943 792 999 quum
813 925 956 1001 Staupitio
978 933 1128 986 narratum
1149 933 1242 1001 esset,
1266 927 1383 988 Utinam
1406 930 1477 989 Gar

262 1032 380 1108 dinalis,
411 1031 519 1105 inquit,
551 1032 666 1091 notario
693 1036 724 1091 et
746 1033 869 1092 testibus
891 1033 1095 1106 praesentibus
1117 1033 1168 1093 illa
1191 1033 1326 1108 dixisset,
1357 1041 1390 1094 ut
1412 1052 1478 1094 eon-

262 1143 368 1211 staret‚
388 1137 498 1196 Romae
520 1137 611 1210 pluris
634 1136 783 1196 aestimari
801 1137 955 1210 pecuniam
977 1154 1062 1212 quam
1084 1135 1178 1199 fidem

352 1241 550 1302 Romanenses
579 1257 664 1315 vero,
696 1257 752 1314 qno
780 1241 874 1300 minus
897 1256 1009 1316 eorum,
1037 1242 1139 1316 quihus
1165 1242 1275 1304 veritas
1301 1243 1381 1304 cordi
1406 1251 1479 1317 erat,

263 1347 426 1407 intellectui
441 1351 472 1405 et
487 1346 682 1406 conscientiae
699 1345 830 1404 doctrina
847 1362 900 1404 sua
915 1345 1085 1406 sahalacere
1102 1353 1250 1428 poterant,
1274 1363 1307 1407 co
1328 1348 1480 1422 impuden—

265 1453 323 1511 tius
345 1451 373 1510 vi
395 1468 458 1509 rem
482 1447 624 1509 conficere
647 1450 812 1511 studebant.
856 1449 940 1510 Risui
961 1452 998 1510 iis
1021 1458 1086 1510 crat
1100 1451 1176 1525 qnod
1191 1453 1330 1512 Erasmus
1352 1453 1479 1524 dicebat,

265 1556 427 1616 Germanos
447 1555 545 1614 doceri
565 1555 653 1629 velle,
677 1571 735 1613 non
751 1557 824 1628 cogi.
860 1556 920 1630 Ipsi
936 1553 1090 1631 Cajetano,
1112 1558 1162 1630 qui
1176 1563 1237 1617 tam
1250 1563 1375 1632 paterna
1391 1558 1480 1618 hene·

265 1661 394 1721 volentia
415 1659 604 1718 fraterculum
626 1659 796 1718 monachum
820 1663 954 1735 excipere
974 1661 1058 1720 initio
1079 1662 1156 1720 visus
1179 1668 1238 1737 est,
1261 1662 1384 1722 aGuria
1398 1679 1480 1722 mau-

266 1766 366 1826 datum
388 1771 465 1839 erat,
496 1771 529 1823 nt
550 1781 616 1823 enm
637 1773 689 1824 ant
712 1772 831 1838 urgeret
854 1765 891 1825 ad
913 1766 1122 1841 revocandum,
1152 1767 1291 1841 quidquid
1313 1775 1412 1828 contra
1436 1769 1481 1826 in·

265 1870 477 1944 dulgentiamm
506 1869 744 1928 nundinationem
771 1869 900 1945 dixerat,
929 1877 981 1930 aut
1002 1871 1214 1946 apprehensum
1239 1889 1337 1932 secum
1358 1871 1480 1932 Romam

266 1976 399 2050 duceret,
431 1975 506 2049 qnod
539 1973 750 2048 Maimbonrgio
784 1975 898 2034 Jesuita
930 1981 1007 2035 teste
1041 1977 1104 2035 siue
1135 1975 1223 2036 dubio
1259 1977 1391 2051 iecisset,
1424 1977 1480 2034 nisi

265 2081 424 2156 Lutherns,
457 2082 624 2154 priusquam
654 2095 752 2139 coram
785 2079 897 2152 Legata
932 2087 1127 2156 compareret,
1161 2081 1350 2142 suadentibus
1380 2081 1480 2139 amicis

265 2187 379 2247 litteras
410 2191 586 2245 commeatus
615 2202 634 2248 a
659 2185 785 2245 Caesare
812 2183 1022 2260 impetrasset.¹
1066 2186 1172 2246 Postea
1196 2185 1354 2248 eorundem
1376 2187 1480 2246 arnico·

265 2309 330 2350 rum
352 2292 473 2351 consilio
495 2291 628 2364 Angusta
652 2291 726 2348 clam
749 2289 957 2365 anfugiendum
976 2292 1005 2349 ei
1028 2297 1105 2366 erat,
1128 2292 1263 2365 qnoniam
1284 2291 1481 2352 Romanenses

267 2403 444 2457 commeatus
469 2392 556 2454 fidem
584 2395 740 2454 haereticis
765 2411 823 2454 non
844 2396 1016 2455 servandam
1038 2413 1102 2455 esse
1121 2396 1293 2470 jampridem
1315 2396 1480 2456 docuerant.

267 2499 344 2571 Quid
383 2516 452 2559 vero
490 2501 533 2573 ei,
571 2498 690 2558 Romam
727 2499 872 2574 profecto,
914 2501 1121 2575 minuisset,
1162 2501 1279 2561 dubium
1314 2519 1372 2561 uon
1409 2509 1480 2560 erat

268 2601 385 2662 Scilicet
417 2603 515 2661 statim
545 2609 610 2676 post
637 2603 800 2677 puhhcatas
828 2604 950 2664 Luthcri
977 2606 1076 2665 theses
1098 2605 1329 2666 Hochstratenus
1352 2607 1481 2666 Domini·

269 2722 358 2766 canus
378 2706 535 2780 Inquisitor
561 2707 621 2766 alta
648 2723 719 2766 voca
742 2710 933 2784 clamaverat,
962 2710 1039 2768 huuc
1061 2709 1243 2770 haereticum
1263 2710 1343 2770 ferro
1362 2719 1393 2771 et
1414 2713 1480 2786 igue

270 2827 334 2870 esse
366 2811 590 2885 exstirpandum.
635 2811 780 2872 Uniiersa
807 2814 993 2874 obscurorum
1022 2816 1149 2874 virorum
1174 2815 1263 2876 factio
1286 2825 1481 2876 consenserat.

269 2916 352 2991 Quod
373 2916 519 2976 Lntherns
542 2916 648 2976 docere
672 2933 759 2976 ausus
782 2925 839 2993 est,
865 2919 1006 2994 ejusmodi
1028 2920 1196 2980 violentiam
1216 2921 1305 2980 etiam
1327 2923 1358 2979 in
1379 2921 1482 2980 haere-

269 3025 341 3084 ticos
376 3021 536 3083 adhibitam
570 3029 671 3082 contra
699 3023 807 3082 veteris
837 3025 994 3098 ecclesiae,
1028 3041 1130 3084 sacrae
1160 3026 1335 3100 scripturae,
1366 3027 1483 3100 spiritus

269 3129 362 3190 sancti
396 3128 571 3187 sententiam
605 3144 683 3202 esse,
715 3127 746 3187 id
774 3128 931 3188 haereseos
962 3129 1045 3202 quasi
1075 3129 1233 3203 duplicatio
1264 3131 1478 3191 aestimabatur.

268 3233 332 3293 Hoc
360 3234 450 3307 igitur
476 3232 538 3292 Leo
559 3231 595 3291 lt
624 3233 655 3290 iu
682 3232 761 3291 hulla
783 3249 849 3307 sua,
880 3232 935 3291 hoo
959 3239 1062 3306 postea
1083 3233 1279 3292 Pallavioinns
1300 3235 1332 3292 in
1356 3235 1483 3294 historiis

270 3339 349 3397 velut
377 3354 517 3396 summum
545 3337 667 3396 Lutheri
699 3337 840 3411 flagitium
873 3337 1055 3398 condemnat.
1108 3337 1170 3408 Quo
1202 3336 1387 3398 furiosiorem
1416 3357 1483 3399 vero

270 3440 455 3500 fanatismum
476 3440 676 3500 Pherisaicum
697 3441 857 3502 advormrii
877 3458 947 3515 prae
972 3459 1004 3502 se
1027 3442 1174 3514 ferebant,
1196 3459 1232 3502 eo
1251 3445 1360 3503 certior
1376 3444 1483 3504 Luthe-

271 3563 319 3604 ms
339 3545 433 3603 lactus
456 3551 501 3604 est
523 3561 555 3604 se
576 3561 676 3604 verum
699 3545 948 3606 Christianismum
975 3553 1077 3606 contra
1097 3547 1314 3608 Jndaiuantium
1342 3555 1373 3609 et
1394 3548 1485 3622 Paga·

271 3649 427 3708 nisantium
450 3665 577 3723 errores,
603 3650 878 3710 antichristianisme
903 3651 980 3710 viam
1002 3657 1153 3725 parantes,
1181 3650 1348 3712 defendere.
1392 3653 1485 3725 Quan-

270 3761 332 3814 tum
355 3755 386 3812 in
408 3754 533 3814 ecclesia
555 3752 643 3812 iidem
669 3771 782 3814 errores
805 3755 974 3830 jamdudum
997 3756 1169 3831 valuissent,
1199 3756 1288 3814 etiarn
1312 3757 1343 3815 in
1366 3757 1485 3816 coneilio

272 3859 500 3933 Constantiensi,
532 3857 609 3932 quod
634 3859 749 3933 plurimi
778 3859 872 3919 adhuc
895 3859 1021 3934 lecerat,
1051 3875 1195 3934 apparere
1218 3859 1298 3918 vidit
1342 3860 1485 3920 Frondem

271 3972 359 4039 atque
381 3965 566 4039 injustitiam,
594 3981 650 4038 qua
672 3964 783 4024 Hussus
806 3964 867 4022 illic
886 3979 958 4036 rogo
982 3963 1105 4023 traditus
1128 3969 1204 4036 crat,
1237 3981 1382 4032 summum,
1407 3965 1486 4038 flagi-

271 4071 343 4128 tium
372 4069 474 4144 fnisse,
500 4073 562 4145 jam
591 4070 621 4127 in
651 4068 846 4143 disputatione
877 4068 1023 4143 Lipsiensi
1052 4065 1184 4142 profiteri
1209 4085 1268 4127 non
1294 4069 1405 4129 veritus
1434 4075 1485 4129 est.

271 4173 357 4233 Haud
379 4175 469 4234 multo
491 4180 556 4248 pest
578 4175 664 4234 lectis
684 4173 856 4248 quibusdam
878 4173 967 4248 ipsius
986 4174 1074 4233 Hussi
1095 4173 1177 4233 libris
1195 4174 1341 4247 coguovit,
1364 4175 1485 4248 plurima

271 4279 332 4338 illic
366 4295 431 4340 cum
461 4279 551 4338 Paulo
583 4285 614 4340 et
643 4279 806 4353 Augustino
839 4279 926 4353 plane
960 4265 1146 4339 concordare.
1199 4279 1238 4338 Se
1266 4295 1338 4352 prae
1369 4285 1485 4353 stupore

362 4515 387 4582 1)
406 4515 568 4582 hlaimbourg
586 4515 695 4568 historia
712 4514 998 4578 Lutherauismi1,19,
1017 4515 1061 4566 ubi
1076 4515 1186 4581 legitur:
1206 4513 1269 4576 ,nisi
1285 4516 1426 4566 monachus
1440 4517 1487 4567 iste

273 4599 336 4650 satis
353 4608 450 4652 astutus
468 4601 566 4656 litteras
584 4609 736 4656 commeatus
756 4603 787 4654 ab
805 4603 962 4669 Imperatore
980 4602 1162 4668 impetrasset‘
