3194 5042
247 257 300 310 142
677 243 680 250 '
754 255 842 310 erpa
860 256 893 309 v.

246 460 377 538 reliquae
403 460 482 519 vitae
508 463 622 538 partem
649 458 777 518 invilla
804 477 858 519 sua
881 457 1049 519 Aroetrensi
1076 459 1227 536 mnsegit
1275 459 1493 520 Nihilominus

247 585 279 628 se
301 568 333 627 in
356 566 563 645 Inquisitionis
585 567 719 627 custodia
742 584 808 626 esse
830 585 983 644 nunquam
1006 584 1066 626 nou
1089 567 1241 626 sentiebat.
1279 568 1384 627 Anxie
1408 569 1493 644 vigi-

246 675 325 735 labat
347 675 498 750 Pontifex,
521 693 560 735 ne
581 675 776 748 academiam,
803 693 891 752 quam
914 674 979 752 ipse
1001 661 1055 749 ait,
1084 674 1254 734 institueret
1277 676 1324 733 vir
1346 675 1493 751 iugenio

247 783 398 858 sissimuS,
426 782 541 843 scilicet
567 783 664 844 need
687 781 915 860 colloquendum
943 781 980 842 de
1007 781 1139 841 doctrina
1163 781 1366 858 (lopernioana
1395 801 1494 860 quos-

246 891 313 950 dam
336 891 511 950 admitteret
559 889 688 950 castello
715 890 809 948 amico
839 889 903 966 ejus
931 889 963 948 in
991 888 1138 948 Etruriam
1165 890 1333 966 proiectum
1362 890 1494 949 sollem-

247 998 325 1058 niter
347 997 580 1075 promittendum
603 1003 677 1072 erat,
701 1014 734 1056 se
754 996 813 1056 nisi
832 1001 987 1073 praesente
1004 996 1062 1056 alio
1080 995 1218 1074 quopiam
1237 1015 1398 1074 nunquam
1417 1017 1492 1057 cum

247 1125 281 1166 eo
304 1123 454 1165 sermones
482 1105 629 1165 facturum
657 1122 731 1164 esse.
777 1103 861 1164 Idem
888 1109 922 1163 ut
949 1121 1003 1181 per
1029 1103 1149 1180 longius
1171 1109 1290 1180 tempus
1313 1105 1491 1181 aeg-rotanti

248 1212 312 1273 seui
334 1217 451 1290 praesto
474 1217 564 1286 esset,
588 1213 706 1271 veniam
728 1212 886 1289 impetrare
908 1230 967 1271 non
989 1212 1094 1288 potuit.
1135 1210 1320 1287 Peregrinis,
1344 1212 1401 1290 qui
1426 1213 1492 1290 ipsi

247 1320 386 1380 haeretici
414 1319 463 1379 vel
491 1338 530 1379 ex
556 1320 703 1379 haeretica
734 1319 853 1380 civitate
880 1318 1070 1378 advenientes
1098 1319 1291 1393 habebantur,
1325 1337 1389 1379 non
1419 1339 1491 1397 per-

248 1428 418 1488 mittebatur
441 1427 606 1488 Galilacum
633 1427 727 1504 adire,
756 1427 834 1504 quod
862 1425 1015 1486 catholicis
1041 1427 1151 1486 exteris
1173 1425 1292 1500 libebat,
1320 1426 1492 1486 dummodo

248 1535 286 1594 da
308 1540 390 1594 motu
412 1539 506 1595 terrae
530 1539 560 1594 et
583 1534 655 1594 solis
678 1539 757 1594 statu
780 1552 839 1594 non
863 1532 1080 1612 loquerentur.¹
1120 1533 1279 1611 Propterea
1296 1533 1383 1593 illius
1404 1535 1489 1609 villa,

248 1647 392 1720 quantum
423 1643 487 1702 fieri
519 1647 645 1719 poterat,
678 1643 733 1702 sub
764 1642 899 1702 custodia
930 1642 1103 1719 habebatur;
1136 1659 1228 1719 quum
1260 1659 1329 1701 vero
1363 1642 1490 1702 veniam

248 1749 403 1827 petivisset
424 1749 457 1808 in
480 1750 601 1808 domum
624 1767 709 1809 suam
732 1749 931 1810 Florentinam
954 1749 1196 1826 transmigrandi,
1224 1753 1258 1808 ut
1279 1750 1485 1809 necessariam

249 1857 305 1918 sibi
327 1856 507 1917 medicorum
530 1856 677 1916 auxilium
700 1857 818 1916 facilius
841 1857 997 1933 obtineret,
1020 1857 1085 1934 ipse
1108 1856 1189 1934 Papa
1211 1857 1237 1916 ei
1262 1856 1396 1916 mandari
1417 1857 1487 1934 jus·

249 1965 301 2040 sit,
326 1969 372 2040 ,ut
389 1965 550 2026 abstineret
572 1965 608 2024 ab
627 1965 771 2042 ejusmodi
790 1965 995 2043 petitionibus,
1019 1981 1057 2024 ne
1076 1964 1164 2036 Sacra
1184 1964 1378 2041 Congregatio
1395 1983 1486 2042 coge

249 2077 330 2132 retur
352 2091 488 2134 revocare
510 2091 579 2132 eum
601 2073 637 2132 ad
661 2090 792 2132 carceres
815 2071 906 2148 hujus
925 2072 1026 2133 Sancti
1044 2071 1172 2132 Οῐίὶοίἰ.2
1211 2071 1332 2132 Frustra
1355 2077 1390 2131 ut
1413 2091 1486 2132 oon-
1578 2121 1579 2150 ,

249 2180 392 2240 dicionem
422 2181 488 2257 ejus
515 2180 681 2240 liberiorem
709 2180 876 2254 redderent,
904 2180 1014 2240 Romae
1041 2179 1237 2239 illustrissimi
1260 2179 1329 2253 viri,
1358 2181 1412 2257 qui
1443 2181 1485 2240 ibi
1578 2159 1579 2168 ἶ

249 2287 348 2348 valere
369 2287 482 2366 aliquid
505 2289 693 2364 videbantur,
716 2288 789 2348 loris
811 2287 938 2364 Magnus
956 2287 1026 2348 Dux
1045 2287 1181 2347 Etruriae
1203 2291 1234 2347 et
1255 2287 1321 2346 Rex
1339 2287 1484 2348 Poloniae

250 2395 308 2455 nisi
336 2401 419 2473 sunt;
452 2396 563 2456 fnrstra
589 2395 674 2455 Fabri
702 2395 740 2455 de
767 2395 885 2456 Peireee
913 2395 1010 2455 dicere
1037 2413 1128 2455 auaris
1155 2399 1213 2469 est,
1247 2395 1309 2454 fore
1336 2399 1372 2454 ut
1398 2399 1483 2454 tanta
1578 2425 1579 2490 ἐ

250 2501 422 2563 crudelitate
454 2503 624 2562 foedissima
656 2503 772 2563 macula
804 2501 915 2563 Urbani
946 2521 1037 2579 regno
1069 2507 1280 2579 aspergeretur.
1330 2501 1483 2579 Pontifex,

250 2610 302 2688 qui
329 2611 495 2670 adulatores
527 2610 629 2670 audire
662 2629 778 2688 semper
806 2611 923 2686 maluit,
955 2611 1026 2670 dum
1055 2628 1087 2670 se
1113 2609 1200 2669 illum
1231 2610 1323 2669 amari
1355 2617 1387 2669 et
1417 2611 1483 2671 solo
1578 2649 1579 2660 .

251 2716 436 2777 sanctissimo
460 2735 529 2793 erga
551 2717 707 2777 ecclesiam
730 2717 826 2777 officio
849 2736 866 2777 a
889 2717 1044 2778 clementia
1062 2717 1181 2777 retineri
1200 2717 1328 2792 dictitat,
1351 2717 1483 2778 ermdem

250 2842 346 2903 usque
364 2825 400 2884 ad
419 2829 585 2884 extremum
604 2825 682 2884 diem
705 2843 759 2902 per
775 2825 983 2903 Inquisitionir
1002 2825 1153 2885 ministros
1172 2825 1320 2904 oppressit
1342 2830 1373 2884 et
1392 2843 1482 2885 rexa-

249 2933 306 3008 vit,
329 2933 419 2993 immo
442 2932 532 2993 etiam
551 2933 670 3016 mortui,
694 2933 743 2993 oui
766 2933 901 3011 papalem
924 2933 1159 2993 benedictionem
1181 2933 1314 3009 miserat,
1336 2933 1481 2994 honorem
1578 2923 1579 2936 ¹

250 3041 394 3119 impedire
416 3045 446 3102 et
468 3043 624 3102 obscurare
646 3041 789 3101 studuit³

358 3147 553 3210 Venerandus
577 3149 697 3227 optimis
719 3148 887 3226 aequalium
910 3165 1016 3224 senex,
1039 3147 1110 3208 licet
1131 3153 1175 3208 tot
1197 3147 1338 3208 inauditis
1360 3145 1482 3226 injuriis

250 3256 393 3332 afflictus,
417 3257 577 3316 senectutis
600 3261 630 3316 et
651 3257 818 3316 morborum
842 3273 929 3316 onere
951 3260 1103 3333 gravabis,
1127 3274 1181 3334 per
1203 3255 1334 3334 quinque
1356 3255 1480 3317 ultimos

251 3365 329 3424 vitae
351 3382 465 3424 annuos
492 3363 581 3423 etiam
608 3363 688 3423 omni
715 3364 866 3424 oculorum
892 3363 960 3424 luce
983 3365 1114 3439 orbatus,
1142 3369 1240 3423 tamen
1262 3363 1426 3423 demissum
1448 3371 1481 3424 et

250 3488 426 3548 oppressum
457 3470 588 3531 animum
621 3471 717 3531 denuo
749 3489 865 3548 semper
897 3471 1004 3546 erexit,
1037 3471 1204 3531 incredibili
1235 3471 1347 3548 ingenii
1376 3471 1480 3531 robore

251 3577 413 3654 doctrinas,
441 3579 477 3637 ad
501 3596 574 3655 quas
597 3578 716 3655 longius
739 3579 941 3655 provehendas
968 3581 1055 3639 natus
1078 3584 1153 3655 erat,
1180 3578 1276 3638 colere
1298 3597 1358 3638 non
1381 3579 1477 3654 desiit,

250 3705 349 3747 rerum
372 3691 493 3746 naturae
515 3685 683 3762 cognitione
710 3685 795 3746 novis
823 3685 1131 3764 splendidissimisque
1159 3686 1288 3748 inventis
1316 3705 1350 3746 ac
1373 3687 1477 3764 specu-

250 3793 411 3855 lationibus
433 3793 611 3871 locupletata
632 3794 734 3870 generi
756 3793 885 3852 humano
908 3793 1051 3854 inservire
1070 3793 1208 3872 perrexit.
1247 3791 1341 3868 Quam
1359 3794 1396 3852 ad
1414 3812 1476 3854 rem

250 3902 370 3980 adjutus
393 3906 439 3962 est
461 3901 621 3961 amicorum
644 3907 733 3980 atque
755 3901 981 3978 discipulorum,
1005 3906 1035 3962 et
1053 3901 1213 3961 eonrndem
1231 3901 1340 3980 partim
1358 3901 1475 3977 ingenio

251 4010 474 4086 excellentium,
498 4009 701 4070 constantibus
724 4008 839 4068 studiis.
884 4008 998 4068 Horum
1021 4027 1109 4087 opera
1131 4009 1311 4070 immortales
1334 4026 1404 4069 suos
1427 4009 1475 4084 ,de

359 4276 385 4345 1)
405 4273 513 4344 Gebler,
533 4275 618 4329 Acten
640 4291 666 4344 p.
684 4271 742 4328 179.

358 4381 385 4452 2)
404 4382 506 4436 Ibidem
524 4399 550 4451 p.
567 4383 626 4435 174.
664 4381 750 4448 Quam
769 4380 843 4450 justa
865 4380 960 4436 luisset
978 4379 1089 4437 Galilaei
1111 4381 1215 4453 petitio,
1238 4383 1331 4451 postea
1352 4379 1409 4450 ipse
1431 4379 1472 4435 Iu-

251 4469 362 4540 quisitor
379 4471 546 4526 Florentinus
565 4471 696 4525 concessit
719 4469 784 4539 Opp.
805 4470 832 4524 di
850 4469 906 4525 Gal.
925 4470 954 4525 X
973 4471 1026 4526 280
1041 4487 1062 4526 s.

359 4560 386 4628 3)
406 4557 513 4626 Gabler,
532 4561 617 4612 Acten
641 4576 666 4628 p.
683 4558 741 4612 184.
