3188 5086
253 257 288 310 94
739 259 842 309 Pennus
864 257 986 311 Pniceis!

251 471 376 530 sentium
395 477 556 544 temporum
577 470 773 542 cognitionem
794 471 931 530 babebat.
978 473 1069 542 Quam
1089 487 1191 545 perum
1204 472 1307 544 judicii
1321 474 1358 532 de
1381 474 1473 532 rebus

251 574 356 634 diuum
387 582 418 634 ct
447 575 579 633 humanis
605 576 636 632 in
663 575 726 648 ipso
757 574 865 650 fucrit,
895 577 968 634 satis
992 591 1108 650 semper
1134 576 1248 648 patebit
1270 579 1333 651 ejus
1355 579 1473 637 litteras

158 702 161 710 ·
250 679 432 754 legentibus,
463 679 501 738 sd
522 694 594 752 quas
616 676 777 738 Guilelmus
799 680 958 752 imperator
978 680 1131 754 praeclare
1155 681 1313 752 respondit.
1357 681 1471 756 Quippe

250 791 310 850 tam
343 784 431 842 stulte
463 788 494 844 et
530 783 655 856 insipide
684 784 811 856 scriptae
844 784 914 842 illae
945 791 1045 858 erant,
1079 790 1112 842 ut
1136 783 1279 858 Manuing
1307 783 1472 844 Cardinalis

250 889 363 960 spurias
385 904 436 946 eas
454 903 520 946 esse
543 887 750 962 contenderet,
780 888 858 961 apud
879 905 931 947 nos
953 889 1059 947 saltem
1080 889 1112 946 iu
1134 887 1338 947 Germanicum
1360 906 1472 949 sermo·

250 1009 317 1050 nem
343 994 419 1050 male
451 1007 551 1051 uersas
573 1007 624 1050 ess
647 1008 712 1050 esse
733 992 816 1050 multi
839 993 1063 1065 suspicarentur.
1107 992 1239 1050 Eandem
1262 993 1412 1052 doctrinae
1433 1010 1471 1052 ae

245 1095 348 1168 judicii
375 1097 503 1170 inopiam
534 1096 735 1168 frequentibus
752 1080 949 1154 'sermonibus
985 1096 1108 1154 ridicule
1135 1097 1241 1169 ineptis
1264 1095 1470 1170 manifestavit,

247 1201 421 1273 praesertim
441 1201 495 1275 iis,
524 1201 629 1273 quibus
651 1200 850 1276 evangelicum
871 1201 1076 1274 imperatorem
1107 1217 1172 1258 cnm
1195 1201 1343 1260 veteribus
1364 1202 1472 1261 barba-

249 1321 347 1362 rorum
376 1307 508 1378 tyrannis
535 1305 719 1379 comparavit.
771 1305 944 1379 Nesciebat,
970 1305 1052 1363 illurn
1082 1321 1258 1362 summorum
1286 1307 1470 1380 ingeniorum

250 1409 385 1466 auxiium
412 1410 576 1482 gratissimo
601 1410 698 1468 animo
727 1425 762 1467 ac
790 1409 853 1467 sine
879 1409 939 1468 nlla
965 1409 1076 1467 invidia
1105 1410 1254 1482 accipere,
1284 1410 1336 1468 sed
1362 1410 1406 1468 ita
1436 1417 1471 1468 ut

249 1518 385 1570 scemate
421 1513 614 1586 religioseque
649 1515 769 1586 quaevis
801 1513 922 1570 consilis
953 1514 1133 1572 examinaret
1162 1518 1193 1571 et
1224 1511 1262 1570 ed
1289 1529 1470 1572 communem

250 1616 376 1673 omnium
403 1615 527 1674 salutem
554 1615 696 1690 referret3
722 1633 755 1674 se
784 1617 880 1690 ipsum
909 1633 993 1690 vero,
1020 1617 1065 1674 sui
1087 1617 1204 1674 honoris
1232 1632 1319 1688 quam
1340 1618 1469 1675 omnium

250 1720 351 1778 salutis
381 1719 598 1794 studiosiorem,
627 1721 877 1780 callidissimomm
903 1722 1050 1780 hominum
1074 1736 1256 1795 nequaquam
1283 1724 1397 1780 excelso
1422 1723 1468 1780 in-

248 1825 335 1897 genio
362 1826 575 1898 praestantium
597 1826 819 1884 instrumentum
845 1841 909 1884 esse
932 1827 970 1884 ad
993 1825 1162 1900 erigendam
1184 1827 1380 1901 tyrannidem,
1409 1843 1469 1900 qna

248 1930 291 1986 illi
314 1946 418 1988 revera
443 1929 679 2006 dominabantur,
711 1945 786 2003 quac
816 1947 885 1988 vero
911 1937 942 1989 et
970 1931 1026 2003 ipsi
1057 1937 1116 1988 tam
1146 1931 1219 1990 mire
1248 1929 1402 2006 placebat,
1434 1936 1469 1988 nt

249 2033 386 2092 muudum
407 2035 613 2108 pernequam
635 2051 751 2094 suorum
765 2036 911 2108 jussorum
933 2034 1089 2108 quidquam
1102 2033 1256 2093 reformari
1274 2035 1382 2094 mallet
1418 2036 1467 2094 Sic

248 2138 352 2196 multos
374 2143 474 2198 coetus
498 2139 577 2198 cultu
599 2139 696 2198 divino
719 2139 850 2213 orbavit,
874 2140 943 2212 quia
963 2139 1125 2197 Borussicis
1147 2139 1366 2212 magistratibus
1388 2139 1466 2197 idem

247 2243 324 2315 qnod
353 2244 420 2301 aliis
451 2244 571 2302 concedi
591 2245 699 2318 noluit,
728 2249 761 2301 ut
791 2245 927 2302 nimirum
954 2244 1082 2316 episcopi
1109 2242 1277 2316 designatos
1299 2243 1465 2302 sacerdotes

246 2347 305 2404 illis
333 2347 504 2408 indicarent.
554 2347 642 2405 Tales
669 2363 734 2421 res,
765 2347 796 2404 id
824 2347 901 2420 quod
921 2347 1098 2406 Benedictus
1119 2345 1196 2406 XIV.
1221 2347 1258 2405 de
1287 2348 1466 2406 Jesuitarum

247 2450 425 2510 facinoribus
453 2452 626 2524 quibusdam
658 2452 787 2526 dixerat,
820 2469 891 2527 ,non
917 2453 981 2510 sine
1004 2452 1118 2524 ingenti
1140 2453 1301 2510 animarum
1326 2453 1412 2510 ruins
1434 2457 1467 2510 et

246 2555 418 2628 populorum
450 2555 642 2614 admiratione
675 2555 755 2614 lacta
788 2556 874 2616 sunt‘
925 2556 1069 2630 Apparuit
1096 2571 1183 2629 quam
1221 2571 1290 2616 vere
1320 2555 1465 2629 quondam

246 2656 380 2718 Hefelius
402 2660 529 2718 nondum
546 2660 599 2718 sub
616 2662 719 2735 jugum
731 2662 834 2720 missus
855 2661 1061 2734 praedixisset,
1083 2660 1159 2718 hunc
1181 2677 1286 2734 papam
1301 2661 1465 2718 universam
1494 2737 1504 2750 .

247 2763 401 2820 ecclesiam
432 2769 610 2823 vastaturum
640 2781 713 2823 esse.
764 2763 899 2828 Ceterum
936 2766 1039 2824 eadem
1077 2765 1173 2822 intimi
1201 2766 1291 2822 animi
1319 2766 1465 2824 sententis

247 2867 325 2926 baud
354 2863 422 2926 r‘sro
448 2867 526 2940 apud
549 2885 599 2927 eos
622 2885 736 2942 quoque
758 2869 892 2943 vigebat,
916 2872 966 2942 qui
989 2871 1085 2945 ,pacis
1109 2875 1140 2927 et
1161 2870 1379 2927 ecclesiasticae
1401 2871 1465 2926 uni-

246 2971 316 3028 tatis
349 2971 454 3030 causs‘
489 2989 562 3030 novo
594 2973 721 3046 dogmati
751 2989 783 3030 se
819 2973 1014 3046 subjecerant.
1066 2973 1176 3032 Horum
1207 2989 1294 3046 unus,
1327 2973 1464 3032 sacerdos

245 3093 351 3151 senex,
381 3095 468 3150 quum
499 3087 565 3151 post
590 3079 695 3136 murltos
722 3077 795 3136 alios
824 3083 855 3136 et
882 3079 945 3151 ipse
983 3079 1142 3152 piissimam
1172 3077 1308 3136 feminam
1335 3077 1465 3136 letaliter

246 3187 463 3257 aegrotantem,
489 3183 636 3241 rimaliam
663 3183 700 3241 de
722 3182 850 3241 Lasenlx
881 3183 918 3240 sd
941 3183 1065 3242 eandem
1085 3199 1189 3256 pacem
1210 3181 1375 3240 faciendam
1397 3197 1465 3240 cou-

245 3291 362 3344 vertere
384 3287 530 3360 studeret,
556 3288 846 3362 interrogantem,
874 3304 943 3345 num
965 3303 1088 3361 magnae
1111 3293 1143 3345 et
1163 3286 1376 3359 pulcherrimae
1397 3286 1464 3344 usui

245 3389 388 3464 insidens,
419 3392 444 3448 si
473 3392 554 3450 iliam
583 3392 717 3450 flammae
748 3393 969 3466 corripuissent,
999 3392 1137 3450 deserens
1167 3407 1233 3449 eam
1264 3406 1329 3448 cum
1356 3391 1464 3450 misera

246 3492 346 3551 tabula
366 3495 398 3550 in
419 3509 500 3552 mare
522 3510 555 3552 se
578 3498 747 3568 conjectura
769 3503 855 3554 esset.
885 3497 958 3554 'l'um
979 3496 1031 3554 ills
1053 3495 1213 3570 subridens,
1236 3495 1262 3552 si
1283 3495 1464 3567 pereundum

245 3597 292 3671 sit,
314 3613 346 3655 se
368 3611 552 3671 equaquam
574 3600 634 3673 igni
656 3600 729 3656 mori
743 3601 830 3658 malle
849 3601 916 3660 ait.¹
950 3601 1017 3660 Non
1038 3598 1168 3674 fugiebat
1188 3615 1253 3658 eam
1267 3599 1298 3656 in
1313 3599 1463 3672 singulari,

245 3717 329 3774 quam
352 3702 437 3760 homo
459 3707 589 3760 ceterum
606 3720 666 3762 non
687 3703 835 3776 improbus
849 3711 1061 3780 assumpserat,
1084 3704 1272 3763 similitudine
1289 3704 1381 3774 inuita
1400 3703 1463 3762 veri

245 3805 396 3865 confessio.
439 3806 598 3880 Flegrabat
627 3809 761 3866 nimbum
784 3807 865 3868 Petri
888 3811 1034 3884 navigium
1057 3811 1117 3884 vel,
1145 3809 1170 3866 si
1201 3807 1308 3868 biblica
1329 3807 1462 3866 similitu-

244 3910 313 3969 dine
344 3911 388 3970 uti
421 3913 526 3986 mavis,
556 3913 625 3971 urbs
654 3911 803 3972 Sionitica.
854 3913 956 3986 Magni
982 3914 1051 3972 belli
1079 3913 1257 3986 incendium,
1287 3912 1462 3986 impulsante

244 4017 325 4074 curis
347 4016 384 4075 ab
406 4019 469 4090 ipso
492 4016 632 4076 Pontifice
655 4018 825 4093 excitatum,
854 4019 886 4076 in
908 4018 971 4077 dies
992 4019 1171 4092 augebatur,
1199 4020 1361 4090 quicunque
1383 4017 1462 4074 inter

245 4118 418 4196 Germanos,
445 4137 538 4196 aeque
560 4127 649 4194 atque
671 4121 812 4180 Catholici
835 4123 946 4181 civitati
969 4121 1071 4181 fideles
1094 4129 1126 4181 et
1146 4123 1210 4195 ipse
1233 4122 1383 4194 episcopus
1406 4120 1462 4177 Ps-

244 4223 457 4301 derbornensis,
477 4228 544 4299 psci
566 4227 613 4284 vel
627 4227 775 4300 paululum
791 4228 949 4285 consulturi
973 4233 1066 4302 erant,
1089 4228 1189 4285 stetim
1209 4225 1462 4298 increpitabantur

243 4333 274 4386 et
296 4327 526 4392 confutabuntur.
572 4333 655 4392 Haec
687 4333 784 4390 omnis
812 4348 899 4404 quum
921 4332 1151 4406 consideramus,
1178 4333 1209 4390 in
1231 4336 1359 4389 mentem
1380 4329 1462 4386 venit

332 4551 357 4624 1)
376 4551 573 4619 Eriunerungen
590 4569 622 4602 au
640 4553 741 4604 Amaia
760 4569 811 4603 von
828 4552 940 4604 Lassulx
961 4571 986 4620 p.
1001 4559 1051 4604 ³53
1066 4571 1087 4606 s.
