3134 5054
617 305 710 354 Garun·
730 303 787 355 XV.
1257 303 1310 357 325

108 517 212 575 sinim
242 522 354 576 munta
384 514 521 576 libertate
548 515 713 590 duplicatur
738 517 874 589 servitus,
909 516 952 574 ita
982 521 1014 574 nt
1036 533 1074 576 ne
1101 532 1172 576 vera
1194 516 1310 590 quidam

107 621 187 680 liceat
206 621 289 680 tueri.
345 620 517 679 Porrectum
546 625 592 677 est
621 620 711 678 telum
733 619 965 679 sceleratissimis
988 619 1170 693 quibusdam,
1201 637 1258 693 qua
1278 638 1310 680 se

108 724 270 782 ulciscantur
291 723 431 783 adversus
452 723 592 796 optimum
614 721 774 796 quemque‘
819 722 944 796 ,Videor
966 723 1037 781 mibi
1059 723 1159 782 videre
1182 724 1312 782 seculum

108 833 246 886 cruentum
267 833 299 887 et
321 828 551 902 sanguinarium,
573 827 599 886 si
621 842 689 899 pars
710 827 826 886 irritata
847 827 1013 900 respirarit,
1035 827 1111 901 qnod
1132 828 1219 901 plane
1235 845 1312 887 nunc

108 930 186 989 lacit‘
227 931 272 990 lle
294 932 468 1005 quibusnam
489 931 655 990 bominibus
678 931 801 1004 cogitet,
823 947 910 990 nemo
926 931 1079 991 dubitabit
1123 930 1220 992 ‚iidem
1235 937 1312 1006 sont,

107 1051 167 1108 quos
197 1041 227 1094 ut
256 1036 478 1110 pharisaismnm
511 1041 542 1094 at
572 1035 755 1094 mendacium
789 1050 855 1093 cum
895 1034 1068 1094 crudelitate
1101 1037 1312 1110 conjungentes

106 1137 260 1212 adumbrat,
290 1141 328 1199 de
351 1141 454 1213 quibus
473 1139 642 1213 jamdudum
665 1139 816 1198 Friderico
844 1137 973 1198 Electori
1001 1140 1173 1213 scripserat:
1208 1139 1313 1212 ,Dicas

106 1259 148 1302 ecs
173 1245 254 1302 sitire
284 1245 455 1318 sauguinem
485 1243 656 1316 humanum,
690 1259 748 1301 non
774 1244 899 1302 salutem
932 1243 1112 1302 animarum‘
1172 1241 1311 1317 Cruenta,

104 1363 168 1418 quac
187 1347 308 1420 postbac
331 1347 453 1406 novanti
473 1353 504 1406 et
526 1346 647 1406 Parisiis
668 1351 925 1420 perpetraverant,
948 1345 1078 1405 facinora
1094 1347 1157 1420 ipse
1173 1347 1313 1406 Erasmus

102 1449 130 1507 in
148 1452 274 1524 epistolis
297 1452 358 1510 suis
379 1452 501 1510 horrens
523 1451 672 1510 retulerat
732 1449 811 1508 Dicit
840 1451 920 1508 inter
946 1449 1152 1509 Dominioanos
1182 1455 1213 1508 ct
1242 1449 1313 1508 Can

102 1555 208 1613 melitae
230 1571 262 1614 se
285 1572 369 1615 nosse
392 1555 497 1628 probos
519 1555 609 1626 viros,
632 1555 686 1614 sed
708 1555 796 1613 etiam
819 1553 956 1626 quosdam
977 1555 1065 1628 tales,
1088 1561 1120 1612 ut
1139 1554 1222 1612 malit
1239 1553 1313 1612 Tur·

102 1673 150 1716 cae
181 1675 285 1732 parere
319 1675 406 1732 qnam
440 1659 542 1718 borum
577 1658 655 1716 terre
687 1657 879 1731 tyrannidem.
942 1658 1011 1716 Mox
1039 1658 1179 1716 oriturum
1209 1674 1313 1716 novum

100 1761 224 1820 ordinem
253 1763 299 1822 his
329 1764 419 1822 multo
448 1762 686 1836 perniciosiorem
715 1777 774 1820 non
806 1761 951 1820 divinavit.
1011 1760 1084 1831 Quid
1113 1777 1183 1820 vero
1214 1761 1313 1820 Ponti·

99 1861 178 1938 tices,
210 1883 281 1939 qnos
315 1868 433 1940 saepius
466 1865 616 1925 christiani
646 1863 732 1924 cilicii
763 1867 807 1924 soi
834 1871 1000 1937 monuerat,
1029 1871 1090 1924 tam
1110 1865 1253 1924 clericalis
1282 1871 1313 1923 et

99 1970 270 2030 monachalis
305 1971 451 2028 exercitus
485 1967 663 2028 multitudini
694 1984 780 2042 quam
810 1968 975 2041 Principum
1004 1967 1184 2041 quorundam
1220 1965 1312 2027 favori

99 2071 208 2142 confisi,
239 2075 354 2148 assequi
383 2073 549 2146 studerent,
579 2073 671 2146 magis
698 2073 846 2146 magisque
870 2073 966 2130 animo
989 2072 1186 2146 perlustravit
1232 2071 1312 2130 Nun·

99 2193 181 2250 quam
213 2177 291 2234 enim
320 2175 492 2250 defuerunt,
526 2177 574 2250 qui
604 2177 641 2235 de
672 2175 777 2234 Curiae
808 2175 936 2235 consiliis
959 2175 1115 2234 certiorem
1144 2192 1211 2235 eum
1235 2173 1313 2234 face-

98 2289 171 2340 rent
214 2281 296 2354 ano
319 2299 406 2354 quum
429 2283 474 2340 sui
496 2281 611 2354 imperii
634 2295 724 2340 causa
745 2287 849 2352 gentes
879 2281 957 2339 inter
978 2297 1009 2340 se
1033 2277 1107 2339 odiis
1130 2279 1312 2339 committere

98 2401 240 2458 nunquam
263 2385 424 2460 dubitaret,
454 2401 566 2444 summa
595 2384 663 2443 inde
688 2385 820 2458 pericula
842 2384 971 2456 inprimis
994 2381 1167 2442 Germaniae
1195 2391 1311 2442 noemae

98 2490 247 2548 imminere
269 2489 421 2563 praevidit
473 2488 521 2548 Sic
541 2494 607 2562 post
627 2489 798 2562 Augustana
821 2488 939 2546 comitia
961 2485 1120 2546 Clementis
1135 2487 1198 2546 Vll.
1220 2487 1313 2547 incle-

97 2595 234 2652 mentiam
255 2593 423 2667 deplorans,
457 2594 506 2666 qui
529 2593 583 2652 hoc
606 2593 753 2650 inanimo
777 2590 898 2664 habeat,
932 2597 964 2650 ut
981 2591 1096 2650 auxiliis
1119 2591 1175 2650 illis
1198 2591 1313 2650 adiutos

97 2697 173 2756 orbis
195 2698 361 2756 incendium
383 2699 503 2770 obruat,
535 2697 647 2770 ,Quid‘,
677 2696 784 2768 inquit,
818 2695 912 2768 ,aliud
934 2697 1010 2754 istuc
1030 2701 1088 2769 est,
1113 2712 1199 2770 quam
1223 2697 1316 2770 magis

97 2803 185 2860 ctiam
214 2803 330 2860 irritare
361 2802 476 2860 Deum
503 2802 584 2875 quasi
609 2801 733 2859 mundus
762 2801 852 2873 possit
882 2799 1017 2858 mundum
1044 2801 1170 2859 vincere.
1228 2799 1314 2860 Solus

98 2903 229 2964 Christus
250 2922 319 2964 vere
342 2905 426 2964 dixit:
450 2905 513 2978 Ego
536 2905 590 2964 vici
611 2904 756 2963 mnndum.
800 2904 831 2963 Si
854 2902 968 2976 profani
992 2903 1166 2964 monarchae
1190 2901 1313 2976 diligunt

97 3025 166 3082 opes
188 3017 221 3068 et
246 3009 384 3084 glcnim,
416 3014 561 3094 utcunque
592 3008 744 3069 terendum
775 3013 833 3082 est,
866 3007 918 3066 sed
945 3009 970 3066 si
998 3008 1047 3080 qui
1075 3007 1183 3080 primas
1212 3013 1314 3064 tenent

97 3113 126 3169 in
148 3113 277 3173 ecclesia
300 3114 430 3187 ejusdem
458 3119 525 3171 sunt
553 3113 654 3186 animi,
689 3113 810 3172 obsecro
836 3118 866 3168 to
897 3111 965 3184 quid
987 3111 1048 3184 spei
1076 3115 1121 3168 est
1141 3109 1185 3166 illi
1207 3109 1315 3166 coloni

97 3216 164 3290 bae,
191 3233 278 3290 quam
307 3219 392 3276 unice
415 3217 533 3276 deamat
555 3233 684 3289 sponsus.
730 3215 853 3288 Quidam
875 3215 1027 3274 classicum
1054 3219 1162 3270 canum
1184 3211 1222 3270 ad
1244 3211 1313 3270 bae·

97 3322 203 3381 reticos
224 3322 313 3380 armis
335 3320 529 3394 dejiciendos,
551 3320 607 3379 buc
630 3326 741 3379 tantum
758 3325 940 3393 spectantes,
967 3325 999 3376 ut
1021 3315 1219 3377 sacerdotibus
1234 3329 1315 3388 opes.

98 3425 185 3483 otium
210 3425 465 3485 etauctoritatem
486 3425 641 3484 vindicent
703 3424 743 3483 At
773 3440 826 3498 ego
858 3438 975 3496 vereor,
1002 3439 1039 3482 ne
1069 3421 1137 3480 dum
1166 3419 1315 3494 Principes

98 3529 146 3587 alii
168 3547 223 3588 nos
245 3531 430 3604 impugnant,
461 3530 511 3588 alii
542 3535 671 3600 tuentur,
703 3529 848 3601 utrimque
879 3528 1035 3600 spoliemur
1065 3541 1101 3585 ac
1129 3525 1238 3586 belluni
1268 3525 1316 3598 pio

99 3633 180 3692 titulo
216 3639 379 3706 susceptum
411 3649 469 3692 non
505 3633 599 3692 minus
633 3634 786 3692 exitiosum
814 3633 851 3689 sit
881 3631 1025 3690 ecclesiae
1054 3645 1141 3704 qnam
1171 3629 1316 3690 innatum

99 3734 280 3798 Germaniae.
333 3737 420 3796 Faxit
442 3735 586 3810 Christus,
617 3743 649 3795 nt
672 3737 728 3795 hcc
748 3752 845 3795 meum
868 3751 971 3794 vonum
995 3735 1032 3792 sit
1054 3735 1224 3808 augurium*
1278 3731 1316 3788 Et

100 3842 187 3900 molto
220 3845 289 3899 ante
316 3841 460 3900 Bilibaldc
492 3857 544 3900 suo
574 3841 688 3914 patriae
718 3839 893 3898 Germaniae
923 3837 1122 3896 amantissimo
1151 3837 1318 3908 scripserat,

101 3959 130 4001 se
152 3945 251 4004 vereri
273 3960 311 4002 ne
334 3943 461 4004 dissidiis
483 3949 603 4017 propter
625 3943 797 4017 religionem
820 3941 891 4000 ortis
913 3955 948 3998 ec
971 3938 1176 4013 perducamur,
1199 3943 1230 3995 ut
1252 3951 1318 4005 ,nos

101 4049 146 4118 qui
175 4049 225 4108 vel
247 4049 335 4107 armis
355 4049 481 4107 solemus
504 4063 569 4106 esea
592 4047 805 4118 formidabiles,
836 4049 1054 4103 contemnamur
1076 4047 1108 4100 ct
1129 4057 1149 4099 a
1168 4047 1318 4112 contemp

102 4151 232 4226 timimis,
251 4159 284 4210 nt
304 4153 353 4225 qni
375 4167 431 4210 nec
453 4157 580 4212 mentem
603 4151 775 4224 habeamus,
798 4165 854 4208 noc
876 4143 995 4208 arma‘¹

192 4254 228 4312 Id
250 4272 364 4329 qnoque
385 4262 466 4314 recte
489 4255 626 4314 Erasmus
648 4253 805 4329 praevidit,
826 4251 889 4312 iore
912 4259 944 4310 nt
961 4247 1211 4326 progredientibus
1229 4248 1319 4306 tantis

102 4357 176 4416 orbis
209 4359 359 4418 christiani
386 4359 551 4433 discordiis,
583 4359 667 4417 simul
695 4358 893 4431 scepticismns
920 4355 957 4416 dc
995 4353 1141 4428 primariis
1170 4351 1319 4424 religionis

195 4605 219 4672 1)
241 4605 311 4668 epp.
330 4603 422 4666 xxx,
443 4609 485 4664 nn
504 4602 585 4666 xix,
606 4607 650 4664 v2;
668 4601 770 4666 xxvi,
792 4605 822 4651 ιε
843 4601 886 4668 (en.
907 4600 962 4668 ss),
983 4599 1071 4657 xxx,
1093 4605 1137 4662 vc,
1156 4601 1187 4650 ei.
1207 4603 1249 4649 na.
