3176 5064
678 320 770 371 emur
789 319 846 371 XV.
1318 319 1369 372 347

244 529 328 590 Talia
350 531 441 590 multa
464 531 591 614 Viceliup
610 537 641 590 et
663 533 790 607 scripsit,
814 539 844 592 et
858 533 923 592 viva
937 547 1007 591 voce
1022 530 1155 606 pretulit,
1178 531 1264 591 immo
1280 533 1369 591 etiam

139 631 184 690 de
219 650 302 694 sacre
331 643 467 710 suggestu
497 637 692 710 proclamauit
738 635 855 696 Etenim
883 637 919 697 ab
947 636 1055 712 ilojero
1078 635 1188 696 comite
1218 637 1248 695 iu
1268 635 1368 696 urbem

137 737 212 809 jam
235 743 325 798 tetam
348 739 411 800 iere
432 741 645 815 evangelicam,
675 741 826 814 Ialebiam,
856 745 973 801 vocatus
1003 747 1080 816 erat,
1110 747 1141 799 ut
1171 741 1233 815 ejus
1259 741 1370 799 incolas

141 841 336 902 sermonibus
359 845 417 904 suia
440 844 477 903 ad
499 843 657 904 &marram
680 845 834 904 ecclesiam
856 845 1018 904 reduceret.
1077 845 1140 916 Qua
1161 845 1191 902 in
1214 861 1248 903 re
1270 861 1369 918 quam-

144 961 241 1018 quam
268 945 376 1006 desua
400 948 566 1022 laborabat,
599 953 697 1007 tamen
726 949 897 1022 Evangelici
925 955 986 1008 tam
1006 948 1147 1008 industrio
1170 964 1240 1008 suae
1263 964 1368 1007 causae

145 1048 298 1110 desertori
336 1058 365 1111 et
399 1053 594 1128 impugnatori
628 1069 713 1127 quam
739 1055 879 1112 acerrime
904 1053 1017 1113 obviam
1046 1052 1170 1112 cundum
1201 1069 1265 1112 esse
1303 1069 1370 1112 cen·

145 1159 283 1214 suerunt
340 1154 455 1215 Primus
476 1157 575 1216 Justus
597 1157 688 1216 Jonas
710 1161 813 1216 contra
836 1174 902 1217 eum
924 1158 1053 1232 scripsit,
1082 1157 1186 1230 partim
1208 1157 1370 1230 praeclare,

145 1259 262 1330 partim
288 1276 342 1333 pro
371 1260 485 1334 injustis
515 1261 676 1336 opprobriis
704 1278 762 1321 nou
790 1263 885 1320 minus
916 1263 1025 1337 iniusta
1052 1277 1198 1335 regerens.
1259 1260 1318 1320 Sed
1339 1260 1370 1320 id

148 1379 213 1420 nou
237 1361 372 1422 sufficere
402 1365 499 1424 multis
525 1365 684 1426 videbatur.
737 1365 885 1441 Optabant
914 1373 946 1424 ut
974 1373 1034 1425 tam
1062 1371 1229 1439 protervum
1256 1366 1369 1425 hostem

149 1465 219 1540 ipae
242 1466 389 1527 Lutbcrus
411 1469 587 1544 profligaret.
633 1470 706 1528 Turn
729 1471 817 1544 igitur
837 1469 1013 1530 Amadorfius
1032 1471 1080 1544 iis,
1104 1485 1175 1543 quas
1190 1484 1279 1543 supra
1294 1473 1370 1527 ntu-

150 1570 241 1630 lims
261 1572 357 1632 verbis
378 1573 556 1647 persuadere
578 1574 707 1635 Luthero
732 1574 854 1650 studuit,
883 1581 916 1634 ut
944 1581 1108 1648 contempto
1136 1574 1246 1634 Vicelio
1269 1579 1370 1633 conus

153 1692 298 1734 summum
320 1677 399 1736 illius
421 1679 603 1754 magistrum,
629 1695 665 1738 ex
688 1696 744 1752 quo
766 1680 863 1740 omnia
884 1697 937 1738 sna
967 1677 1080 1738 iuratus
1103 1683 1199 1754 esset,
1229 1679 1369 1737 calamum

154 1781 321 1852 stringeret.
364 1781 628 1856 Obtemperaudum
651 1784 680 1842 ei
704 1800 767 1843 esse
783 1783 927 1842 Lutherus
944 1785 1069 1858 censuit,
1092 1783 1265 1858 praesertim
1282 1799 1368 1855 quum

154 1883 214 1942 illis
236 1885 320 1943 aunis
341 1886 372 1944 id
392 1883 456 1944 fleri
478 1887 606 1961 videret,
629 1887 705 1960 quod
725 1887 815 1948 fatale
838 1887 926 1946 luisse
950 1887 1136 1962 evangelicae
1154 1885 1369 1946 reformationis

156 1989 239 2059 operi
263 1991 496 2065 memoravimus,
521 1997 554 2050 ut
575 1992 673 2065 plures
693 1993 748 2050 viri
772 2009 791 2051 a
812 1991 1022 2051 recentioribus
1043 1993 1234 2050 humanarum
1255 1991 1368 2048 littora·

154 2109 221 2150 rum
249 2093 352 2153 studiis
379 2095 496 2153 minime
521 2096 611 2154 alieni
641 2097 721 2156 etin
743 2095 892 2170 republica
918 2097 1062 2156 litteraria
1092 2097 1234 2170 insignes,
1269 2103 1370 2157 coum

154 2195 304 2270 inceptum
326 2198 398 2257 illud
420 2205 609 2273 exsurgerent
632 2207 663 2260 et
679 2199 826 2260 Romanae
850 2201 1006 2274 ecclesiae,
1029 2200 1144 2260 mmetsi
1165 2201 1257 2259 multa
1278 2202 1310 2260 in
1332 2217 1369 2261 ea

155 2299 281 2375 rejicere
304 2302 480 2377 pergebant,
513 2305 742 2378 inexspectatum
765 2303 904 2364 auxilium
925 2302 1044 2364 serrem.
1089 2303 1250 2378 Lutberns,
1281 2322 1368 2379 quum

155 2404 248 2478 ipsius
271 2405 378 2466 Christi
408 2423 524 2466 causam
556 2425 587 2468 sc
616 2425 705 2482 agere
735 2407 910 2483 confideret,
951 2409 1023 2466 nibil
1052 2409 1117 2468 veri
1147 2406 1369 2484 Christianismi,

156 2509 233 2580 quod
255 2509 349 2583 ipsum
371 2510 495 2571 fortasse
518 2510 650 2587 lugeret,
673 2513 743 2572 licet
764 2529 830 2572 cum
853 2529 952 2573 errore
968 2513 1100 2586 mixtum
1124 2513 1161 2572 ab
1177 2513 1271 2572 altera
1285 2518 1368 2587 parte

156 2627 222 2670 esse
243 2629 327 2686 posse
347 2614 485 2690 putabat,
507 2615 559 2675 sed
573 2617 644 2675 istos
658 2633 758 2676 omnes
773 2623 923 2691 protervos
940 2616 1047 2676 Christi
1061 2616 1160 2677 hostes
1176 2617 1369 2692 existimabat,

157 2717 206 2789 qui
244 2733 364 2790 reguum
401 2718 545 2779 mendacii
585 2719 695 2780 Romae
730 2722 918 2781 constitutum
951 2724 1068 2796 jamque
1101 2721 1191 2780 multe
1222 2721 1370 2780 hominum

156 2821 350 2880 innocentium
373 2823 514 2898 sanguiue
536 2825 709 2884 maculatum
733 2825 806 2885 falsa
828 2825 991 2886 eruditione
1014 2843 1066 2885 sua
1089 2823 1232 2886 fulcirent.
1274 2825 1370 2897 Quare

157 2922 260 2983 ducem
283 2942 382 2985 eorum
403 2927 555 2987 Erasmum
578 2929 675 3003 palam
696 2931 801 2989 iterum
824 2931 977 3005 objurgare
1000 2928 1125 2989 officium
1148 2945 1229 2988 suum
1252 2928 1341 2986 duxit.

246 3027 326 3100 Quod
363 3047 419 3104 quo
456 3031 552 3090 animo
582 3032 702 3107 iecerit,
741 3049 776 3090 ex
811 3033 855 3094 his
879 3035 941 3107 ejus
974 3033 1070 3092 verbis
1107 3031 1145 3090 ad
1177 3029 1369 3089 Amadorfium

157 3132 272 3207 scriptis
295 3139 432 3208 apparet:
457 3135 565 3210 ,Unum
588 3141 634 3194 est
655 3136 818 3210 consilium,
842 3137 918 3211 qnod
939 3142 971 3196 tu
990 3137 1099 3210 primus
1121 3134 1304 3209 suggessisti,
1328 3140 1369 3208 ut,

158 3239 329 3311 contemptis
363 3238 493 3313 Viceliis,
527 3239 637 3313 Cretis,
671 3239 810 3314 Haueris,
842 3239 988 3315 Oocbleis‚
1021 3241 1052 3298 in
1083 3238 1235 3298 Erasmum
1269 3253 1369 3296 eorum

158 3347 244 3415 caput
278 3347 309 3401 et
341 3349 489 3402 auctorem
521 3359 603 3403 arma
632 3349 785 3404 vertamus.
843 3344 919 3404 Nam
945 3345 1016 3404 istos
1043 3343 1125 3404 nobis
1155 3344 1217 3417 ipse
1251 3341 1367 3416 peperit

158 3445 315 3518 scriptores
340 3462 393 3505 sua
421 3445 575 3520 flexiloqua
606 3453 637 3507 et
658 3448 739 3508 inani
761 3449 943 3523 loquacitate.
1004 3447 1075 3508 Ideo
1099 3448 1129 3506 in
1149 3447 1241 3520 ipsum
1264 3462 1369 3521 urgen-

158 3546 212 3606 dus
235 3553 280 3608 est
302 3549 433 3624 impetus.
489 3551 564 3610 Nam
583 3552 687 3611 melius
709 3557 755 3612 est
777 3568 863 3612 ruere
886 3553 998 3612 litteras
1021 3569 1106 3627 quam
1128 3551 1315 3626 religionem,
1344 3549 1369 3609 si

157 3651 275 3712 litterae
297 3653 390 3712 nobnt
412 3655 522 3714 servire
545 3655 598 3714 sed
616 3656 788 3716 conculcare
809 3656 962 3717 Christum.
1013 3655 1120 3726 Quodsi
1148 3657 1204 3715 hoc
1231 3655 1370 3729 permise-

158 3755 261 3830 rimus,
291 3757 335 3816 rei
364 3758 471 3816 erimus
498 3760 658 3819 conculcati
687 3759 808 3835 Gbristi,
838 3767 869 3820 et
898 3760 1064 3834 suscitabit,
1095 3761 1120 3817 si
1147 3775 1200 3818 nos
1230 3759 1369 3831 nolumus,

158 3859 246 3934 alios,
270 3861 320 3933 qui
341 3861 501 3936 audebunt,
522 3863 590 3936 quia
605 3862 735 3922 Christus
754 3864 896 3937 regnabit.
942 3863 1064 3935 Quidam
1077 3862 1175 3921 volunt
1188 3877 1242 3935 per
1256 3861 1370 3933 sapien·

159 3965 228 4021 tlam
251 3965 425 4025 concordare
449 3964 592 4025 Christum
615 3971 646 4024 et
667 3966 776 4040 Belial;
799 3967 838 4025 du
860 3965 930 4024 wird
951 3965 1046 4024 uichte
1069 3961 1160 4024 aus.‘¹

245 4065 292 4126 Sic
311 4067 480 4142 jamdudum
503 4069 540 4128 de
562 4068 685 4130 Erasmo
703 4069 894 4144 iudicaverat
948 4069 1005 4129 Sed
1029 4085 1126 4128 cerum
1148 4083 1272 4140 memor,
1294 4082 1370 4140 quae

158 4169 199 4228 illi
230 4170 371 4248 debebat,
398 4172 545 4247 hucusque
575 4174 671 4234 denuo
701 4189 816 4248 semper
843 4189 874 4232 se
905 4174 968 4248 ipse
991 4172 1151 4246 collegerat
1181 4177 1212 4229 et
1235 4169 1369 4230 cohibue-

157 4279 212 4332 rat.
264 4273 322 4333 Ubi
355 4291 424 4335 vero
460 4276 593 4336 similiter
621 4283 708 4352 atque
736 4277 885 4337 Aleauder
912 4276 1026 4335 Erasini
1056 4281 1164 4335 sectam
1194 4267 1264 4355 (boc
1291 4275 1370 4333 enim

158 4377 247 4437 verbo
269 4372 374 4459 utitur)
405 4379 638 4453 progredientem
665 4379 771 4456 ubique
800 4381 899 4441 ridere
922 4379 977 4440 sibi
999 4379 1130 4454 videtur,
1158 4379 1188 4437 iu
1212 4377 1369 4438 monendo

248 4614 274 4680 i)
293 4613 378 4666 Brieie
395 4613 441 4677 IV,
461 4617 520 4668 did.
