3188 5086
685 335 777 384 Garun
795 334 845 384 111.
1320 333 1370 390 101

1174 426 1370 434 ...-

160 565 226 608 cnm
247 548 387 622 apostolis
410 543 694 606 administrandum.¹
738 547 834 620 Quare
854 549 943 607 eham
962 547 1066 608 Jacobi
1088 550 1226 623 martyrio
1248 548 1378 610 defuncti

160 669 311 712 successor
332 654 439 711 iterum
462 669 497 710 ex
512 652 630 711 Domini
653 653 784 726 cognatis
804 651 963 712 secundnm
987 669 1105 714 minem
1116 653 1235 728 aliquis,
1255 655 1379 729 Symeon

161 758 289 833 cleopae
311 755 401 832 filine,
429 758 601 816 constitutus
624 753 695 816 eet¹
739 757 820 828 Quae
849 759 947 817 omnia
972 757 1127 818 ostendero
1150 760 1299 834 videntur,
1327 761 1379 819 hos

160 863 443 936 Hierosolymitanae
467 862 609 922 ecclesiae
631 861 767 922 ductores
798 863 835 922 ah
858 863 1066 937 antiquissimis
1089 863 1260 924 Christianis
1282 865 1380 938 singu·

160 969 217 1027 lari
243 969 370 1042 pictate,
398 973 431 1025 nt
456 967 580 1040 quodam
607 966 692 1026 modo
715 966 822 1026 Christi
851 968 915 1027 vice
937 967 1107 1044 iungentes,
1134 972 1283 1042 suspectos
1306 983 1380 1026 esse.

160 1073 330 1147 Congmnnt
358 1087 421 1130 cnm
450 1071 495 1130 hia
525 1071 723 1145 aliquatenus,
751 1088 825 1145 qnae
855 1073 886 1130 in
919 1073 1067 1146 Scriptura
1094 1073 1184 1132 Sacra
1214 1077 1378 1132 narrantur.

159 1177 270 1236 Paulus
294 1177 374 1236 inter
402 1192 468 1250 eos,
495 1177 544 1249 qui
571 1177 720 1235 columnae
744 1193 808 1236 csse
831 1177 1004 1236 videbantur
1027 1182 1058 1236 et
1078 1177 1133 1250 ipsi
1156 1176 1272 1236 dextras
1292 1176 1380 1236 dede·

159 1286 248 1353 runt,
277 1280 418 1340 Jacohnm
445 1282 538 1354 primo
564 1283 629 1340 loco
659 1281 758 1355 ponit,
789 1281 916 1340 secundo
939 1279 1083 1355 Gepham,
1115 1281 1205 1340 tertio
1227 1281 1378 1342 Joannem.

160 1384 202 1443 Et
227 1387 257 1443 in
284 1385 407 1443 concilio
434 1385 483 1442 illo
510 1385 667 1457 apostolico
694 1387 803 1458 primus
829 1386 955 1444 Jacohns
983 1384 1013 1443 id
1032 1385 1156 1459 judicat,
1185 1384 1262 1458 qnod
1287 1385 1379 1445 ceteri

159 1484 333 1562 accipiunt.³
376 1489 478 1562 Neque
501 1494 599 1548 tamen
621 1489 668 1548 hic
690 1490 716 1547 is
735 1488 804 1564 init,
826 1490 876 1562 qni
896 1490 928 1548 in
944 1489 1057 1562 scriptis
1071 1488 1379 1566 Pseudoclementinis,

158 1592 342 1652 Judaizantis
381 1593 537 1652 haereseos
575 1595 781 1668 monumentis,
819 1598 946 1668 vocatur,
981 1594 1139 1668 ,ecclesiae
1182 1593 1316 1652 dominns
1350 1598 1381 1654 et

161 1698 314 1772 episcopus
341 1697 560 1771 episcopomm‘
610 1699 704 1757 Tanto
736 1699 800 1771 plne
821 1698 917 1772 abest,
945 1703 978 1757 nt
1000 1698 1106 1758 Petrus
1126 1698 1181 1757 eibi
1203 1699 1257 1758 hos
1278 1699 1379 1758 titulos

160 1801 355 1875 affectaverit,
377 1802 450 1860 licet
471 1818 591 1876 magnus
613 1808 642 1862 et
665 1801 702 1860 ob
723 1801 932 1862 confessionem
956 1803 1143 1877 praedicatus
1166 1802 1321 1862 aDomino
1344 1819 1379 1863 ac

160 1923 214 1979 pro
236 1907 342 1964 vimnte
365 1921 434 1980 ena,
464 1911 497 1964 nt
518 1907 559 1965 uit
580 1905 738 1982 Enesb‘ns,
760 1908 876 1980 saepius
899 1911 1063 1966 ceteromm
1086 1908 1214 1966 omnium
1235 1907 1380 1981 apostolo·

159 2028 225 2070 rum
246 2011 363 2070 nomine
386 2006 527 2070 locutus*

248 2115 360 2174 Dirntis
392 2115 600 2189 Hierosolymis
634 2121 665 2174 et
698 2115 836 2189 apostolis
868 2117 928 2175 rita
960 2113 1107 2176 defunctis
1137 2115 1217 2174 nulla
1242 2114 1380 2190 deinceps

159 2219 230 2278 urhe
251 2223 323 2292 crat,
346 2235 421 2292 quae
443 2219 566 2278 similem
593 2220 624 2278 in
647 2224 709 2277 tota
731 2221 856 2279 ecclesia
877 2219 970 2278 locum
993 2224 1156 2293 occuparet
1191 2218 1381 2280 Accedebant

159 2329 261 2382 tamen
283 2321 320 2382 ad
340 2323 429 2382 talem
450 2323 591 2384 honorem
610 2329 697 2397 atque
721 2325 926 2384 anctoritatem
947 2325 979 2382 in
993 2323 1114 2397 singulis
1134 2324 1291 2398 provinciis
1312 2340 1380 2398 apo·

159 2429 281 2488 stolicae
314 2443 389 2501 quae
418 2429 595 2488 vocabantur
629 2428 722 2488 sedes.
775 2429 858 2488 Inter
883 2445 954 2502 quas
981 2429 1012 2487 in
1044 2429 1181 2488 universa
1206 2428 1379 2488 occidentali

160 2531 239 2592 orbis
266 2537 352 2606 purte
378 2549 437 2591 una
461 2532 609 2591 eminebat
630 2532 762 2592 Romana
791 2533 923 2592 ecclesia.
973 2533 1056 2592 Haec
1083 2533 1173 2608 igitur
1202 2533 1263 2592 illic
1286 2532 1379 2594 eccle·

160 2638 297 2696 naticae
321 2637 455 2712 unitatis,
477 2638 565 2696 sicuti
587 2653 637 2696 cor
659 2638 791 2697 animalis
809 2639 903 2712 vitae,
924 2639 1008 2712 quasi
1029 2641 1161 2696 centrum
1184 2643 1272 2712 atque
1294 2654 1380 2712 prae·

161 2741 278 2815 cipnum
308 2741 482 2800 domicilium
508 2741 602 2800 libero
628 2743 753 2816 primum
783 2757 924 2802 consensu
944 2740 1115 2816 habebatur,
1146 2739 1251 2801 deinde
1275 2741 1380 2815 gnber-

160 2845 251 2904 nandi
279 2845 389 2904 artibus
418 2851 507 2919 atque
533 2845 647 2905 auxiliis
677 2846 916 2906 constituebatur.
966 2845 1040 2904 Illnd
1070 2847 1181 2920 primus
1214 2844 1266 2904 enb
1292 2843 1379 2904 finem

160 2950 285 3010 secundi
304 2949 395 3010 seculi
409 2951 551 3009 Irenaena
569 2955 703 3026 testatur,
725 2951 773 3024 qui
795 2949 966 3028 ,sudshanat
990 2951 1044 3025 ait,
1070 2949 1237 3023 ,ecclesiam
1258 2955 1380 3023 propter

158 3055 355 3129 potentiorem
388 3054 633 3128 principalitatem
663 3071 784 3114 necesse
818 3059 864 3114 est
898 3071 1013 3112 omnem
1038 3053 1192 3112 convenire
1223 3053 1379 3110 ecclesiam
1427 3083 1428 3088 κ

160 3159 196 3218 h..
214 3177 240 3220 e.
272 3175 321 3219 eos
351 3158 399 3232 qni
429 3163 497 3218 eunt
523 3158 650 3233 undique
673 3157 794 3218 fidelee.‘
838 3157 923 3216 Hand
945 3158 988 3215 ita
1011 3155 1101 3214 multo
1130 3159 1196 3229 post
1219 3153 1379 3228 Cyprianus

157 3264 220 3337 jam
243 3264 418 3338 conjunctim
439 3263 569 3323 nominat
600 3263 696 3338 ,Petri
718 3260 887 3322 cathedram
902 3265 989 3334 atque
1009 3259 1163 3318 ecclesiam
1177 3258 1378 3334 principalem,

159 3367 238 3428 unde
260 3369 358 3426 unitas
386 3367 574 3427 sacerdotalis
604 3373 705 3428 exorta
733 3365 789 3427 sit‘
839 3365 906 3426 Jsm
936 3366 1014 3425 enim
1041 3364 1169 3439 episcopi
1197 3363 1379 3438 ponebantur
1454 3355 1455 3360 ’

160 3471 345 3532 sacerdotnm
360 3472 477 3532 Veteris
492 3471 672 3532 Testamenti
689 3473 769 3547 loco,
791 3471 954 3546 presbytcri
976 3471 1138 3530 levitarum.
1183 3468 1279 3541 Quare
1293 3485 1378 3543 qnnm

161 3577 199 3637 ad
228 3577 413 3637 monarchiae
439 3575 562 3637 formam
585 3578 691 3650 ubique
719 3577 972 3650 gubernandarum
1003 3575 1193 3635 ecclesiamm
1216 3576 1291 3636 ratio
1313 3591 1378 3634 ver·

160 3687 262 3757 geret,
292 3697 350 3740 non
375 3682 494 3757 mirnrn,
523 3680 601 3756 quod
624 3681 793 3755 principalis
815 3681 892 3740 illins
911 3680 1055 3742 ecclesiae
1075 3680 1204 3754 episcopi
1225 3679 1378 3738 universae

162 3787 306 3848 ecclesiae
333 3784 488 3846 Pontifices
517 3786 659 3845 Marimos
692 3802 725 3845 ee
759 3801 823 3845 esse
855 3791 961 3861 putare
997 3789 1164 3858 coeperant.
1213 3781 1294 3854 Quae
1323 3781 1379 3839 hac

250 4057 276 4125 1)
295 4058 462 4128 Διαδέχεται
485 4056 516 4109 δὲ
538 4055 588 4122 τὴν
611 4055 757 4123 ἐκκλησίαν
779 4053 851 4124 μετὰ
881 4059 936 4107 τῶν
960 4049 1123 4104 ἀποστόλων
1145 4049 1160 4100 d
1185 4041 1306 4116 ἀδελφὸς
1330 4054 1380 4098 rod

161 4149 267 4215 Κυρίου
277 4137 411 4212 Ἰάκωβος.
447 4145 540 4195 Enssb.
557 4144 609 4197 1.ο.
628 4143 664 4208 11,
676 4149 708 4195 23
727 4143 792 4210 (ic).
828 4141 865 4192 ct.
878 4139 992 4201 Ritsohl,
1012 4137 1053 4188 die
1072 4133 1270 4188 altkatholische
1282 4134 1379 4187 Kirche

160 4251 186 4299 p.
205 4239 265 4288 416.
301 4231 449 4296 Friedrich,
467 4231 512 4282 dar
528 4231 629 4282 Primat
646 4231 674 4280 in
692 4231 737 4281 der
754 4229 852 4282 Kirche
875 4245 900 4294 p.
916 4231 957 4281 20.

251 4337 278 4404 2)
296 4336 464 4403 Hegesippus
482 4333 551 4400 apnd
568 4334 662 4385 Euseb.
680 4333 698 4386 l
716 4349 738 4387 c.
757 4333 802 4395 lv,
823 4337 864 4382 iil.

248 4441 276 4506 8)
294 4439 351 4495 Gal.
371 4445 401 4503 l,
421 4445 444 4490 9.
480 4439 545 4491 Acta
562 4453 605 4505 ap.
625 4441 673 4502 td,
693 4441 725 4489 19
745 4434 811 4506 (ἐγὼ
828 4433 931 4504 κρίνω).
967 4431 1005 4487 Gi.
1024 4428 1162 4482 Friedrich
1179 4427 1199 4481 l.
1216 4443 1238 4482 o.
1256 4443 1282 4493 p.
1296 4430 1327 4478 at
1344 4441 1378 4477 aa.

247 4545 276 4612 l)
294 4544 389 4596 Enoch.
406 4541 511 4611 1.o.11,
525 4547 570 4594 lt:
593 4537 643 4596 adv
661 4539 758 4610 ἀρετῆς
776 4537 855 4593 ἕνεκα
872 4543 928 4591 τῶν
945 4537 1052 4588 λοιπῶν
1069 4531 1202 4587 ἁπάντων
1220 4528 1378 4602 προήγορον

159 4631 276 4702 Πέτρον.
