3144 5092
645 297 732 349 Crrur
751 296 783 349 V.
1292 297 1328 354 89
1349 254 1367 294 '¹

74 496 272 573 conspicua,
305 501 335 556 et
367 497 444 556 vitae
476 496 544 558 usui
577 499 678 557 statim
708 517 746 558 ex
777 503 861 576 parte
887 498 1092 574 inservientia,
1125 518 1185 560 non
1211 504 1328 560 tanturn

76 604 231 664 cruditos
254 604 396 682 physicos
419 605 456 664 ad
478 605 687 682 ingrediendus
710 624 801 666 novas
823 607 902 682 vias,
929 607 1001 668 licet
1022 607 1145 682 invitos,
1168 611 1329 684 coegerunt

78 709 182 790 (nam
216 711 285 771 inde
317 712 506 789 potissimum
538 713 636 772 sanior
666 713 862 774 recentiorum
894 715 1051 774 methodus
1078 718 1142 774 orta
1169 713 1243 793 est),
1277 715 1328 775 sed

79 819 187 878 ctiam
215 819 357 878 laicorum
384 819 550 880 intellectui
577 820 770 880 innotuerunt
792 825 822 880 ct
843 821 1008 882 illuxerunt
1031 839 1141 899 eosque
1163 827 1198 882 ut
1219 822 1262 881 ita
1284 823 1328 882 di·

81 945 159 984 cam
188 926 415 986 fascinaverrrnt.
462 925 667 1004 Telescopium
691 927 854 1004 Galilaeae,
879 929 905 988 01
927 946 988 988 101
1010 929 1125 1006 primus
1148 929 1275 1005 invenit,
1298 934 1329 989 at

83 1034 197 1092 denuo
230 1034 384 1093 inventum
412 1053 501 1112 quam
529 1034 623 1094 multo
650 1035 812 1112 perfectius
838 1036 979 1111 reddidit,
1006 1021 1076 1095 ¹tum
1102 1037 1140 1095 ad
1167 1037 1329 1114 detegenda

84 1141 172 1200 coeli
201 1142 344 1217 mysteria
371 1142 486 1218 primus
513 1142 687 1219 applicavit,
715 1143 805 1220 idque
832 1161 900 1202 cum
928 1161 1068 1204 successu
1091 1149 1152 1204 tam
1174 1145 1328 1222 repentino

87 1267 190 1326 quarn
221 1248 343 1325 ingenti.
396 1247 512 1326 Quippe
538 1249 671 1309 inaudita
698 1255 761 1310 erat
788 1251 1004 1330 permultisque
1031 1251 1216 1311 incredibilia
1242 1252 1328 1319 initio
1423 1323 1426 1330 ,

88 1355 288 1431 videbantur,
316 1374 392 1433 quae
419 1356 513 1416 oculis
541 1362 620 1417 certo
647 1358 855 1435 conspicienda
877 1359 1025 1435 praebuit:
1054 1358 1157 1419 Jovem
1179 1359 1328 1436 planetam

89 1469 227 1541 quatuor
249 1463 427 1524 satellitibus
450 1464 676 1540 circumdatum,
699 1465 778 1524 viam
800 1465 925 1525 lacteam
947 1465 1112 1556 innumeris
1136 1467 1232 1526 stellis
1250 1486 1328 1527 com-

90 1571 239 1647 positam,
263 1575 358 1631 totum
381 1571 508 1630 aliorum
530 1572 679 1632 minorum
702 1572 833 1632 siderum
851 1574 1015 1633 exercitum
1033 1577 1120 1634 antea
1138 1575 1327 1650 invisibilem,

91 1679 188 1738 lunae
222 1679 410 1756 superficiem
441 1679 511 1739 altis
542 1681 692 1740 montibus
723 1680 880 1740 horridam.
926 1681 1081 1741 Praeterea
1106 1681 1140 1740 in
1166 1682 1232 1758 ipso
1260 1681 1329 1742 Sole

93 1786 231 1846 maculas
254 1787 421 1846 observavit
443 1791 473 1846 et
495 1787 654 1863 diligenter
676 1788 864 1848 examinavit.
906 1787 1013 1848 Postea
1036 1789 1201 1868 excogitato
1223 1789 1328 1849 micro·

98 1895 203 1971 scopia
232 1899 342 1972 quanta
368 1895 510 1955 miracula
537 1895 569 1954 11
596 1895 863 1954 minutissimarum
890 1899 1090 1956 creaturarum
1117 1901 1264 1957 structura
1286 1897 1328 1956 la·

96 2005 199 2061 terent
221 2001 441 2061 demonstravit
481 2001 565 2061 Inter
587 2005 631 2061 tot
653 2002 711 2061 alia
733 2002 908 2078 gravissima
930 2002 995 2079 ejus
1017 2004 1138 2063 inventa
1161 2004 1328 2080 significare

97 2109 149 2168 hic
173 2109 298 2183 sufficit,
322 2108 506 2184 excogitasse
528 2126 597 2168 eum
616 2113 755 2168 stateram
773 2109 1003 2184 hydrostaticam
1022 2114 1052 2170 et
1069 2111 1327 2188 thcrmoscopium,

99 2215 239 2275 docuisse
261 2214 397 2292 penduli,
426 2215 504 2292 quod
527 2215 642 2291 dicunt,
670 2216 707 2275 ad
729 2221 849 2294 tempus
871 2217 1054 2277 metiendum
1077 2217 1248 2294 utilitatem,
1277 2237 1328 2278 ex·

100 2323 238 2400 posuisse
260 2322 343 2398 leges
366 2340 439 2400 quas
463 2323 609 2398 cadentia,
632 2323 741 2400 partim
764 2323 852 2384 etiarn
876 2342 950 2402 ques
971 2324 1103 2384 11101110
1120 2325 1153 2384 11
1170 2343 1247 2403 aqua
1265 2344 1327 2386 eor-

100 2448 172 2507 pora
204 2435 376 2507 sequuntur.
432 2427 546 2503 Quibus
578 2431 715 2490 omnibus
746 2431 902 2508 perpensis
933 2451 995 2492 non
1027 2432 1211 2509 mirabimur,
1249 2433 1328 2512 quod

103 2537 227 2598 Galilaei
254 2537 342 2596 1111101
365 2541 395 2597 01
416 2537 620 2614 admiratores,
649 2557 741 2616 quum
764 2539 879 2599 duobus
902 2539 1022 2599 demum
1045 2545 1075 2600 et
1097 2540 1219 2616 triginta
1241 2540 1327 2601 annis

103 2649 169 2722 post
201 2663 290 2722 quam
321 2649 456 2704 merulus
488 2649 551 2704 erat
582 2645 753 2723 sepulcrum
784 2647 850 2723 eJ'ue
876 2647 1070 2724 inscriptione
1096 2665 1199 2707 ornare
1225 2647 1328 2708 liceret

105 2753 138 2829 (a.
162 2751 398 2832 MDCLXXIV),
431 2751 479 2812 his
506 2753 604 2812 verbis
631 2753 680 2812 usi
708 2757 791 2814 sunt:
825 2753 970 2829 ,Galilaea
998 2753 1123 2815 Galilaei
1150 2755 1327 2830 Florentino,
1450 2805 1453 2812 ,

105 2859 276 2936 philosopho
309 2863 339 2918 et
369 2863 534 2934 geometrae
566 2878 634 2920 vere
665 2860 808 2936 Lince0,¹
839 2866 961 2922 naturae
990 2859 1114 2939 Oedipo,
1147 2863 1328 2922 mirabilium

106 2984 218 3044 semper
254 2967 442 3025 inventorum
478 2966 684 3042 machinaturi,
726 2969 778 3045 qui
815 2969 987 3028 inconcessa
1022 2969 1119 3029 adhuc
1154 2969 1327 3030 mortalibus

106 3073 196 3150 gloria
217 3073 364 3134 coelorum
388 3072 555 3149 provincias
578 3073 663 3132 auxit
684 3077 715 3134 et
736 3073 875 3134 universo
898 3075 980 3134 dedit
1001 3075 1234 3135 1101011011111ι

207 3179 308 3257 Magni
334 3179 380 3238 illi
403 3179 553 3238 duumviri
575 3197 614 3239 ex
636 3179 801 3258 antiquiore
823 3181 957 3258 ejusdem
979 3181 1159 3258 reipublicae
1181 3186 1275 3242 aetate
1298 3188 1328 3243 et

108 3307 218 3348 omnem
241 3289 413 3362 humanam,
437 3305 496 3364 qua
518 3286 591 3346 haec
611 3287 753 3364 pollebat,
777 3289 890 3364 ingenii
909 3288 1069 3364 culturam,
1092 3293 1122 3348 et
1140 3307 1327 3350 communem

110 3396 191 3455 variis
222 3396 361 3472 gentibus
393 3394 479 3454 latini
512 3395 656 3454 sermonis
689 3412 778 3454 usum
805 3396 841 3455 ad
869 3395 967 3456 omnia
994 3396 1192 3458 doctrinarum
1219 3415 1327 3474 genera

108 3503 319 3563 accomodatum
346 3505 523 3579 receperant.
570 3501 701 3580 Uterque
727 3502 820 3562 latina
847 3503 951 3580 lingua
973 3523 1032 3564 non
1055 3503 1154 3565 minus
1177 3505 1328 3582 eleganter·

109 3629 189 3688 quam
217 3610 304 3670 facile
330 3609 533 3688 loquebantur.
579 3609 765 3670 Praeferebat
791 3613 891 3671 tamen
915 3610 1064 3672 Galilaeus
1092 3617 1123 3673 ct
1149 3613 1186 3672 ad
1209 3631 1327 3691 compo·

110 3718 211 3778 nendos
243 3717 347 3792 libros,
379 3717 517 3795 inprimis
548 3717 753 3778 celeberrimos
785 3717 929 3795 dialogos,
962 3737 1087 3798 quorum
1119 3724 1212 3780 artem
1244 3738 1277 3780 se
1309 3739 1328 3779 a

110 3825 222 3885 Platone
249 3825 389 3886 didicisse
416 3825 537 3898 1010111,
565 3826 661 3903 patrio
689 3843 824 3886 sermone
846 3827 891 3886 uti
914 3845 1002 3904 quem
1025 3827 1260 3904 praeclarissima
1281 3827 1326 3886 in-

111 3931 199 4008 genis,
225 3933 258 3992 in
284 3937 418 3993 veterum
440 3932 638 3992 Romanorum
665 3938 696 3994 et
718 3932 896 3993 Graecorum
924 3934 1009 4012 quasi
1037 3934 1138 3994 schola
1161 3935 1326 4010 informata,

111 4039 145 4098 ad
165 4040 314 4100 classicam
337 4059 427 4118 quam
445 4040 572 4100 dicimus
590 4041 800 4117 perfectionem
819 4041 1026 4118 perdmreraut.
1068 4040 1166 4100 Etiam
1185 4041 1325 4119 epistolas

111 4147 189 4224 longe
212 4147 355 4225 plurimas
378 4147 477 4206 italice
499 4147 683 4224 conscripsit.
729 4147 836 4208 Libros
860 4166 930 4208 suos
953 4149 985 4208 in
1007 4151 1172 4208 exterorum
1198 4167 1325 4209 commo-

112 4255 173 4314 dum
202 4255 293 4316 latine
324 4255 534 4333 exprimendos
561 4254 628 4315 aliis
655 4255 823 4333 iterumque
850 4255 978 4334 reliquit
1030 4257 1077 4316 Ad
1106 4256 1233 4318 eundern
1260 4275 1326 4334 per·

205 4502 232 4571 1)
256 4500 392 4556 alluditur
414 4501 448 4554 ad
471 4500 631 4556 Lineeorum
655 4501 818 4556 academiam
837 4501 1001 4572 Romanam,
1033 4501 1110 4571 eujus
1133 4501 1231 4558 sodalis
1254 4503 1324 4558 Gali·

113 4588 176 4644 111010
192 4606 213 4644 a.
232 4589 471 4646 1101101011
490 4592 539 4644 est
