3202 5058
245 309 280 363 44
732 315 834 366 Panrrs
853 315 969 366 Parenos

246 528 338 601 ceptis
356 527 501 587 libertatis
527 545 609 588 amer
629 531 846 603 praetendatur.
891 530 939 590 Sic
961 531 1090 589 Berolini
1116 531 1147 588 in
1169 531 1266 604 populi
1287 530 1455 590 Germanici

246 630 376 690 Comitiis
389 631 488 692 Centri
498 633 620 709 sodales,
635 652 806 710 quemquam
821 634 927 695 furoris
942 636 1054 696 servilis
1065 651 1119 708 per
1131 635 1282 695 ecclesiam
1295 635 1456 694 Romanam

245 738 402 810 grassamis
420 739 554 797 acerrimi
576 740 607 798 in
625 741 721 813 patria
740 745 841 800 nestra
872 740 1097 814 valdissimique
1118 742 1233 814 patroni
1257 747 1286 800 et
1308 739 1457 813 adjutores

247 845 342 912 erent,
365 847 464 901 temen
487 843 672 903 callidissime
694 846 755 903 viro
771 845 981 905 Windthorstio
1001 845 1154 918 Meppenei
1175 845 1249 904 duee
1272 849 1304 903 ut
1326 845 1456 919 ejusdem
1485 878 1489 884 ·

245 945 403 1020 libertatis,
426 963 511 1020 quam
533 949 613 1021 Papa
635 950 722 1008 toties
749 955 917 1008 exsecratus
939 957 1003 1010 erat
1026 955 1056 1008 et
1078 949 1311 1023 conculcaverat,
1338 949 1458 1008 nobilis·

246 1049 332 1109 simos
352 1058 584 1126 propugnatores
607 1069 638 1113 se
660 1070 764 1128 gerere
786 1048 893 1113 iteru'm
912 1055 1073 1128 iterumque
1093 1069 1150 1113 nen
1165 1053 1345 1113 dubitabant.
1376 1053 1457 1126 Quae

245 1152 377 1213 inaudita
403 1155 527 1216 andacia
550 1157 597 1215 vix
622 1174 746 1232 unquam
774 1159 835 1218 illic
860 1175 909 1234 ea,
947 1175 1004 1232 qna
1030 1173 1084 1232 par
1113 1163 1190 1232 erat,
1224 1158 1457 1232 perspicacitate,

246 1259 401 1334 gravitate,
431 1262 589 1321 severitate
619 1263 735 1323 detecta
764 1269 794 1322 et
822 1265 964 1338 castigata
986 1267 1040 1324 est.
1084 1260 1180 1322 Multo
1209 1263 1240 1322 id
1261 1263 1456 1336 praestantius

247 1377 340 1436 nuper
361 1364 392 1422 in
411 1363 540 1425 cuminis
562 1367 789 1442 Francegallieis
810 1365 933 1442 factum,
956 1368 1005 1427 ubi
1028 1367 1127 1427 curiae
1142 1369 1261 1427 asseclis
1279 1367 1457 1426 liberalitate

248 1466 382 1526 similiter
403 1469 605 1546 gloriantibus,
628 1473 692 1545 ipsa
702 1472 799 1546 Papae
823 1473 913 1532 verba
935 1479 994 1531 tam
1018 1478 1153 1532 accurate
1170 1477 1200 1532 et
1215 1471 1329 1531 fortiter
1343 1470 1458 1546 objecta

248 1577 332 1646 sunt,
362 1578 394 1630 ut
429 1575 601 1648 compluries
635 1577 743 1635 aeriter
770 1577 895 1636 oblocuti
920 1576 1015 1636 subite
1048 1593 1165 1650 prorsus
1199 1572 1458 1636 obmutescerent¹

337 1677 557 1751 Sanguinariam
580 1680 696 1754 quidem
716 1681 904 1754 pristinorum
926 1683 1089 1741 seculorum
1111 1681 1308 1755 tyrannidem,
1338 1679 1459 1740 Bartbe

247 1781 354 1840 lemaei
376 1783 507 1842 nectibus
529 1785 720 1859 gaudentem,
748 1803 890 1846 renovare
913 1787 1019 1846 nestris
1040 1786 1142 1845 diebus
1164 1786 1259 1844 nudus
1278 1785 1360 1859 Papa
1378 1790 1459 1859 pete-

248 1891 311 1960 rat,
345 1885 416 1944 licet
439 1887 549 1948 Tiberii
582 1891 629 1948 vel
658 1889 817 1949 Alexandri
840 1891 888 1951 VI.
914 1892 961 1950 vel
992 1891 1080 1950 etiarn
1103 1889 1149 1948 Pii
1171 1889 1222 1964 V.,
1255 1889 1311 1948 viri
1339 1890 1370 1948 in
1393 1889 1458 1963 ,pia

247 1990 417 2049 saeviendo‘
438 2009 509 2065 prae
526 1995 632 2053 ceteris
647 1994 810 2070 horribilis,
833 1995 896 2069 ipse
914 1995 1074 2054 simillimus
1089 1994 1198 2055 fuisset.
1231 1994 1341 2053 Habuit
1361 1999 1458 2052 tamen

248 2093 338 2153 etiam
367 2095 509 2172 benignus
537 2097 634 2158 indole
652 2098 801 2174 Pontifex,
826 2099 895 2160 Pius
918 2099 984 2175 tx,
1013 2099 1155 2158 satellites
1178 2115 1260 2173 suos,
1280 2115 1350 2157 vera
1373 2097 1459 2157 Tibe-

247 2199 361 2258 rianum
383 2200 525 2274 quoddam
547 2203 696 2277 ingenium
718 2205 877 2279 spirantes,
900 2205 949 2278 qui
972 2205 1062 2263 etiam
1084 2209 1215 2262 veterum
1237 2203 1334 2278 legum
1355 2217 1459 2260 cruen-

247 2309 354 2378 tarum,
380 2323 526 2380 uunquam
548 2307 696 2382 bucusque
718 2309 937 2384 derogatamm,
962 2307 1062 2368 orbem
1084 2307 1244 2367 Romanum
1266 2305 1458 2366 commonefa-

248 2407 365 2482 cerent,
381 2410 509 2469 Jesuitas
531 2411 605 2486 dica
627 2429 698 2485 quos
709 2413 873 2474 Ludevicus
883 2415 906 2472 I.
918 2413 1061 2472 Bavariae
1076 2430 1129 2472 rex
1143 2413 1242 2486 Papae
1257 2411 1458 2485 praetorianos

249 2509 392 2586 quendam
425 2518 642 2593 nominaverat,
679 2520 770 2594 magis
800 2521 948 2595 magisque
977 2519 1086 2579 domini
1120 2519 1164 2578 sui
1194 2517 1324 2578 domines
1359 2517 1460 2592 iactes,

247 2621 420 2694 praecipuos
447 2624 575 2697 ingentis
604 2641 690 2698 quam
713 2624 835 2684 diximus
857 2625 1025 2685 mutationis
1045 2626 1076 2683 in
1094 2625 1225 2684 Romana
1247 2625 1373 2685 ecclesia
1393 2641 1459 2696 pcr-

248 2723 345 2784 iectae
375 2723 510 2786 artifices.
554 2729 650 2801 Quare
681 2729 767 2802 paule
800 2727 890 2789 fusius
922 2730 960 2791 de
991 2730 1029 2788 iis
1058 2729 1113 2788 hoc
1143 2731 1207 2789 lece
1237 2728 1319 2788 nebia
1341 2729 1460 2801 loquen-

251 2827 318 2887 dum
341 2835 395 2890 est

337 2933 372 2993 ln
405 2934 506 2994 herum
539 2937 680 2997 societate
714 2938 797 3000 multi
831 2937 946 3012 quidem
981 2939 1037 2997 viri
1067 2955 1124 2998 non
1159 2939 1202 2997 ita
1234 2938 1302 2997 mali
1335 2939 1459 3010 plerum·

248 3055 304 3112 que
332 3038 464 3115 luerunt,
497 3041 575 3100 baud
604 3043 687 3116 pauci
714 3043 802 3102 etiam
831 3043 928 3118 probi,
957 3043 1087 3118 bonesti,
1121 3041 1253 3116 candidi,
1285 3042 1391 3116 partim
1412 3041 1460 3099 uel

248 3143 340 3204 solida
363 3145 525 3206 eruditione
549 3153 637 3222 atque
660 3147 747 3207 decta
768 3149 929 3222 sagacitate
952 3148 1094 3222 insignes,
1116 3149 1163 3206 sel
1181 3151 1299 3221 prepter
1312 3145 1460 3204 heroicam

250 3250 338 3308 animi
363 3249 575 3326 fortitudinem,
605 3268 691 3326 quam
725 3253 897 3326 praesertim
931 3251 1127 3327 praedicande
1159 3251 1281 3325 paganis
1310 3247 1461 3323 evangelie

249 3353 456 3426 exbibuerunt,
476 3357 542 3427 jure
562 3357 739 3418 celebrandi.
785 3357 840 3428 Qui
862 3355 925 3416 fere
948 3371 1047 3416 omnes
1070 3371 1189 3432 magnas
1211 3355 1295 3414 unius
1317 3353 1461 3412 ecclesiae

250 3461 280 3514 et
301 3458 386 3530 regni
416 3457 506 3516 divini
528 3461 707 3519 oecumenici
735 3461 816 3520 ideas
838 3461 939 3519 intime
962 3461 1058 3519 anime
1078 3461 1302 3534 amplectentes,
1332 3455 1462 3516 tenebri-

250 3560 424 3636 cosaritia,
448 3561 551 3634 quibus
573 3563 641 3623 illae
665 3580 683 3622 a
705 3563 911 3638 gubernatrice
934 3563 1043 3623 ordinis
1066 3565 1094 3622 si
1109 3565 1279 3623 obscuratae
1296 3567 1388 3634 eraut,
1411 3567 1462 3619 aut

248 3665 335 3740 plane
366 3681 423 3724 non
445 3665 596 3738 videbant,
627 3667 724 3727 antei
746 3667 816 3742 quid
838 3683 937 3727 eorum
959 3667 1191 3743 odoratiorant,
1222 3683 1280 3726 non
1301 3666 1372 3724 satis
1393 3680 1461 3738 per-

249 3770 428 3845 spiciebant,
458 3769 510 3830 sed
544 3771 625 3844 quasi
655 3787 759 3845 parvas
789 3772 946 3832 nubeculas
974 3789 1040 3832 mox
1076 3772 1249 3832 transituras
1277 3767 1461 3843 conspexisse

248 3875 303 3936 sibi
325 3875 506 3938 videbantur.
539 3875 598 3936 Alii
620 3877 705 3950 lenge
727 3877 772 3936 bis
792 3877 906 3952 plures,
928 3894 1014 3951 quum
1036 3877 1092 3950 ipsi
1114 3877 1211 3936 indole
1228 3876 1317 3933 mixta
1339 3879 1370 3932 et
1383 3873 1462 3931 inter

248 3981 324 4040 bena
346 3983 479 4055 armaque
501 3981 597 4040 media
620 3987 726 4055 essent,
747 3981 829 4054 quasi
847 3983 1010 4056 pervarias
1032 3980 1138 4056 gradm
1160 3979 1197 4040 ad
1219 3977 1367 4040 societatis
1390 3991 1463 4037 suae

247 4085 319 4143 vitia
348 4087 470 4158 primurn
494 4086 707 4160 cognoscenda,
735 4085 841 4145 deinde
869 4087 914 4146 vel
945 4086 1109 4146 excusanda
1137 4085 1184 4142 vel
1206 4082 1357 4159 prebenda
1378 4097 1463 4140 uece-

248 4188 365 4248 debaut,
409 4189 546 4249 Omnibus
569 4196 628 4250 tam
652 4191 774 4250 diverms
796 4189 941 4251 sodalibus
963 4191 999 4265 ii,
1021 4191 1069 4264 qui
1091 4191 1123 4248 in
1146 4189 1246 4249 ordine
1270 4202 1391 4263 ,arcana
1409 4187 1464 4244 im-

246 4293 337 4369 perii‘
360 4295 513 4368 tenebant,
535 4295 573 4355 ad
595 4293 667 4354 illud
690 4295 914 4369 promovendum
929 4301 960 4356 et
981 4293 1223 4355 corroborandum
1239 4293 1281 4352 ita
1295 4292 1463 4364 utebantur,

338 4539 364 4604 1)
382 4537 413 4588 D.
433 4543 474 4588 al.
492 4553 524 4586 m.
543 4535 599 4588 Iun.
618 4553 641 4587 a.
663 4540 737 4588 reta.
774 4535 882 4600 Legitur
904 4535 966 4584 baec
991 4549 1065 4584 scena
1082 4543 1112 4584 ut
1129 4535 1166 4584 itu
1184 4533 1265 4583 dicem
1285 4549 1343 4583 vera
1361 4531 1462 4582 drama·

249 4625 343 4690 tica,a
361 4623 544 4692 tachygraphis
562 4629 683 4688 excepta,
702 4623 741 4673 in:
760 4621 826 4673 Paul
844 4623 921 4684 Bert,
939 4621 965 4671 tr
982 4622 1077 4672 morale
1096 4621 1140 4671 des
1159 4620 1270 4672 tersites
1286 4635 1313 4684 p.
1332 4623 1392 4671 672.
