3202 5058
217 265 252 333 82
391 361 393 366 ,
696 267 800 332 Purrrrs
818 265 935 334 Parcius

216 497 333 558 landum
348 495 456 556 bellum
470 495 575 554 intulit.
614 494 702 568 cujus
718 501 839 556 eventus
855 498 944 557 etiarn
959 496 1058 572 Papae
1073 500 1236 574 opinionem
1252 500 1441 560 fefellerunt.

217 605 283 678 Ipse
311 600 454 660 mundano
478 615 569 673 reguo
598 602 728 674 privatus
758 606 817 660 est:
846 602 935 661 ltalia
955 602 1092 678 Romam,
1111 601 1268 663 Germania
1290 606 1438 664 unitatem

217 707 348 768 obtinuit
393 705 473 764 Tunc
494 709 641 763 nostrates
664 705 766 764 eodem
789 711 820 764 et
843 708 1034 765 communium
1056 709 1250 780 periculorum
1272 725 1377 782 seusu,
1401 716 1439 766 et

217 813 307 872 divini
325 811 424 870 anxilii
444 808 589 868 desiderio
610 809 770 882 conjuncti,
792 811 869 868 inter
890 811 1065 884 proeliorum
1087 813 1246 887 triumphos
1269 819 1301 872 et
1317 812 1437 872 dolores

216 917 283 976 novi
305 914 416 974 dissidii
439 913 563 986 semina,
591 929 667 985 quae
690 915 720 970 in
738 915 894 972 multorum
917 916 1021 973 animis
1041 932 1059 974 a
1081 915 1234 989 pontificiis
1257 917 1438 992 spargeban-

216 1027 273 1094 tur,
293 1019 447 1078 observare
471 1032 529 1074 non
550 1015 746 1090 negligebant.
791 1016 885 1075 Erant
906 1019 955 1089 qui
977 1019 1127 1090 gliscentis
1145 1020 1236 1078 morbi
1261 1023 1433 1094 gravitatem

216 1125 313 1184 statim
339 1121 512 1184 indicarent.
557 1118 756 1178 Ostendebant
788 1127 903 1179 auctum
933 1122 1085 1180 immodice
1108 1129 1195 1196 atque
1218 1123 1434 1183 corroboreturn

217 1229 314 1287 curiae
337 1225 506 1298 imperium,
530 1240 647 1283 eversas
668 1225 784 1282 ultimae
807 1225 978 1298 episcopalia
1000 1225 1144 1285 libertatis
1166 1229 1313 1300 reliquias,
1337 1227 1433 1287 bundi-

216 1339 262 1393 tus
286 1337 430 1390 mutatam
452 1331 604 1390 universae
626 1329 769 1388 ecclesiae
792 1327 1084 1389 Romauocatholicac
1107 1331 1321 1408 condicionem,
1351 1334 1431 1392 deni-

216 1453 273 1510 que
295 1435 403 1496 bellum
422 1449 441 1492 a
460 1435 541 1492 ouria
555 1433 651 1508 denuo
667 1433 847 1508 civitatibus,
869 1421 1001 1507 inprimis
1016 1433 1206 1510 Germaniae,
1229 1437 1348 1498 illatum.
1384 1438 1432 1498 Sic

217 1539 364 1600 faciebant
390 1539 466 1612 quod
495 1538 585 1596 solum
613 1537 711 1597 lacere
739 1543 885 1611 poteraut.
930 1537 996 1598 Tali
1018 1537 1113 1598 officio
1135 1545 1168 1597 ut
1189 1555 1244 1614 ego
1267 1558 1379 1615 quoque
1401 1543 1432 1601 in

218 1643 367 1704 academia
392 1647 491 1701 nostra
512 1658 565 1714 pro
587 1642 659 1700 meis
680 1641 796 1714 quidem
818 1641 927 1702 viribus
949 1642 1150 1702 satisfacerem
1168 1644 1322 1720 singularis
1345 1660 1432 1718 quae·

218 1748 286 1807 danr
311 1747 424 1806 occasio
451 1745 522 1804 mibi
545 1745 614 1804 data
643 1751 697 1804 est
743 1744 829 1818 Cujus
850 1747 1028 1806 mentionem
1049 1747 1168 1821 faciam,
1195 1751 1331 1821 quoniam
1354 1749 1431 1806 haud

219 1853 322 1911 inutile
346 1868 410 1912 esse
431 1852 503 1910 mihi
524 1850 638 1909 videtur
660 1851 744 1908 simul
767 1866 831 1908 curn
853 1851 890 1909 iis
909 1868 983 1924 quae
1007 1856 1076 1910 tunc
1096 1852 1155 1910 dixi
1175 1855 1340 1912 universnm
1360 1859 1432 1911 tern-

217 1973 271 2032 pus
293 1955 363 2014 illud
384 1957 415 2014 in
437 1955 605 2014 memoriam
626 1970 777 2028 revocare,
800 1970 855 2027 quo
875 1955 946 2013 belli
968 1957 1081 2028 papalis
1102 1957 1187 2015 initia
1208 1957 1353 2016 bominum
1369 1958 1432 2017 ani-

218 2077 293 2134 mos,
315 2059 518 2120 diversissimis
539 2059 626 2118 rebus
648 2065 801 2132 occupatos
825 2065 856 2118 et
878 2065 1048 2135 commotos,
1067 2063 1265 2134 perstringere
1285 2063 1346 2135 jam
1368 2079 1433 2122 coe-

217 2170 330 2238 perunt.

252 2270 255 2276 '
305 2268 412 2327 Incidit
438 2270 469 2326 in
497 2267 585 2326 tinem
614 2268 811 2326 memorabilis
839 2269 917 2326 illius
949 2268 1017 2326 anni
1047 2268 1143 2343 dier,1
1177 2286 1233 2342 quo
1267 2269 1433 2330 Fridericus

217 2374 364 2445 Augustus
383 2373 530 2445 Tholuck,
551 2388 656 2431 serena
677 2372 772 2430 adhuc
795 2378 946 2431 senectute
969 2379 1038 2430 tuuc
1059 2379 1220 2448 superstes,
1249 2376 1435 2434 semisecula-

218 2493 282 2536 rem
303 2477 464 2550 magisterii
485 2475 639 2533 decursum
663 2475 794 2534 absolvit.
840 2475 893 2547 Qui
914 2481 1033 2549 propter
1054 2476 1244 2537 multifariam
1264 2479 1433 2555 doctrinam,

218 2588 369 2654 praestans
399 2580 564 2653 ingenium,
593 2576 769 2638 indefessum
806 2580 981 2640 christianae
1016 2581 1164 2656 religionis
1190 2582 1316 2642 studium
1345 2585 1433 2642 etiam

218 2685 297 2743 inter
325 2689 440 2742 exteras
469 2683 602 2741 nationes
627 2683 806 2758 celebratus,
833 2685 1029 2743 universitatis
1057 2693 1174 2746 nostrae
1197 2686 1300 2746 Senior
1327 2693 1358 2744 et
1378 2703 1434 2758 per

218 2795 262 2848 tot
286 2789 346 2860 jam
368 2789 460 2846 lustra
481 2787 593 2860 insigne
616 2786 704 2846 decus
728 2794 799 2847 erat.
844 2787 951 2846 Procul
978 2789 1101 2848 aberant
1121 2789 1198 2846 haud
1219 2789 1305 2861 pauci
1327 2789 1433 2846 acade-

218 2893 294 2952 miae
317 2898 348 2950 et
368 2896 574 2965 praeceptores
597 2892 740 2966 aleines,
766 2889 861 2950 officio
880 2905 952 2966 erga
970 2894 1092 2966 patriam
1115 2889 1296 2962 exsequendo
1318 2890 1349 2948 in
1363 2890 1432 2950 Gel-

217 2999 257 3056 lia
283 2996 404 3056 detenti.
454 2994 590 3053 Plurimis
619 3000 749 3054 nostrum
778 2998 1007 3056 necessariorum
1035 2995 1226 3053 amicorumve
1254 2993 1378 3052 vulnera
1401 3003 1434 3055 et

216 3107 324 3162 mortes
346 3107 397 3160 aut
416 3102 477 3174 jam
504 3098 683 3174 deploranda
712 3104 813 3172 eraut,
843 3105 894 3158 eut
915 3079 1044 3173 quotidie
1065 3096 1202 3158 timenda.
1237 3098 1431 3159 Nihilominus

217 3207 295 3266 diem
322 3207 402 3265 illum
422 3205 630 3264 incelebratum
656 3204 852 3277 praetermitti
872 3220 957 3284 uerno
977 3204 1074 3262 voluit.
1123 3201 1328 3262 Confluxerunt
1349 3205 1432 3263 undi-

216 3327 272 3384 que
294 3309 505 3384 gratulabundi.
550 3309 734 3368 Tradebatur
756 3315 787 3368 et
808 3307 962 3384 legebatur
983 3323 1081 3366 coram
1102 3309 1139 3366 iis
1154 3307 1286 3382 epistola,
1308 3310 1356 3366 cui
1379 3309 1430 3366 sub

217 3414 352 3473 Lutetiae
375 3412 524 3471 moenibus
546 3412 700 3470 voluntarii
722 3413 844 3486 milites,
867 3413 945 3470 inber
966 3411 1135 3484 quotidiana
1152 3413 1283 3485 pericula
1304 3413 1432 3471 dilectis-

218 3518 321 3576 simum
342 3516 512 3588 magistrum
534 3515 711 3589 salutantes,
735 3516 973 3589 subscripserant.
1018 3515 1225 3574 Afferebantur
1243 3533 1278 3574 ex
1300 3516 1432 3574 omnibus

217 3620 280 3680 lore
302 3619 477 3678 Germaniae
498 3618 654 3678 academiis
676 3606 884 3693 gratulatoriae
907 3619 1032 3680 tabulae.
1078 3619 1152 3678 Mibi
1171 3635 1258 3693 vero,
1286 3626 1319 3677 ut
1340 3621 1430 3678 nostri

217 3725 333 3800 collegii
354 3724 469 3783 nomine
492 3725 657 3784 venerando
675 3725 739 3783 seni
760 3725 920 3784 laetissima
940 3730 1009 3782 vote
1030 3725 1194 3797 conscripta
1216 3723 1359 3798 offerrem,
1381 3723 1431 3782 ad-

217 3834 316 3896 iuncta
336 3827 579 3888 commentatione
602 3827 725 3902 quadam
748 3829 785 3888 ad
807 3828 897 3888 bonas
919 3829 1033 3886 litteras
1055 3828 1239 3902 pertinente,
1261 3845 1314 3901 pro
1336 3827 1430 3902 patrio

217 3953 298 3996 more
321 3951 339 3994 e
361 3939 466 3994 senatu
488 3931 655 3992 academico
673 3933 840 3992 mandatnm
862 3937 934 3992 erat.

304 4038 526 4098 Commentaudi
548 4037 699 4096 materiem
723 4037 800 4111 elegi
822 4037 859 4096 ab
880 4037 970 4110 ipsius
993 4037 1048 4096 viri
1073 4036 1259 4094 illustrissimi
1281 4036 1430 4110 cegitatio·

218 4143 302 4201 nibus
324 4159 381 4200 non
404 4144 537 4204 alienam.
583 4141 691 4216 Scripsi
713 4143 791 4201 iuter
813 4142 932 4213 bellum,
956 4140 1033 4213 quod
1055 4157 1119 4199 cum
1142 4141 1341 4214 potentissimo
1355 4141 1432 4198 Neo-

216 4246 300 4304 letini
336 4246 458 4303 nominis
489 4247 596 4321 populo
630 4247 798 4320 gerebatur,
835 4247 886 4320 ‚de
910 4243 1105 4304 Romanarum
1136 4249 1166 4302 et
1195 4244 1432 4303 Germanicarum

217 4351 345 4423 gentium
367 4351 527 4411 consortio‘
572 4351 653 4424 Quod
673 4353 805 4426 saepius,
833 4356 865 4408 ut
885 4347 919 4408 fit
940 4351 1018 4410 inter
1039 4350 1193 4424 mortales,
1222 4349 1432 4424 suspicionibus

308 4587 333 4656 1)
352 4587 384 4636 D.
403 4585 437 4636 11.
456 4602 488 4635 m.
504 4585 564 4636 Deo.
584 4603 604 4637 a.
622 4583 829 4638 mucccnxll.
