3156 5056
241 323 295 376 194
730 324 831 374 Pani-rs
849 324 963 375 anoms

324 535 493 610 Magnitudo
524 537 642 596 Lntlreri
674 539 771 610 aliqua
799 555 835 594 cx
864 545 948 613 parte
981 540 1068 596 etism
1097 539 1292 598 infestissimis
1319 539 1461 608 hostibus,

238 641 377 714 siquidem
399 657 487 700 verae
511 642 649 700 historiae
672 642 853 714 aliquatenus
873 645 955 715 gnari
972 649 1071 715 erant,
1093 659 1210 716 semper
1225 641 1347 714 affulsit,
1369 647 1461 700 totam

237 751 396 818 penetrare
420 751 507 818 atque
529 747 696 818 perspicere
719 763 866 818 nunquam
887 753 1053 820 potuerunt.
1100 747 1220 806 Etenim
1242 748 1357 820 singula
1375 752 1461 804 recte

239 851 413 922 conspicati,
435 848 502 906 dnm
525 849 720 908 adhaerentes
742 850 874 907 humanis
893 851 1048 909 virtutibus
1067 853 1196 909 maculas
1217 850 1369 908 immodice
1390 847 1461 907 effe·

239 957 319 1027 runt,
341 953 502 1026 perfectam
524 954 585 1010 veri
608 955 689 1025 quasi
713 951 838 1025 effigiem
861 955 987 1012 assecuti
1010 971 1068 1012 non
1091 925 1167 1012 dunt.
1206 955 1238 1012 ld
1258 971 1328 1012 vero
1347 955 1459 1027 magni·

238 1057 346 1116 tudinis
368 1056 528 1130 fastigium,
557 1057 633 1129 quod
662 1064 707 1114 tot
736 1075 783 1115 res
811 1059 949 1128 eximiae,
978 1075 1052 1130 quae
1080 1060 1112 1116 in
1138 1059 1260 1117 diversis
1289 1057 1460 1116 mortalibus

238 1163 388 1234 sejunctae
421 1177 485 1220 esse
516 1163 622 1236 solent,
651 1162 679 1218 in
709 1177 765 1220 nnc
787 1162 946 1234 eodemque
969 1163 1032 1221 viro
1055 1163 1239 1221 consociatae
1260 1163 1458 1235 reperiuntur.

238 1265 286 1324 Sic
302 1266 435 1323 similiter
453 1271 539 1338 atque
555 1265 586 1322 in
600 1265 741 1338 propheta
755 1265 806 1322 illo
822 1282 840 1322 a
855 1265 1079 1324 Melancbthone
1095 1266 1186 1339 dicto,
1209 1283 1295 1338 quern
1311 1271 1457 1338 tamquam

238 1370 412 1442 ,columnam
435 1368 560 1428 terream
584 1375 614 1427 et
636 1385 748 1426 murum
769 1369 904 1428 aeneum‘
925 1369 1006 1428 Deus
1020 1371 1165 1445 perversis
1181 1371 1324 1429 ecclesiae
1340 1370 1457 1428 Israeli-

238 1473 314 1530 ticae
342 1473 462 1532 ducibus
492 1476 636 1549 opposuit,
667 1475 755 1534 etiam
778 1476 808 1532 in
831 1476 962 1534 Lutbero
984 1477 1065 1534 velut
1086 1477 1186 1534 invicti
1209 1475 1323 1534 roboris
1345 1479 1457 1548 tempe-

236 1583 399 1636 ramentum
427 1579 585 1636 tenerrima
606 1594 737 1651 quaeque
758 1577 876 1652 vigebat
897 1580 987 1638 animi
1009 1579 1132 1638 affectio.
1185 1579 1317 1638 Caritate
1339 1594 1457 1651 quoqne

237 1679 340 1738 fortem
360 1687 392 1738 ct
414 1681 531 1740 heroem
554 1697 585 1738 se
605 1682 748 1754 praebuit.
791 1682 965 1741 Pestilentia
984 1684 1161 1756 Vitebergae
1184 1685 1335 1742 saeviente
1358 1681 1455 1754 lugam

237 1785 424 1858 detrectavit,
457 1787 584 1860 aegrotis
614 1791 645 1844 et
672 1787 818 1845 morituris
848 1763 1017 1860 consulens3
1049 1788 1145 1846 verbis
1174 1793 1204 1846 et
1234 1788 1367 1860 exemplo
1395 1792 1455 1844 turn

236 1889 506 1964 Melanchthonem,
527 1897 587 1950 tum
610 1891 683 1949 alios
705 1891 805 1950 dolore
832 1897 920 1964 atque
944 1909 1052 1966 angore
1075 1907 1228 1965 oppressos
1248 1892 1323 1950 mire
1337 1892 1453 1964 saepius

236 1995 439 2054 corroboravit.
485 1994 572 2068 Cujus
595 1997 638 2056 rei
662 1997 752 2054 multa
775 1998 908 2070 exempla
928 2003 1044 2069 praesto
1069 2001 1152 2069 sunt3
1183 1993 1291 2054 suffieit
1317 1995 1453 2067 epistolas

235 2100 300 2158 illas
322 2101 568 2172 praeclarissimas
588 2117 762 2174 memorare,
783 2102 888 2173 quibus
910 2119 986 2159 anno
1009 2102 1052 2159 sni
1075 2102 1166 2160 seculi
1186 2101 1333 2158 tricesimo
1352 2100 1453 2156 amicis

234 2205 265 2262 in
288 2211 429 2264 conventu
452 2206 566 2278 imperii
587 2205 756 2278 Augustauo
779 2207 962 2264 versantibus
981 2207 1100 2278 spiritus
1122 2205 1244 2262 addidit.
1281 2204 1405 2262 Miseros
1422 2209 1453 2261 et
1565 2215 1566 2218 ’

234 2324 378 2382 pauperes
398 2311 588 2369 libentissime
608 2311 826 2384 largissimeque
841 2311 1027 2384 sublevabst3
1047 2327 1147 2368 eorum
1164 2311 1260 2381 gratia
1275 2309 1365 2365 etiam
1380 2313 1452 2364 tem-

234 2413 313 2485 poris
333 2415 378 2472 sni
401 2415 600 2486 pretiosissimi
632 2430 735 2486 parcns
759 2431 817 2472 non
840 2420 912 2472 erat.
963 2415 1047 2472 Licet
1073 2411 1192 2471 infinitis
1216 2413 1342 2484 negotiis
1365 2417 1450 2484 atquc

235 2516 382 2575 laboribus
404 2517 572 2590 distractus,
594 2524 691 2576 tamen
711 2512 1019 2576 viro'dubitationibus
1040 2519 1086 2576 vel
1106 2517 1316 2576 tentationibus
1337 2521 1450 2584 vexato,
1564 2559 1565 2562 η

235 2627 384 2679 matronae
408 2621 588 2694 aegritudine
618 2628 705 2694 atque
733 2625 812 2680 luctu
838 2622 989 2681 confectae
1013 2624 1128 2682 litteras
1151 2621 1359 2680 consolatorias
1382 2621 1450 2677 scri·

234 2724 304 2783 bere
327 2742 471 2798 nunquam
494 2732 628 2800 gravatus
651 2733 703 2785 est
759 2728 839 2799 Quae
865 2729 942 2786 enim
966 2729 1088 2801 singulis
1113 2728 1260 2786 destinata
1286 2732 1382 2798 erant,
1415 2742 1451 2784 ea

234 2829 353 2888 minoris
375 2847 433 2889 non
455 2828 595 2904 iaciebat,
616 2847 700 2904 quam
719 2846 794 2904 quae
817 2831 854 2890 ab
876 2833 1036 2890 innumeris
1052 2832 1210 2890 lectoribus
1224 2829 1449 2902 excipiebantur.

234 2935 336 3008 Neque
359 2937 474 3008 scriptis
497 2937 556 2994 suis
579 2936 705 2995 futuram
723 2937 845 2994 nominis
861 2937 1123 3008 immortalitatem,
1146 2935 1197 2993 sed
1212 2951 1328 2992 suorum
1343 2950 1449 3006 aequa·

234 3041 304 3100 lium
324 3059 407 3100 usum
428 3048 458 3100 et
478 3039 709 3100 aedificationem
729 3041 967 3114 persequebatur.
1005 3040 1077 3099 Suos
1098 3040 1185 3098 libros
1206 3039 1349 3096 oblivione
1370 3037 1448 3096 obrui

233 3148 334 3222 voluit,
358 3153 388 3205 ot
411 3163 513 3206 sacrae
534 3148 652 3206 litterae
674 3163 710 3206 eo
731 3145 900 3219 diligentius
919 3145 1100 3218 legerentur.

321 3252 375 3310 Hic
398 3254 455 3326 vir,
478 3253 528 3324 qui
552 3253 675 3310 caritate
699 3257 730 3310 et
750 3249 928 3310 conscientia
951 3249 988 3308 ad
1008 3255 1052 3307 tot
1075 3249 1169 3306 varias
1190 3264 1238 3306 ros
1254 3245 1450 3320 suscipiendas

233 3361 378 3428 permotus
398 3362 457 3430 est,
487 3361 564 3414 totus
587 3355 624 3414 ad
647 3355 790 3428 agendum
811 3359 896 3412 natus
921 3371 986 3413 esse
1009 3352 1170 3412 videbatur.
1216 3351 1395 3424 Quamquam
1420 3357 1452 3407 nt

233 3460 318 3517 homo
347 3460 377 3517 in
406 3459 598 3532 dijudicandis
626 3459 790 3519 hominibus
817 3458 963 3518 interdum
993 3458 1103 3518 enavit
1132 3450 1229 3534 (cujus
1249 3457 1295 3514 rei
1319 3455 1452 3527 exempla

234 3561 310 3620 inira
332 3557 519 3641 videbimus),
548 3569 646 3623 tamen
675 3565 768 3622 intimi
795 3564 880 3623 amici
902 3563 991 3622 etiam
1015 3561 1043 3618 id
1066 3561 1189 3619 maxime
1212 3561 1243 3617 in
1265 3577 1301 3617 eo
1327 3559 1453 3617 admira

235 3667 354 3740 bantur,
383 3667 622 3742 quodomnium,
647 3669 816 3741 quibuscum
839 3667 967 3739 vivebat,
993 3667 1117 3738 animos,
1145 3681 1260 3734 sensns,
1288 3665 1452 3722 voluntates

234 3774 418 3848 sagacissime
451 3775 656 3848 perspiciebat.
705 3774 899 3832 Nihilominus
934 3773 1030 3830 inerat
1064 3771 1094 3828 in
1125 3787 1160 3829 eo
1190 3767 1313 3842 aliquid,
1347 3785 1403 3840 quo
1434 3785 1452 3825 a

234 3879 393 3940 tractandis
415 3881 502 3939 rebus
524 3879 677 3938 mundanis
700 3880 884 3938 retinebatur
905 3884 936 3937 et
959 3877 996 3934 ad
1011 3877 1155 3935 intensam
1171 3875 1356 3948 mysticorum
1373 3879 1453 3932 tron-

234 3986 408 4058 qnillitatem
429 3985 624 4058 quaerendam
642 3984 822 4044 trahebatur.
867 3983 960 4054 Quum
980 3983 1041 4054 jam
1060 3981 1201 4038 altissima
1215 3977 1452 4049 nobilissimaque

236 4091 358 4149 consilia
380 4097 495 4150 secutus
516 4091 594 4149 inter
611 4089 879 4150 vehementissimas
901 4088 978 4144 vitae
1000 4085 1155 4144 communis
1179 4087 1368 4156 tempestates
1388 4097 1454 4139 ver·

237 4201 365 4268 saretur,
394 4195 541 4254 societatis
564 4193 707 4254 humanae
731 4192 944 4264 condicionem,
974 4190 1067 4263 qualis
1091 4195 1260 4260 macerat,
1286 4188 1316 4244 in
1338 4186 1454 4260 agendo

235 4301 382 4374 respicere
400 4301 540 4375 paulatim
555 4301 670 4358 demum
690 4298 800 4357 didicit
837 4297 883 4355 Ad
904 4311 1028 4354 summas
1051 4295 1291 4368 gravissimasque
1314 4309 1363 4349 ros
1385 4307 1454 4364 per·

236 4407 387 4480 ficiendas,
411 4405 449 4464 ad
471 4407 634 4464 mortalium
658 4405 769 4462 animos
790 4402 1015 4476 permovendos,
1038 4399 1075 4457 ad
1096 4398 1269 4470 multiplices
1291 4398 1369 4455 vitae
1393 4393 1454 4452 lor-

235 4528 297 4570 mas
324 4511 476 4570 mutandas
507 4517 539 4569 et
565 4509 745 4569 renovandus
775 4508 881 4565 invitus
911 4504 974 4564 sere
1001 4521 1095 4577 neque
1118 4505 1177 4561 nlla
1199 4503 1245 4560 vel
1272 4503 1316 4559 sui
1340 4502 1454 4572 ingenii

236 4613 341 4672 fiducia
363 4617 408 4672 vel
429 4616 538 4686 gloriae
559 4615 718 4686 cupiditate
740 4611 894 4685 perductus
913 4615 964 4670 est.
1002 4607 1209 4667 Antecesserat
1226 4607 1312 4680 longa
1328 4612 1358 4662 et
1373 4605 1455 4663 labo-
