3188 5086
686 337 778 388 Ceron
796 335 827 390 V.
1326 335 1377 392 125

152 546 268 622 frugem
299 552 464 610 uadouibus
498 552 651 625 reliquisse
687 557 718 610 et
743 550 926 612 distribuisse
956 569 1011 627 per
1038 568 1160 625 eamque
1187 550 1225 610 ad
1252 553 1374 625 optimas

153 670 284 726 quasque
305 661 400 729 artes,
424 655 583 729 doctrinas,
606 656 688 726 leges
710 656 785 713 mam
808 657 984 716 munivisse‘
1022 655 1107 716 Unde
1126 655 1236 715 factum
1259 663 1376 730 eat,'ut

153 757 231 815 haec
253 759 352 830 lingua
375 759 497 820 Erasmo
522 761 609 824 etiam
632 759 771 818 scribenti
794 765 930 834 tanquam
956 761 1022 820 viva
1040 765 1072 819 et
1087 761 1244 818 vernacula
1259 767 1376 834 praesto

154 859 259 935 fuerit,
289 879 324 921 ex
348 866 428 937 cujus
448 865 531 937 copia
560 881 617 924 non
641 864 728 922 aliter
746 863 822 938 fere,
845 881 931 937 quam
953 871 1068 924 veteres
1090 865 1234 938 quondam
1256 866 1378 939 scripto·

154 981 222 1038 res,
249 984 301 1039 pro
333 983 386 1026 sua
412 968 509 1027 indole
536 975 567 1026 et
588 969 706 1040 ingenio
728 957 828 1026 haurit
851 973 882 1026 et
904 970 948 1027 sui
971 970 1116 1042 propriam
1139 984 1174 1026 ac
1196 969 1375 1042 peculiarem

155 1069 320 1128 orationem
348 1069 461 1130 format.
514 1071 554 1130 Ut
582 1071 709 1144 Seneca,
738 1079 769 1129 ut
796 1071 922 1146 Plinius,
952 1073 994 1131 ita
1016 1073 1155 1131 Erasmus
1182 1089 1265 1130 suum
1287 1073 1377 1132 habet

156 1172 257 1231 Latini
280 1176 421 1234 sermonis
443 1177 539 1234 stilum
563 1181 650 1248 atque
674 1176 807 1234 colorem.
854 1175 957 1234 Omnia
979 1177 1040 1234 fllia
1053 1178 1153 1234 nativa
1168 1181 1234 1234 sunt
1250 1182 1280 1233 et
1294 1178 1376 1248 quasi

155 1293 212 1334 sua
235 1285 336 1351 sponte
359 1278 511 1352 profluunt.
555 1281 649 1339 lente
675 1278 829 1352 lepideque
850 1280 1065 1362 elegantissimo
1090 1280 1201 1354 libello,
1225 1282 1274 1352 qui
1294 1279 1375 1339 Cice·

156 1381 298 1441 ronianus
328 1385 484 1457 inscriptus
514 1389 574 1457 est,
609 1399 658 1442 eos
687 1384 818 1458 depingit
847 1390 877 1442 et
905 1385 1088 1458 perstringit,
1121 1385 1169 1456 qui
1198 1391 1319 1443 externa
1341 1401 1376 1444 ae

155 1486 257 1544 seruili
286 1488 396 1560 antiqui
418 1488 546 1546 auctoris
568 1488 729 1546 imitatione
756 1489 940 1561 eloquentiae
965 1488 1080 1546 laudern
1101 1495 1300 1561 captaverunt.
1345 1487 1376 1548 Si

157 1593 268 1664 totum,
297 1591 404 1665 inquit,
432 1591 475 1650 vis
506 1593 669 1666 exprimere
695 1591 882 1666 Ciceronem,
911 1599 939 1652 te
970 1594 1064 1665 ipsum
1090 1609 1148 1650 nou
1173 1597 1258 1666 potes
1281 1594 1376 1667 expri-

157 1709 259 1767 mere,
288 1695 313 1754 si
335 1700 365 1754 te
387 1697 481 1769 ipsum
507 1713 565 1754 non
590 1697 739 1770 exprimis,
769 1697 892 1755 mendax
915 1697 1063 1770 speculum
1086 1703 1136 1755 tua
1165 1695 1253 1756 luerit
1275 1699 1377 1756 oratio.

158 1797 202 1855 Et
221 1800 349 1870 quamvis
371 1800 483 1873 magnis
506 1801 640 1860 laudibus
662 1800 776 1859 dicendi
796 1801 918 1859 virtutes
941 1803 970 1858 in
987 1775 1128 1860 Ciceroine
1145 1799 1256 1874 efferat,
1279 1807 1376 1860 tamen

157 1902 238 1975 ipse,
259 1905 382 1976 ,mavult
402 1904 519 1978 aliquod
540 1903 654 1963 dicendi
670 1921 761 1980 genus
777 1905 904 1979 solidius,
927 1906 1082 1979 astrictius,
1104 1906 1261 1976 nervosius,
1283 1906 1378 1966 minus

158 2011 306 2078 comptum
341 2015 371 2068 at
402 2009 494 2083 magis
525 2009 702 2088 masculum}
752 2011 842 2068 Immo
868 2010 932 2068 istis
964 2010 1116 2068 verborum
1145 2015 1174 2067 et
1204 2009 1376 2083 syllabarum

158 2111 335 2186 aucupibus,
364 2113 438 2186 quod
467 2113 504 2171 ad
525 2115 689 2172 universum
717 2114 855 2172 orationis
878 2115 1002 2172 colorem
1025 2114 1165 2188 pertinet,
1196 2129 1376 2188 praeponere

158 2215 251 2273 audet
271 2231 389 2290 magnos
412 2217 645 2276 scholasticorum
670 2217 817 2290 doctores,
841 2223 873 2276 ut
895 2217 1035 2276 Thomam
1057 2215 1247 2292 Aquinatem,
1269 2220 1375 2293 quippe

126 2335 283 2391 equorum
304 2322 412 2395 oratio,
434 2322 505 2380 licet
534 2323 670 2380 barbarie
694 2322 800 2395 partim
829 2323 976 2396 squalens,
1004 2323 1136 2395 proprius
1159 2339 1243 2394 quam
1264 2323 1377 2382 illorum

160 2423 327 2497 elegantiae
353 2427 512 2484 accesserit
542 2425 578 2484 ad
607 2426 784 2500 implendam
807 2427 902 2500 legem
930 2425 1165 2506 Ciceronianam,
1186 2432 1219 2484 ut
1241 2427 1377 2501 dilucide,

158 2527 291 2600 copiose,
320 2528 509 2588 vehementer
531 2533 562 2587 et
583 2531 714 2603 apposite
734 2530 847 2588 dicatur
868 2547 921 2604 pro
942 2530 987 2588 rei
1009 2535 1113 2588 natura
1135 2545 1245 2603 proque
1267 2535 1378 2604 tempo·

158 2647 226 2688 rum
245 2647 279 2689 ac
297 2647 485 2705 personarum
505 2632 681 2692 condicione.
727 2633 810 2691 Hanc
828 2633 923 2707 legem
941 2635 1005 2708 ipse
1023 2634 1162 2692 Erasmus
1181 2634 1297 2708 scriptis
1318 2637 1378 2694 suis

158 2733 282 2793 mirifice
304 2736 451 2796 insecutus
471 2743 524 2796 est.
558 2737 622 2796 Nou
644 2738 735 2796 solum
757 2739 833 2796 enim
856 2755 887 2822 se
910 2739 1004 2811 ipsum
1027 2738 1183 2812 expressit,
1212 2738 1264 2797 sed
1284 2740 1376 2814 simul,

158 2845 196 2896 ut
213 2839 256 2897 ita
277 2839 383 2914 dicam,
404 2842 470 2899 novi
493 2842 557 2900 aevi
579 2847 648 2900 tune
670 2843 825 2900 exorientis
848 2843 1075 2915 proprietatem,
1097 2857 1182 2914 quam
1202 2841 1377 2902 divinatione

160 2941 287 3015 quadam
318 2945 465 3018 amplexus
496 2951 552 3018 est,
580 2961 598 3003 a
627 2961 683 3018 qna
712 2944 797 3004 hodie
827 2962 880 3004 nos
907 2947 962 3004 toti
990 2943 1158 3019 pendemus.
1218 2944 1272 3003 Cui
1304 2961 1376 3004 aevo

160 3047 313 3120 peculiare
345 3047 375 3106 id
400 3049 579 3122 potissimum
607 3055 684 3122 erat,
717 3056 750 3108 ut
774 3051 952 3108 recentiores
976 3048 1088 3122 populi,
1115 3047 1153 3106 ad
1175 3063 1257 3106 suam
1283 3051 1377 3121 quus·

161 3167 222 3224 que
244 3151 369 3211 indolem
391 3152 622 3212 conformandam
645 3159 675 3212 et
699 3153 964 3225 consummandam,
988 3150 1097 3224 aliquid
1112 3151 1225 3209 classici
1248 3157 1377 3209 veterum

160 3255 274 3328 ingenii
296 3257 327 3313 in
350 3272 381 3314 se
405 3257 571 3330 reciperent
591 3263 677 3331 atque
700 3273 763 3315 eum
786 3273 837 3315 suo
860 3255 978 3329 ingenio
1000 3254 1199 3313 consociarent
1222 3260 1252 3312 et
1272 3252 1377 3314 confla-

160 3364 239 3417 rent
282 3359 366 3417 Hanc
392 3377 454 3418 rem
476 3361 614 3420 Erasmus
637 3363 715 3420 inter
738 3375 837 3419 omnes
860 3363 962 3433 gentes
981 3359 1084 3416 mirum
1105 3363 1242 3431 quantum
1263 3375 1377 3433 promo-

161 3461 266 3536 vebat,
296 3481 382 3536 quum
411 3481 467 3524 non
497 3465 581 3524 modo
610 3465 685 3524 riam
714 3465 748 3523 ad
777 3463 930 3523 discendas
952 3463 1137 3522 humaniores
1160 3463 1273 3522 litteras
1293 3481 1379 3537 quam
1489 3548 1491 3552 ,

160 3566 330 3626 facillimam
366 3568 519 3644 redderet,
558 3569 610 3629 sed
641 3571 748 3644 etiam,
786 3567 924 3642 quidquid
961 3569 1276 3642 praestantissimorum
1310 3574 1380 3626 tunc

161 3673 292 3730 virorum
314 3675 426 3733 animos
449 3675 538 3732 movit
559 3681 646 3747 atque
667 3673 833 3747 occupavit,
856 3673 955 3747 lingua
977 3673 1088 3731 eunctis
1111 3673 1169 3731 illis
1185 3673 1380 3746 usitatissima,

162 3783 228 3836 tum
256 3778 331 3837 bene
358 3779 464 3836 Latina
492 3783 552 3837 tum
580 3795 720 3851 praesens
747 3785 860 3850 tempus
883 3779 965 3850 quasi
987 3778 1131 3851 spirante,
1152 3777 1304 3848 praeclare
1330 3793 1379 3835 ex-

162 3881 315 3954 primeret.
359 3883 418 3940 Res
438 3883 520 3955 ipsae
543 3899 596 3955 per
619 3897 684 3940 eum
707 3882 784 3954 loqui
807 3881 989 3940 videbantur.
1026 3880 1128 3952 ltaque
1148 3879 1244 3937 inerat
1265 3879 1295 3935 in
1318 3879 1380 3950 ejus

164 3985 299 4044 oratione
323 4002 424 4044 succus
444 3987 509 4060 ille,
527 4003 612 4060 quem
629 3984 732 4044 Cicero
754 3985 866 4066 laudat,
890 3991 921 4043 et
942 3985 1059 4058 sanguis
1080 3985 1274 4055 incorruptus,
1296 3987 1381 4039 natu·

163 4089 237 4148 ralis
267 4107 324 4149 non
354 4087 467 4148 fucatus
494 4091 579 4164 nitor,
608 4089 734 4162 denique
761 4105 826 4147 cum
852 4088 964 4161 ingenti
994 4088 1129 4145 ubertate
1155 4090 1185 4144 et
1207 4085 1291 4158 copia
1314 4101 1382 4144 eon-

159 4196 265 4282 junota
287 4195 414 4252 suavitas
432 4199 518 4266 atque
538 4193 670 4252 hilaritas
692 4210 761 4252 vere
784 4192 891 4251 Attica.
936 4191 1033 4250 Etiam
1055 4188 1261 4248 Melanchtbon
1284 4189 1381 4262 ,Illius

164 4299 347 4372 orationem,‘
363 4297 466 4372 inquit,
489 4299 581 4373 ,ipsae
598 4297 732 4356 Charites
747 4297 875 4370 undique
887 4294 1007 4354 floribus
1023 4295 1215 4368 conspersisse
1231 4290 1382 4352 videntur!

256 4401 336 4473 Quae
369 4420 444 4462 non.
460 4417 496 4461 ea
530 4403 675 4462 sententia
709 4399 745 4459 ab
779 4401 833 4460 boc
866 4417 970 4475 magno
997 4400 1058 4458 viro
1088 4397 1269 4466 dictasunt,
1300 4396 1383 4468 quasi

164 4505 208 4564 nil
231 4506 308 4580 apud
330 4507 483 4566 Erasmum
505 4507 563 4564 nisi
592 4505 816 4565 delectationem
846 4505 970 4564 inveniri
998 4502 1151 4576 putaverit.
1196 4499 1289 4572 Saepe
1312 4504 1383 4572 quot

165 4609 321 4668 utilissima
342 4626 433 4684 opera
467 4611 516 4668 ille
539 4609 711 4683 perfecerit,
734 4613 804 4681 quot
826 4607 966 4668 scientiae
990 4607 1101 4666 semina
1123 4605 1276 4679 sparserit,
1298 4608 1382 4675 grata
