3144 5092
677 301 765 355 Garur
783 301 816 354 V.
1309 307 1359 359 117

124 503 277 564 videntur.
327 503 469 581 Ideoque,
497 507 532 562 ut
558 502 623 580 ipsa
649 503 771 562 barbara
797 505 886 564 verba
911 505 1031 564 afferam
1059 523 1135 582 quae
1161 505 1302 582 leguntur
1328 508 1360 567 in

124 611 206 670 actis
229 610 411 688 compositiS,
436 610 661 686 ,sanctissimus
684 611 830 671 ordinavit
852 611 1055 672 illustrissimo
1074 611 1191 672 domino
1211 613 1360 674 0611111611

125 718 325 793 Bellarmino,
348 723 382 778 ut
404 723 488 778 vocet
510 736 606 778 coram
630 736 663 778 se
685 718 838 779 dominum
857 718 1022 780 Galilaeum
1044 738 1171 798 eumque
1189 727 1306 781 moneat
1323 721 1360 782 ad

126 826 323 886 deserendam
350 825 531 903 opinionem,
559 830 601 900 et,
629 826 655 885 si
678 827 858 886 recusaverit
880 845 995 904 parere,
1023 827 1111 887 Pater
1134 827 1361 890 Commissarius

126 952 229 994 coram
251 932 372 993 Notario
399 937 429 993 et
456 934 582 994 testibus
609 933 698 994 faeiat
719 933 766 992 illi
788 923 990 1011 praeceptum,
1018 939 1053 994 ut
1074 935 1193 995 omnino
1215 937 1362 996 abstineat

126 1041 303 1116 hujusmodi
330 1041 492 1100 doctrinam
524 1045 554 1100 et
580 1041 749 1118 opinionem
781 1041 885 1102 docere
918 1047 970 1102 aut
996 1042 1153 1103 defendere
1180 1060 1233 1102 ssu
1262 1043 1300 1103 de
1326 1062 1361 1104 ea

127 1153 268 1224 tractare
302 1148 328 1207 si
356 1166 425 1208 vero
452 1166 512 1208 non
539 1148 718 1226 acquieverit
745 1149 948 1210 earceretur.‘l
993 1148 1076 1224 Quod
1100 1149 1253 1210 Pontifieis
1279 1169 1361 1210 man-

128 1255 234 1315 datum
257 1255 456 1316 Bellarminus
479 1259 595 1333 postero
623 1256 671 1316 die
698 1259 784 1316 caute
810 1262 840 1316 ct
863 1275 951 1334 quam
975 1257 1203 1334 diligentissime
1227 1257 1360 1333 Galilaei,

129 1381 221 1444 quem
244 1364 354 1422 summi
376 1363 514 1438 iaciebat,
539 1363 658 1424 honoris
681 1363 793 1424 ratione
815 1365 914 1424 habita
937 1369 1097 1424 exsecutus
1119 1369 1172 1426 est.

239 1469 345 1530 Vocari
372 1489 440 1530 eum
468 1471 500 1529 in
528 1489 616 1530 suum
643 1471 825 1532 domicilium
850 1471 949 1548 jussit.
995 1473 1092 1532 Antea
1119 1472 1237 1550 saepius
1260 1477 1361 1532 contra

129 1597 200 1638 oum
232 1578 269 1638 de
301 1581 462 1654 systemate
496 1577 708 1655 Cepernieano,
740 1578 897 1657 aliquoties
929 1598 1030 1644 eoram
1058 1580 1197 1654 testibus,
1229 1580 1360 1658 disputa·

130 1691 214 1746 verat
235 1685 325 1763 idque
347 1685 407 1746 nisi
426 1685 616 1763 hypothetice
638 1687 750 1746 assumi
774 1705 833 1746 non
856 1705 943 1765 posse
966 1687 1163 1765 contenderat.
1206 1687 1299 1763 Cujus
1317 1688 1360 1748 rei

131 1794 272 1868 ,rationes
295 1799 356 1852 iam
378 1793 481 1854 futiles
503 1797 586 1853 tenta
608 1794 785 1854 confidentia
806 1801 1011 1872 proposuerat,
1039 1801 1073 1854 ut
1096 1781 1221 1855 Galilnei
1248 1795 1360 1872 patien-

130 1901 204 1961 tiam
226 1906 315 1978 atque
338 1901 538 1978 prudentiam,
567 1901 646 1978 qnod
668 1901 707 1961 iis
729 1901 761 1960 in
784 1901 942 1980 colloquiis
969 1907 1112 1980 perpetuo
1134 1921 1152 1961 a
1174 1902 1272 1962 verbis
1295 1903 1360 1980 qui·

131 2009 255 2069 busdam
274 2008 466 2068 abstinuisset
485 2013 686 2086 contemptum
705 2026 827 2068 suorum
841 2009 977 2084 judicum
996 2009 1240 2086 significantibus,
1259 2009 1360 2086 plures

131 2117 268 2176 homines
293 2115 379 2176 valde
405 2115 503 2174 mirati
530 2117 648 2176 6666111.ι
693 2114 788 2176 Immo
816 2115 926 2176 sciebat
954 2116 1117 2191 Galileeus,
1146 2116 1360 2176 Bellarminum

131 2242 318 2302 nequaquam
349 2229 410 2284 tem
441 2228 555 2284 eertum
587 2241 653 2284 sess
684 2223 721 2284 de
752 2224 899 2284 sententia
930 2241 984 2283 sua
1015 2241 1104 2302 quam
1135 2223 1229 2284 videri
1261 2223 1359 2284 vellet

133 2331 254 2393 Scilicet
277 2331 400 2392 eandem
424 2330 614 2405 sententiam,
646 2331 731 2408 quasi
760 2335 891 2406 systema
915 2330 1146 2408 Copernieanam
1170 2331 1360 2409 hypothetice

132 2443 249 2500 tantum
279 2439 317 2498 ad
348 2437 510 2498 faciliorem
544 2437 725 2498 reddendum
762 2438 1032 2515 phaenomenorum
1063 2438 1212 2498 calculum
1247 2440 1360 2500 assumi

132 2551 234 2625 posset
257 2547 319 2624 jam
344 2565 421 2606 anno
449 2551 530 2621 ante,
562 2545 651 2606 etiem
679 2545 803 2606 Galilaei
831 2547 980 2606 mentione
1007 2547 1096 2622 facta,
1128 2547 1284 2608 Fosearino
1311 2547 1360 2608 ota

130 2656 240 2732 jecerat
261 2655 294 2713 in
316 2653 453 2730 epistola,
482 2672 540 2731 que
562 2653 717 2730 ingenium
739 2659 769 2714 61
792 2653 954 2714 doctrinam
979 2654 1045 2730 ejus
1067 2653 1229 2716 admiratus
1251 2654 1361 2730 gratias
1393 2638 1397 2647 ¹

134 2763 194 2839 egit
216 2767 336 2840 propter
358 2761 484 2821 missurn
507 2761 563 2821 sibi
586 2761 870 2836 commentariolum,
894 2780 983 2840 quern
1008 2779 1098 2839 snpra
1120 2763 1360 2838 memoravimus,

133 2870 283 2929 addiderat
305 2874 437 2944 systema
458 2869 547 2943 illud,
571 2874 605 2928 ut
628 2869 685 2928 sibi
707 2868 827 2946 quidem
849 2869 1006 2944 videretur,
1030 2869 1154 2929 firmiter
1175 2887 1273 2947 neque
1295 2887 1361 2946 pro-

134 2979 233 3038 batum
256 2977 352 3036 adhuc
374 2994 469 3054 usque
492 2993 569 3050 esse,
593 2993 690 3054 neque
712 2977 866 3052 probatum
889 2994 1022 3053 unquam
1044 2975 1094 3036 iri:
1121 2975 1199 3052 qnod
1222 2976 1249 3034 si
1271 2975 1360 3034 nihil·

135 3085 250 3144 ominus
277 3085 372 3158 fieret,
400 3087 472 3143 tunc
499 3100 574 3160 opus
601 3083 664 3142 iore
690 3086 887 3156 concesserat,
914 3087 949 3142 ut
976 3082 1081 3142 Sacrae
1103 3081 1272 3158 Scripturas
1298 3081 1362 3141 ioca

135 3192 276 3270 quaedam
294 3209 403 3268 magna
420 3209 488 3252 oum
507 3189 775 3266 circumspicientia
794 3189 931 3249 similiter
948 3188 1167 3266 explicarentur
1184 3193 1273 3266 atque
1291 3187 1360 3248 Fos-

135 3300 252 3360 oarinus
279 3317 314 3359 ea
340 3297 548 3376 611111666661.8
588 3297 687 3374 Hujus
714 3296 856 3374 epistolae
883 3295 1034 3373 exemplar
1057 3295 1207 3356 Galilaeus
1234 3296 1359 3356 16161161.

135 3407 203 3484 Ipse
225 3407 263 3466 ad
285 3424 350 3466 eam
368 3406 540 3484 prudenter,
562 3403 727 3481 ingeniose,
750 3403 866 3463 fortiter
883 3403 1074 3480 responderet
1091 3402 1211 3478 litteris,
1234 3420 1310 3481 quae
1327 3407 1362 3461 111

135 3515 170 3574 ad
189 3514 402 3574 Bellarminum
425 3513 626 3590 perferrentur
643 3511 823 3572 curaverat⁴
863 3510 952 3571 Nunc
969 3511 1048 3571 idem
1068 3510 1233 3571 Cardinalis
1250 3511 1361 3570 urbane

136 3622 254 3700 quidem
277 3622 329 3681 sed
352 3621 424 3681 satis
447 3620 599 3694 distincte,
626 3619 719 3680 nullis
742 3618 925 3696 argumentis
947 3618 1007 3678 nisi
1027 3619 1114 3696 jussu
1137 3623 1168 3678 et
1189 3617 1361 3678 auctoritate

136 3729 231 3807 Papae
258 3729 357 3803 nisus,
390 3727 556 3789 (1611166111
583 3727 711 3802 monuit,
743 3731 778 3786 ut
809 3726 978 3804 opinionem
1012 3743 1110 3800 suam,
1142 3725 1224 3785 velut
1256 3724 1361 3785 Sacrae

136 3837 303 3914 Scripturas
334 3836 509 3896 contrariam
535 3835 691 3896 desereret.
741 3833 803 3893 Vix
829 3833 957 3894 dubitari
984 3837 1083 3910 potest
1108 3833 1182 3910 quin
1210 3831 1361 3892 Galilaeae

136 3943 347 4004 Bellarminum
370 3961 472 4004 eorum
495 3961 570 4021 quae
592 3941 719 4021 epistola
741 3941 794 4000 ills
816 3945 1001 4001 concesserat
1018 3937 1287 4012 commonefecerit,
1311 3937 1361 3997 hic

241 4155 268 4224 1)
288 4153 396 4222 Gsblsr,
416 4155 502 4208 Acten
520 4155 569 4207 stc.
594 4169 619 4222 p.
634 4151 669 4206 48
684 4167 705 4206 6.

241 4244 268 4311 2)
287 4243 377 4298 Verba
394 4245 458 4298 sunt
475 4242 595 4298 Fabronii
614 4241 632 4296 l.
647 4257 670 4296 c.
689 4257 714 4310 p.
731 4240 790 4294 124.

241 4333 268 4404 3)
287 4333 373 4400 Β6111,
393 4332 536 4402 Oopsmico
555 4349 580 4402 p.
596 4331 646 4384 121
662 4346 711 4400 ss,
735 4329 781 4384 ubi
798 4330 866 4384 haec
888 4328 1000 4399 epistola
1021 4327 1137 4398 primunr
1160 4327 1294 4397 publicata
1312 4329 1360 4382 est

138 4423 259 4478 Ceterum
276 4422 469 4478 Bellarminum
488 4421 567 4475 etiam
586 4419 651 4474 alias
670 4418 766 4475 similia
784 4419 896 4488 dixisse,
915 4417 987 4474 Sami
1004 4417 1108 4473 lesuita
1125 4417 1202 4472 testis
1220 4419 1284 4472 erat.
1321 4416 1360 4472 Ol.

138 4511 200 4583 Opp.
220 4513 246 4566 di
265 4511 322 4566 Gal.
340 4511 383 4566 IX
401 4513 445 4568 or.

241 4603 268 4671 4)
288 4601 362 4656 Β6111
380 4601 398 4656 1.
413 4618 436 4656 6.
455 4618 480 4670 p.
497 4599 549 4655 128
564 4615 600 4654 ss.
