3202 5058
212 313 247 366 58
691 317 797 367 Peuma
817 316 929 366 Puronrs

213 527 347 587 Pontifici
361 545 397 587 ac
412 529 609 588 sacerdotibus
631 529 797 602 obsequium
812 529 1001 588 libentissime
1016 530 1209 603 praestiterit,
1233 529 1320 603 idque
1336 530 1424 588 etiam

212 634 242 690 in
265 634 302 693 iis
324 633 514 708 dioecesibus,
536 650 657 707 quarum
679 634 786 694 libellis
808 634 1006 708 catecheticis,
1030 640 1063 693 ut
1084 634 1426 708 apudMonasterienses,

213 737 325 796 directe
355 738 463 797 dictum
493 743 574 812 erat,
601 737 709 812 Papam
731 755 790 798 non
813 755 877 798 esse
897 739 958 798 falli
979 739 1115 798 nescium.
1159 739 1205 798 Ab
1228 739 1272 798 bis
1293 739 1426 798 omnibus

214 859 263 902 eos
282 843 491 917 distinguimus,
514 845 563 916 qui
586 859 729 903 memores
751 849 831 919 sunt,
853 841 1012 903 fidemnon
1028 859 1091 904 esse
1113 860 1176 902 rem
1191 846 1272 904 caeci
1285 844 1426 918 obsequii,

215 949 267 1008 sed
283 949 525 1023 ,cognoscendam
539 949 622 1008 nobis
637 963 702 1006 esse
719 965 827 1028 eorum,
849 950 952 1022 quibus
967 949 1071 1010 eruditi
1088 967 1198 1024 sumus,
1220 955 1330 1009 certem
1351 950 1427 1008 veri·

214 1053 329 1129 tatem‚‘
353 1059 384 1113 et
411 1059 541 1128 ,paratus
567 1069 620 1112 nos
649 1069 764 1127 semper
793 1071 857 1114 esse
887 1052 996 1113 debere
1019 1054 1058 1114 ad
1085 1052 1319 1113 satisfaciendum
1347 1055 1425 1113 omni

212 1160 345 1231 poscenti
371 1175 424 1218 uos
446 1157 632 1218 rationem‘l
676 1158 772 1229 Quare
803 1147 899 1218 subim'
918 1159 1031 1218 saevire
1054 1158 1192 1218 adversus
1210 1158 1426 1232 Doellingerum

214 1263 344 1337 aliosque
376 1265 485 1322 ueteris
527 1265 691 1324 sentcntiae
731 1269 852 1324 tenaces
878 1269 1015 1322 recusant
1049 1279 1206 1336 eorumque
1246 1269 1425 1338 argumenta,

215 1373 316 1427 contra
338 1384 444 1428 novum
465 1367 570 1442 dogma
590 1369 693 1442 allata,
716 1369 795 1428 velut
816 1367 967 1428 stultorum
988 1367 1093 1428 deliria
1114 1373 1300 1427 contemnere
1315 1367 1424 1426 nolunt.

215 1471 289 1542 Quin
311 1473 398 1532 immo
419 1474 464 1532 bis
488 1471 611 1533 fortiora
633 1477 805 1546 argumenta
826 1477 877 1531 aut
893 1473 953 1545 J'am
976 1473 1095 1531 inventa
1118 1489 1181 1532 esse
1205 1479 1256 1531 aut
1276 1473 1425 1531 inventum

213 1577 250 1635 iri
277 1581 389 1650 putant.
434 1577 468 1636 ld
497 1579 576 1637 inter
602 1579 678 1637 viros
706 1578 850 1637 doctiores
877 1577 899 1635 ii
928 1575 991 1636 fere
1019 1578 1072 1636 soli
1094 1578 1238 1652 sentiunt,
1268 1578 1317 1650 qui
1338 1593 1426 1650 quum

213 1681 245 1738 in
265 1682 355 1740 solam
377 1682 576 1742 scholasticam
598 1683 775 1756 theologiam
796 1682 994 1755 incubuerint,
1015 1698 1113 1740 rerum
1134 1697 1204 1740 vero
1223 1681 1425 1740 historicarum

215 1790 246 1845 et
274 1787 438 1846 criticorum
464 1788 559 1861 ignari
588 1788 661 1862 sint,
695 1792 930 1861 argumentorum
959 1785 1028 1846 inde
1054 1791 1232 1861 sumptorum
1253 1787 1425 1860 gravitatem

213 1890 356 1965 ignorant.
401 1891 459 1952 Sed
482 1891 656 1951 Germaniae
688 1892 815 1966 episcopi
843 1892 929 1964 longe
956 1891 1088 1965 plurimi,
1122 1891 1211 1949 etiam
1241 1891 1425 1965 indoctiores,

214 1995 321 2068 optime
354 1995 504 2070 sciebant,
537 2012 641 2055 novum
674 1996 777 2070 dogma
805 2012 823 2054 a
851 1995 920 2054 viris
947 1995 1101 2054 historiae.
1117 1995 1213 2070 gnaris
1243 1995 1335 2068 accipi
1367 2011 1426 2053 non

213 2115 298 2172 posse
320 2100 383 2158 sine
405 2100 573 2160 intellectus
587 2098 738 2174 sacrificio,
760 2099 836 2174 quod
849 2100 985 2160 meliores
1003 2116 1061 2159 non
1080 2100 1143 2158 sine
1159 2100 1248 2158 animi
1262 2115 1426 2173 repugnan-

214 2203 256 2262 tia
278 2220 311 2263 se
341 2205 478 2265 obtulisse
507 2204 633 2265 confessi
663 2210 737 2265 sunt.
782 2205 888 2265 Omnes
918 2205 1102 2264 consentiunt
1124 2219 1189 2262 cum
1211 2203 1352 2276 dogmatis
1374 2202 1426 2261 ad·

213 2309 350 2367 versariis
377 2311 425 2383 agi
456 2310 571 2370 idoneis
593 2310 772 2382 argumentis
794 2309 875 2368 nullo
897 2308 982 2368 modo
1004 2325 1098 2382 posse.
1144 2307 1240 2380 Quare
1263 2325 1301 2367 ne
1323 2307 1426 2366 borum

213 2414 469 2472 commentationes
492 2415 661 2488 legerentur
684 2415 780 2472 statim
801 2419 867 2487 post
896 2413 1047 2472 concilium
1075 2412 1113 2472 ab
1139 2413 1199 2472 illis
1225 2412 1344 2472 vetitum
1367 2417 1425 2485 est3

215 2531 329 2574 omnem
350 2517 458 2575 seriam
481 2517 706 2590 disputationem
729 2519 839 2576 evitare
862 2518 1087 2592 constituerumt,
1113 2533 1199 2577 eaex
1212 2521 1296 2592 parte
1310 2521 1426 2592 patrum

214 2635 331 2678 suorum
358 2619 442 2679 valde
470 2620 632 2680 dissimiles.
676 2622 716 2679 Hi
742 2623 819 2680 enim
842 2621 963 2682 Lutheri
988 2629 1133 2695 tempore,
1166 2621 1344 2696 argumentis
1366 2621 1427 2679 suis

215 2723 331 2798 contisi,
361 2725 399 2784 ad
426 2726 569 2798 coloquio
595 2743 660 2784 cum
682 2726 856 2786 Lutheranis
885 2727 1059 2800 paratissimi
1081 2743 1196 2801 semper
1219 2731 1316 2799 crant3
1349 2741 1427 2784 nunc

214 2827 258 2886 illi
276 2844 316 2887 ne
337 2845 401 2888 cum
423 2830 460 2888 iis
482 2829 611 2904 quidem,
632 2831 680 2904 qui
694 2831 808 2889 Erasmi
830 2831 893 2891 fere
916 2833 1076 2892 sententies
1099 2832 1318 2906 amplectuntur,
1341 2831 1428 2889 collo·

214 2935 262 3006 qui
291 2932 408 2993 audent.
452 2935 500 2995 Sic
525 2933 689 3010 Seberrius,
720 2935 870 3010 episcopus
889 2936 1086 3010 Monacensis,
1117 2953 1202 3009 quum
1224 2935 1428 3008 Doellingems

213 3038 314 3112 paucis
336 3039 481 3098 mensibus
503 3045 570 3113 post
589 3039 740 3099 concilium
764 3040 801 3100 ad
823 3039 1024 3114 disputandum
1048 3057 1112 3100 cum
1136 3042 1230 3099 electo
1251 3039 1428 3099 eruditorum

214 3144 339 3204 virorum
363 3144 485 3218 collegio
504 3160 536 3204 se
559 3145 725 3222 obtulisset,
748 3145 864 3220 publico
886 3144 1049 3204 timiditatis
1065 3146 1197 3219 exemplo
1211 3144 1316 3204 ceteris
1331 3143 1427 3216 praei-

213 3248 262 3308 vit.
306 3249 494 3325 Duellingero
522 3250 608 3324 digne
623 3325 626 3332 ἢ
639 3267 674 3310 ao
693 3253 773 3324 juste
792 3250 964 3324 responderi
986 3267 1070 3323 posse
1089 3249 1270 3323 desperavit,
1301 3247 1428 3306 clarissi-

214 3369 291 3410 mnm
312 3354 413 3412 virum·
432 3370 517 3426 quam
540 3355 676 3416 citissime
700 3357 950 3414 excommunicare
975 3355 1093 3428 ejusque
1117 3358 1288 3426 argumenta
1310 3351 1428 3412 silentio

215 3456 451 3529 praetermittere
473 3459 559 3531 longo
582 3460 671 3518 tutius
693 3464 767 3518 erat

302 3576 416 3650 Optime
445 3578 557 3637 scilicet
584 3585 705 3638 noverat
735 3579 901 3654 episcopus,
927 3585 1123 3653 apostatarum
1153 3595 1245 3639 asna
1266 3595 1301 3638 ac
1320 3578 1428 3638 veteris

215 3683 358 3744 ecclesiae
380 3684 527 3742 sententia
549 3685 631 3757 qnasi
653 3684 874 3759 antesignanus,
893 3685 1001 3742 nullam
1024 3685 1087 3744 dari
1103 3685 1168 3744 novi
1184 3684 1325 3757 dogmatis
1339 3684 1430 3740 inter-

194 3788 425 3864 pretationem,
456 3805 513 3861 que
541 3789 751 3848 accommodari
780 3788 851 3848 illud
879 3789 916 3848 ad
941 3795 1071 3849 veterem
1099 3789 1241 3850 ecclesiae
1268 3787 1429 3847 doctrinam

214 3895 260 3954 vel
287 3894 470 3969 aliquatenus
496 3899 601 3968 posset
648 3893 713 3966 lpse
737 3911 800 3952 cum
820 3894 991 3968 Kettelero,
1019 3893 1153 3968 Darboy,
1177 3894 1256 3967 aliis,
1279 3908 1297 3952 a
1319 3893 1430 3950 minore

215 3999 337 4058 Concdii
359 4003 443 4073 parte
465 3997 625 4074 delegatus,
647 3999 775 4073 petierat
795 4015 813 4056 a
834 3997 887 4058 Pio
906 3998 974 4072 lx,
995 4005 1035 4071 ¹ut
1058 3999 1233 4058 concederet
1262 4014 1298 4057 ea
1318 4003 1429 4056 tantum

213 4103 312 4177 Papae
326 4104 446 4162 decreta
461 4103 686 4163 irreformabilia
700 4103 877 4162 declaranda
889 4121 963 4179 esse,
979 4120 1053 4177 quae
1070 4103 1120 4164 ille
1136 4105 1250 4162 innixus
1265 4101 1431 4161 testimonio

215 4207 405 4268 ecclesiarum
419 4207 560 4284 dedissem
580 4215 649 4267 tnnc
672 4209 855 4284 Kettelerus,
878 4208 927 4281 qui
949 4209 1011 4282 ipso
1032 4208 1113 4281 Papa
1134 4208 1265 4283 papalior
1287 4205 1431 4280 quondam

212 4313 306 4372 dictus
341 4317 417 4386 erat,
446 4313 530 4372 Pium
564 4318 671 4373 stratus
701 4314 739 4374 ad
768 4316 830 4389 ejus
860 4313 951 4387 pedes
973 4313 1155 4390 imploravit,
1190 4318 1223 4372 nt
1244 4312 1342 4386 aliqua
1364 4325 1434 4369 con·

301 4602 328 4674 1)
347 4603 386 4658 Ol.
404 4605 467 4658 Lue.
491 4611 517 4668 1,
539 4611 555 4656 l
574 4600 767 4674 (depellerem
791 4604 886 4672 letr.
906 4607 935 4667 3,
956 4610 995 4656 15.
