<?xml version="1.0" encoding="UTF-8"?>
<!DOCTYPE html PUBLIC "-//W3C//DTD XHTML 1.0 Transitional//EN"
    "http://www.w3.org/TR/xhtml1/DTD/xhtml1-transitional.dtd">
<html xmlns="http://www.w3.org/1999/xhtml" xml:lang="en" lang="en">
 <head>
  <title>
</title>
<meta http-equiv="Content-Type" content="text/html;charset=utf-8" />
  <meta name='ocr-system' content='tesseract 3.04.00' />
  <meta name='ocr-capabilities' content='ocr_page ocr_carea ocr_par ocr_line ocrx_word'/>
</head>
<body>
  <div class='ocr_page' id='page_1' title='image "./erasmusredivivu00schlgoog_0480.png"; bbox 0 0 3144 5092; ppageno 0'>
   <div class='ocr_carea' id='block_1_1' title="bbox 666 283 1350 342">
    <p class='ocr_par' dir='ltr' id='par_1_1' title="bbox 666 283 1350 342">
     <span class='ocr_line' id='line_1_1' title="bbox 666 283 1350 342; baseline 0.004 -3"><span class='ocrx_word' id='word_1_1' title='bbox 666 283 754 339; x_wconf 80' lang='lat' dir='ltr'>Orrur</span> <span class='ocrx_word' id='word_1_2' title='bbox 771 283 805 337; x_wconf 85' lang='lat' dir='ltr'>V.</span> <span class='ocrx_word' id='word_1_3' title='bbox 1314 287 1350 342; x_wconf 86' lang='grc'>99</span> 
     </span>
    </p>
   </div>
   <div class='ocr_carea' id='block_1_2' title="bbox 105 484 1446 4434">
    <p class='ocr_par' dir='ltr' id='par_1_2' title="bbox 105 484 1350 671">
     <span class='ocr_line' id='line_1_2' title="bbox 105 484 1350 566; baseline 0.003 -22"><span class='ocrx_word' id='word_1_4' title='bbox 105 490 198 545; x_wconf 87' lang='lat' dir='ltr'>artes</span> <span class='ocrx_word' id='word_1_5' title='bbox 225 484 353 563; x_wconf 82' lang='lat' dir='ltr'>impellit</span> <span class='ocrx_word' id='word_1_6' title='bbox 379 490 534 564; x_wconf 87' lang='lat' dir='ltr'>certosque</span> <span class='ocrx_word' id='word_1_7' title='bbox 560 485 669 562; x_wconf 86' lang='lat' dir='ltr'>reddit,</span> <span class='ocrx_word' id='word_1_8' title='bbox 698 505 776 563; x_wconf 88' lang='lat' dir='ltr'>sese,</span> <span class='ocrx_word' id='word_1_9' title='bbox 803 491 838 547; x_wconf 88' lang='lat' dir='ltr'>ut</span> <span class='ocrx_word' id='word_1_10' title='bbox 865 506 933 566; x_wconf 88' lang='lat' dir='ltr'>pars</span> <span class='ocrx_word' id='word_1_11' title='bbox 961 491 1033 548; x_wconf 92' lang='lat' dir='ltr'>sunt</span> <span class='ocrx_word' id='word_1_12' title='bbox 1056 489 1145 548; x_wconf 88' lang='lat' dir='ltr'>creati</span> <span class='ocrx_word' id='word_1_13' title='bbox 1168 488 1280 566; x_wconf 90' lang='lat' dir='ltr'>operis,</span> <span class='ocrx_word' id='word_1_14' title='bbox 1308 489 1350 548; x_wconf 86' lang='lat' dir='ltr'>ita</span> 
     </span>
     <span class='ocr_line' id='line_1_3' title="bbox 107 593 804 671; baseline 0.006 -19"><span class='ocrx_word' id='word_1_15' title='bbox 107 598 145 652; x_wconf 90' lang='lat' dir='ltr'>ct</span> <span class='ocrx_word' id='word_1_16' title='bbox 172 593 206 651; x_wconf 91' lang='lat' dir='ltr'>in</span> <span class='ocrx_word' id='word_1_17' title='bbox 229 598 312 670; x_wconf 87' lang='lat' dir='ltr'>parte</span> <span class='ocrx_word' id='word_1_18' title='bbox 334 593 453 653; x_wconf 91' lang='lat' dir='ltr'>divinae</span> <span class='ocrx_word' id='word_1_19' title='bbox 475 594 677 671; x_wconf 83' lang='lat' dir='ltr'>providentiae</span> <span class='ocrx_word' id='word_1_20' title='bbox 700 593 804 656; x_wconf 83' lang='lat' dir='ltr'>esse‘1</span> 
     </span>
    </p>

    <p class='ocr_par' dir='ltr' id='par_1_3' title="bbox 107 700 1351 1855">
     <span class='ocr_line' id='line_1_4' title="bbox 227 700 1350 782; baseline 0.004 -22"><span class='ocrx_word' id='word_1_21' title='bbox 227 700 360 760; x_wconf 80' lang='lat' dir='ltr'>Eandem</span> <span class='ocrx_word' id='word_1_22' title='bbox 386 700 525 761; x_wconf 89' lang='lat' dir='ltr'>fiduciam</span> <span class='ocrx_word' id='word_1_23' title='bbox 552 708 642 779; x_wconf 89' lang='lat' dir='ltr'>atquo</span> <span class='ocrx_word' id='word_1_24' title='bbox 669 701 739 762; x_wconf 92' lang='lat' dir='ltr'>inde</span> <span class='ocrx_word' id='word_1_25' title='bbox 766 703 863 763; x_wconf 89' lang='lat' dir='ltr'>fluens</span> <span class='ocrx_word' id='word_1_26' title='bbox 890 701 969 762; x_wconf 88' lang='lat' dir='ltr'>idern</span> <span class='ocrx_word' id='word_1_27' title='bbox 996 702 1123 781; x_wconf 82' lang='lat' dir='ltr'>pectoris</span> <span class='ocrx_word' id='word_1_28' title='bbox 1145 703 1246 779; x_wconf 88' lang='lat' dir='ltr'>robur,</span> <span class='ocrx_word' id='word_1_29' title='bbox 1275 722 1350 782; x_wconf 90' lang='lat' dir='ltr'>qnae</span> 
     </span>
     <span class='ocr_line' id='line_1_5' title="bbox 107 807 1348 887; baseline 0.004 -22"><span class='ocrx_word' id='word_1_30' title='bbox 107 808 147 866; x_wconf 92' lang='lat' dir='ltr'>irr</span> <span class='ocrx_word' id='word_1_31' title='bbox 168 807 297 885; x_wconf 87' lang='lat' dir='ltr'>Koplero</span> <span class='ocrx_word' id='word_1_32' title='bbox 316 808 475 886; x_wconf 90' lang='lat' dir='ltr'>conspicua</span> <span class='ocrx_word' id='word_1_33' title='bbox 493 813 576 884; x_wconf 88' lang='lat' dir='ltr'>sunt,</span> <span class='ocrx_word' id='word_1_34' title='bbox 599 809 631 868; x_wconf 92' lang='lat' dir='ltr'>in</span> <span class='ocrx_word' id='word_1_35' title='bbox 650 807 781 870; x_wconf 78' lang='lat' dir='ltr'>Galilaeo</span> <span class='ocrx_word' id='word_1_36' title='bbox 802 827 861 870; x_wconf 94' lang='lat' dir='ltr'>non</span> <span class='ocrx_word' id='word_1_37' title='bbox 879 809 1148 871; x_wconf 86' lang='lat' dir='ltr'>animadvertimus.</span> <span class='ocrx_word' id='word_1_38' title='bbox 1192 811 1348 887; x_wconf 77' lang='lat' dir='ltr'>Cognitum</span> 
     </span>
     <span class='ocr_line' id='line_1_6' title="bbox 108 915 1349 994; baseline 0.003 -20"><span class='ocrx_word' id='word_1_39' title='bbox 108 916 153 974; x_wconf 90' lang='lat' dir='ltr'>de</span> <span class='ocrx_word' id='word_1_40' title='bbox 180 918 341 991; x_wconf 74' lang='lat' dir='ltr'>systemate</span> <span class='ocrx_word' id='word_1_41' title='bbox 361 915 562 993; x_wconf 84' lang='lat' dir='ltr'>Gopemieano</span> <span class='ocrx_word' id='word_1_42' title='bbox 584 916 738 976; x_wconf 78' lang='lat' dir='ltr'>veritatem</span> <span class='ocrx_word' id='word_1_43' title='bbox 762 935 815 994; x_wconf 90' lang='lat' dir='ltr'>per</span> <span class='ocrx_word' id='word_1_44' title='bbox 837 917 947 977; x_wconf 89' lang='lat' dir='ltr'>multos</span> <span class='ocrx_word' id='word_1_45' title='bbox 969 937 1062 978; x_wconf 86' lang='lat' dir='ltr'>annos</span> <span class='ocrx_word' id='word_1_46' title='bbox 1085 917 1349 978; x_wconf 88' lang='lat' dir='ltr'>ecclesiasticorum</span> 
     </span>
     <span class='ocr_line' id='line_1_7' title="bbox 110 1022 1350 1100; baseline 0.002 -19"><span class='ocrx_word' id='word_1_47' title='bbox 110 1022 307 1100; x_wconf 87' lang='lat' dir='ltr'>optimatium</span> <span class='ocrx_word' id='word_1_48' title='bbox 334 1028 416 1083; x_wconf 89' lang='lat' dir='ltr'>metu</span> <span class='ocrx_word' id='word_1_49' title='bbox 443 1042 503 1084; x_wconf 90' lang='lat' dir='ltr'>non</span> <span class='ocrx_word' id='word_1_50' title='bbox 529 1028 646 1084; x_wconf 88' lang='lat' dir='ltr'>tantum</span> <span class='ocrx_word' id='word_1_51' title='bbox 670 1024 801 1100; x_wconf 90' lang='lat' dir='ltr'>reticuit,</span> <span class='ocrx_word' id='word_1_52' title='bbox 830 1025 994 1085; x_wconf 89' lang='lat' dir='ltr'>sedetiam</span> <span class='ocrx_word' id='word_1_53' title='bbox 1016 1031 1118 1086; x_wconf 83' lang='lat' dir='ltr'>contra</span> <span class='ocrx_word' id='word_1_54' title='bbox 1140 1025 1350 1086; x_wconf 80' lang='lat' dir='ltr'>conscientiam</span> 
     </span>
     <span class='ocr_line' id='line_1_8' title="bbox 110 1129 1349 1212; baseline 0.006 -26"><span class='ocrx_word' id='word_1_55' title='bbox 110 1129 239 1190; x_wconf 82' lang='lat' dir='ltr'>disertis</span> <span class='ocrx_word' id='word_1_56' title='bbox 256 1131 354 1190; x_wconf 87' lang='lat' dir='ltr'>verbis</span> <span class='ocrx_word' id='word_1_57' title='bbox 372 1131 484 1208; x_wconf 83' lang='lat' dir='ltr'>passim</span> <span class='ocrx_word' id='word_1_58' title='bbox 501 1132 634 1208; x_wconf 84' lang='lat' dir='ltr'>negavit,</span> <span class='ocrx_word' id='word_1_59' title='bbox 657 1132 798 1192; x_wconf 90' lang='lat' dir='ltr'>ecclesiae</span> <span class='ocrx_word' id='word_1_60' title='bbox 817 1133 1006 1209; x_wconf 82' lang='lat' dir='ltr'>sententiam,</span> <span class='ocrx_word' id='word_1_61' title='bbox 1026 1151 1115 1212; x_wconf 84' lang='lat' dir='ltr'>quarn</span> <span class='ocrx_word' id='word_1_62' title='bbox 1133 1133 1178 1192; x_wconf 90' lang='lat' dir='ltr'>illi</span> <span class='ocrx_word' id='word_1_63' title='bbox 1198 1151 1230 1193; x_wconf 87' lang='lat' dir='ltr'>se</span> <span class='ocrx_word' id='word_1_64' title='bbox 1248 1139 1349 1193; x_wconf 87' lang='lat' dir='ltr'>tenere</span> 
     </span>
     <span class='ocr_line' id='line_1_9' title="bbox 112 1237 1351 1317; baseline 0.002 -21"><span class='ocrx_word' id='word_1_65' title='bbox 112 1241 147 1296; x_wconf 88' lang='lat' dir='ltr'>ct</span> <span class='ocrx_word' id='word_1_66' title='bbox 181 1237 373 1316; x_wconf 85' lang='lat' dir='ltr'>pmnuntiare</span> <span class='ocrx_word' id='word_1_67' title='bbox 405 1239 616 1315; x_wconf 84' lang='lat' dir='ltr'>gloriabantur,</span> <span class='ocrx_word' id='word_1_68' title='bbox 648 1239 838 1300; x_wconf 78' lang='lat' dir='ltr'>infallibilem</span> <span class='ocrx_word' id='word_1_69' title='bbox 869 1258 936 1300; x_wconf 89' lang='lat' dir='ltr'>esse</span> <span class='ocrx_word' id='word_1_70' title='bbox 967 1241 1127 1302; x_wconf 88' lang='lat' dir='ltr'>declarans.</span> <span class='ocrx_word' id='word_1_71' title='bbox 1183 1240 1276 1317; x_wconf 83' lang='lat' dir='ltr'>Cujus</span> <span class='ocrx_word' id='word_1_72' title='bbox 1307 1241 1351 1300; x_wconf 88' lang='lat' dir='ltr'>rei</span> 
     </span>
     <span class='ocr_line' id='line_1_10' title="bbox 113 1345 1349 1426; baseline 0.002 -22"><span class='ocrx_word' id='word_1_73' title='bbox 113 1345 258 1422; x_wconf 84' lang='lat' dir='ltr'>exempla</span> <span class='ocrx_word' id='word_1_74' title='bbox 284 1346 363 1404; x_wconf 90' lang='lat' dir='ltr'>infra</span> <span class='ocrx_word' id='word_1_75' title='bbox 389 1347 577 1406; x_wconf 87' lang='lat' dir='ltr'>memoranda</span> <span class='ocrx_word' id='word_1_76' title='bbox 603 1347 689 1406; x_wconf 88' lang='lat' dir='ltr'>nobis</span> <span class='ocrx_word' id='word_1_77' title='bbox 717 1351 811 1407; x_wconf 82' lang='lat' dir='ltr'>erunt</span> <span class='ocrx_word' id='word_1_78' title='bbox 859 1347 942 1407; x_wconf 85' lang='lat' dir='ltr'>Talia</span> <span class='ocrx_word' id='word_1_79' title='bbox 969 1349 997 1408; x_wconf 89' lang='lat' dir='ltr'>si</span> <span class='ocrx_word' id='word_1_80' title='bbox 1023 1348 1091 1426; x_wconf 90' lang='lat' dir='ltr'>quis</span> <span class='ocrx_word' id='word_1_81' title='bbox 1114 1347 1349 1423; x_wconf 80' lang='lat' dir='ltr'>consideraverit,</span> 
     </span>
     <span class='ocr_line' id='line_1_11' title="bbox 114 1453 1350 1533; baseline 0.003 -22"><span class='ocrx_word' id='word_1_82' title='bbox 114 1453 267 1530; x_wconf 82' lang='lat' dir='ltr'>suspicari</span> <span class='ocrx_word' id='word_1_83' title='bbox 294 1453 381 1513; x_wconf 88' lang='lat' dir='ltr'>facile</span> <span class='ocrx_word' id='word_1_84' title='bbox 408 1454 516 1531; x_wconf 82' lang='lat' dir='ltr'>possit,</span> <span class='ocrx_word' id='word_1_85' title='bbox 549 1454 638 1514; x_wconf 91' lang='lat' dir='ltr'>etiarn</span> <span class='ocrx_word' id='word_1_86' title='bbox 666 1459 762 1514; x_wconf 85' lang='lat' dir='ltr'>cetera</span> <span class='ocrx_word' id='word_1_87' title='bbox 790 1473 866 1532; x_wconf 87' lang='lat' dir='ltr'>quae</span> <span class='ocrx_word' id='word_1_88' title='bbox 893 1456 972 1532; x_wconf 90' lang='lat' dir='ltr'>apud</span> <span class='ocrx_word' id='word_1_89' title='bbox 999 1455 1086 1514; x_wconf 90' lang='lat' dir='ltr'>illum</span> <span class='ocrx_word' id='word_1_90' title='bbox 1114 1456 1193 1533; x_wconf 91' lang='lat' dir='ltr'>piam</span> <span class='ocrx_word' id='word_1_91' title='bbox 1221 1459 1350 1516; x_wconf 90' lang='lat' dir='ltr'>mentem</span> 
     </span>
     <span class='ocr_line' id='line_1_12' title="bbox 114 1559 1350 1640; baseline 0.003 -22"><span class='ocrx_word' id='word_1_92' title='bbox 114 1559 311 1620; x_wconf 80' lang='lat' dir='ltr'>christianam</span> <span class='ocrx_word' id='word_1_93' title='bbox 334 1565 364 1620; x_wconf 92' lang='lat' dir='ltr'>et</span> <span class='ocrx_word' id='word_1_94' title='bbox 386 1561 560 1621; x_wconf 85' lang='lat' dir='ltr'>catholicam</span> <span class='ocrx_word' id='word_1_95' title='bbox 582 1563 685 1622; x_wconf 85' lang='lat' dir='ltr'>testari</span> <span class='ocrx_word' id='word_1_96' title='bbox 707 1562 877 1638; x_wconf 86' lang='lat' dir='ltr'>videantur,</span> <span class='ocrx_word' id='word_1_97' title='bbox 899 1581 958 1622; x_wconf 92' lang='lat' dir='ltr'>non</span> <span class='ocrx_word' id='word_1_98' title='bbox 982 1581 1020 1623; x_wconf 88' lang='lat' dir='ltr'>ex</span> <span class='ocrx_word' id='word_1_99' title='bbox 1042 1563 1139 1640; x_wconf 76' lang='lat' dir='ltr'>ipsius</span> <span class='ocrx_word' id='word_1_100' title='bbox 1162 1563 1350 1639; x_wconf 88' lang='lat' dir='ltr'>conscientia,</span> 
     </span>
     <span class='ocr_line' id='line_1_13' title="bbox 116 1667 1349 1748; baseline 0.003 -22"><span class='ocrx_word' id='word_1_101' title='bbox 116 1667 173 1726; x_wconf 84' lang='lat' dir='ltr'>sed</span> <span class='ocrx_word' id='word_1_102' title='bbox 196 1686 235 1727; x_wconf 87' lang='lat' dir='ltr'>ex</span> <span class='ocrx_word' id='word_1_103' title='bbox 257 1669 474 1728; x_wconf 88' lang='lat' dir='ltr'>accommodata</span> <span class='ocrx_word' id='word_1_104' title='bbox 496 1669 534 1728; x_wconf 88' lang='lat' dir='ltr'>ad</span> <span class='ocrx_word' id='word_1_105' title='bbox 556 1669 693 1746; x_wconf 82' lang='lat' dir='ltr'>vulgatas</span> <span class='ocrx_word' id='word_1_106' title='bbox 716 1668 870 1747; x_wconf 88' lang='lat' dir='ltr'>opiniones</span> <span class='ocrx_word' id='word_1_107' title='bbox 892 1669 984 1730; x_wconf 91' lang='lat' dir='ltr'>animi</span> <span class='ocrx_word' id='word_1_108' title='bbox 1007 1670 1106 1748; x_wconf 90' lang='lat' dir='ltr'>specie</span> <span class='ocrx_word' id='word_1_109' title='bbox 1128 1671 1259 1748; x_wconf 81' lang='lat' dir='ltr'>profecte</span> <span class='ocrx_word' id='word_1_110' title='bbox 1277 1688 1349 1731; x_wconf 87' lang='lat' dir='ltr'>esse.</span> 
     </span>
     <span class='ocr_line' id='line_1_14' title="bbox 115 1775 803 1855; baseline 0.004 -21"><span class='ocrx_word' id='word_1_111' title='bbox 115 1775 260 1836; x_wconf 85' lang='lat' dir='ltr'>Errarent</span> <span class='ocrx_word' id='word_1_112' title='bbox 281 1775 477 1836; x_wconf 88' lang='lat' dir='ltr'>nihilominus</span> <span class='ocrx_word' id='word_1_113' title='bbox 500 1776 552 1855; x_wconf 90' lang='lat' dir='ltr'>qui</span> <span class='ocrx_word' id='word_1_114' title='bbox 575 1777 619 1837; x_wconf 90' lang='lat' dir='ltr'>sic</span> <span class='ocrx_word' id='word_1_115' title='bbox 641 1783 803 1837; x_wconf 85' lang='lat' dir='ltr'>censerent</span> 
     </span>
    </p>

    <p class='ocr_par' dir='ltr' id='par_1_4' title="bbox 117 1882 1446 4434">
     <span class='ocr_line' id='line_1_15' title="bbox 227 1882 1350 1963; baseline 0.003 -20"><span class='ocrx_word' id='word_1_116' title='bbox 227 1883 346 1943; x_wconf 78' lang='lat' dir='ltr'>Etenim</span> <span class='ocrx_word' id='word_1_117' title='bbox 365 1882 497 1944; x_wconf 85' lang='lat' dir='ltr'>Galilaeo</span> <span class='ocrx_word' id='word_1_118' title='bbox 519 1901 580 1944; x_wconf 89' lang='lat' dir='ltr'>non</span> <span class='ocrx_word' id='word_1_119' title='bbox 603 1884 689 1944; x_wconf 89' lang='lat' dir='ltr'>aliter</span> <span class='ocrx_word' id='word_1_120' title='bbox 711 1889 800 1962; x_wconf 88' lang='lat' dir='ltr'>atque</span> <span class='ocrx_word' id='word_1_121' title='bbox 818 1885 946 1963; x_wconf 87' lang='lat' dir='ltr'>Keplero</span> <span class='ocrx_word' id='word_1_122' title='bbox 968 1903 1068 1946; x_wconf 90' lang='lat' dir='ltr'>rerum</span> <span class='ocrx_word' id='word_1_123' title='bbox 1088 1889 1210 1946; x_wconf 87' lang='lat' dir='ltr'>naturae</span> <span class='ocrx_word' id='word_1_124' title='bbox 1228 1887 1350 1946; x_wconf 88' lang='lat' dir='ltr'>investi-</span> 
     </span>
     <span class='ocr_line' id='line_1_16' title="bbox 117 1991 1350 2072; baseline 0.002 -22"><span class='ocrx_word' id='word_1_125' title='bbox 117 1991 199 2068; x_wconf 86' lang='lat' dir='ltr'>gatio</span> <span class='ocrx_word' id='word_1_126' title='bbox 222 2009 291 2068; x_wconf 89' lang='lat' dir='ltr'>pars</span> <span class='ocrx_word' id='word_1_127' title='bbox 313 1995 430 2050; x_wconf 87' lang='lat' dir='ltr'>tantum</span> <span class='ocrx_word' id='word_1_128' title='bbox 452 1992 657 2069; x_wconf 88' lang='lat' dir='ltr'>philosophiae</span> <span class='ocrx_word' id='word_1_129' title='bbox 680 1997 754 2066; x_wconf 86' lang='lat' dir='ltr'>erat,</span> <span class='ocrx_word' id='word_1_130' title='bbox 776 1993 843 2069; x_wconf 87' lang='lat' dir='ltr'>ipsa</span> <span class='ocrx_word' id='word_1_131' title='bbox 864 2009 934 2053; x_wconf 80' lang='lat' dir='ltr'>vero</span> <span class='ocrx_word' id='word_1_132' title='bbox 960 1993 1148 2070; x_wconf 89' lang='lat' dir='ltr'>philosophie</span> <span class='ocrx_word' id='word_1_133' title='bbox 1167 1992 1231 2052; x_wconf 91' lang='lat' dir='ltr'>sine</span> <span class='ocrx_word' id='word_1_134' title='bbox 1249 1993 1350 2072; x_wconf 87' lang='lat' dir='ltr'>aliqua</span> 
     </span>
     <span class='ocr_line' id='line_1_17' title="bbox 118 2097 1350 2178; baseline 0.002 -21"><span class='ocrx_word' id='word_1_135' title='bbox 118 2099 177 2158; x_wconf 93' lang='lat' dir='ltr'>Dei</span> <span class='ocrx_word' id='word_1_136' title='bbox 200 2097 368 2174; x_wconf 86' lang='lat' dir='ltr'>cognitione</span> <span class='ocrx_word' id='word_1_137' title='bbox 391 2117 493 2159; x_wconf 88' lang='lat' dir='ltr'>manca</span> <span class='ocrx_word' id='word_1_138' title='bbox 516 2100 677 2159; x_wconf 85' lang='lat' dir='ltr'>ridebatur.</span> <span class='ocrx_word' id='word_1_139' title='bbox 718 2099 761 2159; x_wconf 83' lang='lat' dir='ltr'>Ea</span> <span class='ocrx_word' id='word_1_140' title='bbox 784 2117 855 2159; x_wconf 88' lang='lat' dir='ltr'>sane</span> <span class='ocrx_word' id='word_1_141' title='bbox 877 2100 935 2177; x_wconf 90' lang='lat' dir='ltr'>ipsi</span> <span class='ocrx_word' id='word_1_142' title='bbox 954 2118 1013 2160; x_wconf 93' lang='lat' dir='ltr'>non</span> <span class='ocrx_word' id='word_1_143' title='bbox 1032 2099 1251 2175; x_wconf 85' lang='lat' dir='ltr'>satisfecerunt,</span> <span class='ocrx_word' id='word_1_144' title='bbox 1275 2119 1350 2178; x_wconf 89' lang='lat' dir='ltr'>quae</span> 
     </span>
     <span class='ocr_line' id='line_1_18' title="bbox 119 2206 1350 2285; baseline 0.001 -20"><span class='ocrx_word' id='word_1_145' title='bbox 119 2206 290 2266; x_wconf 85' lang='lat' dir='ltr'>scholastici</span> <span class='ocrx_word' id='word_1_146' title='bbox 318 2207 355 2266; x_wconf 91' lang='lat' dir='ltr'>de</span> <span class='ocrx_word' id='word_1_147' title='bbox 378 2206 440 2266; x_wconf 89' lang='lat' dir='ltr'>Deo</span> <span class='ocrx_word' id='word_1_148' title='bbox 463 2224 502 2266; x_wconf 87' lang='lat' dir='ltr'>ex</span> <span class='ocrx_word' id='word_1_149' title='bbox 524 2207 683 2268; x_wconf 88' lang='lat' dir='ltr'>Aristotele</span> <span class='ocrx_word' id='word_1_150' title='bbox 705 2206 812 2266; x_wconf 86' lang='lat' dir='ltr'>hausta</span> <span class='ocrx_word' id='word_1_151' title='bbox 834 2212 864 2266; x_wconf 92' lang='lat' dir='ltr'>et</span> <span class='ocrx_word' id='word_1_152' title='bbox 886 2225 955 2267; x_wconf 89' lang='lat' dir='ltr'>oum</span> <span class='ocrx_word' id='word_1_153' title='bbox 978 2207 1111 2284; x_wconf 88' lang='lat' dir='ltr'>ejusdem</span> <span class='ocrx_word' id='word_1_154' title='bbox 1133 2207 1251 2285; x_wconf 90' lang='lat' dir='ltr'>placitis</span> <span class='ocrx_word' id='word_1_155' title='bbox 1273 2208 1350 2284; x_wconf 83' lang='lat' dir='ltr'>phy-</span> 
     </span>
     <span class='ocr_line' id='line_1_19' title="bbox 120 2313 1349 2389; baseline 0.002 -17"><span class='ocrx_word' id='word_1_156' title='bbox 120 2313 191 2373; x_wconf 85' lang='lat' dir='ltr'>sicis</span> <span class='ocrx_word' id='word_1_157' title='bbox 219 2319 310 2389; x_wconf 88' lang='lat' dir='ltr'>arcte,</span> <span class='ocrx_word' id='word_1_158' title='bbox 338 2319 373 2373; x_wconf 92' lang='lat' dir='ltr'>ut</span> <span class='ocrx_word' id='word_1_159' title='bbox 399 2314 535 2374; x_wconf 91' lang='lat' dir='ltr'>omnibus</span> <span class='ocrx_word' id='word_1_160' title='bbox 557 2315 725 2389; x_wconf 84' lang='lat' dir='ltr'>videbatur,</span> <span class='ocrx_word' id='word_1_161' title='bbox 753 2315 938 2375; x_wconf 87' lang='lat' dir='ltr'>cohaerentia</span> <span class='ocrx_word' id='word_1_162' title='bbox 961 2315 1111 2375; x_wconf 88' lang='lat' dir='ltr'>docebant.</span> <span class='ocrx_word' id='word_1_163' title='bbox 1158 2314 1223 2374; x_wconf 90' lang='lat' dir='ltr'>Jam</span> <span class='ocrx_word' id='word_1_164' title='bbox 1247 2315 1349 2374; x_wconf 90' lang='lat' dir='ltr'>adnle-</span> 
     </span>
     <span class='ocr_line' id='line_1_20' title="bbox 121 2420 1350 2500; baseline 0.002 -20"><span class='ocrx_word' id='word_1_165' title='bbox 121 2439 207 2481; x_wconf 83' lang='lat' dir='ltr'>seens</span> <span class='ocrx_word' id='word_1_166' title='bbox 226 2421 379 2481; x_wconf 88' lang='lat' dir='ltr'>Platonem</span> <span class='ocrx_word' id='word_1_167' title='bbox 398 2420 565 2498; x_wconf 86' lang='lat' dir='ltr'>Stagyritae</span> <span class='ocrx_word' id='word_1_168' title='bbox 583 2421 773 2499; x_wconf 81' lang='lat' dir='ltr'>praetulerat,</span> <span class='ocrx_word' id='word_1_169' title='bbox 792 2439 889 2500; x_wconf 91' lang='lat' dir='ltr'>neque</span> <span class='ocrx_word' id='word_1_170' title='bbox 907 2426 1006 2482; x_wconf 88' lang='lat' dir='ltr'>tamen</span> <span class='ocrx_word' id='word_1_171' title='bbox 1024 2423 1117 2497; x_wconf 91' lang='lat' dir='ltr'>hunc,</span> <span class='ocrx_word' id='word_1_172' title='bbox 1137 2439 1226 2499; x_wconf 89' lang='lat' dir='ltr'>quem</span> <span class='ocrx_word' id='word_1_173' title='bbox 1244 2441 1350 2498; x_wconf 88' lang='lat' dir='ltr'>graece</span> 
     </span>
     <span class='ocr_line' id='line_1_21' title="bbox 120 2529 1350 2608; baseline 0.002 -21"><span class='ocrx_word' id='word_1_174' title='bbox 120 2529 245 2604; x_wconf 81' lang='lat' dir='ltr'>legerat,</span> <span class='ocrx_word' id='word_1_175' title='bbox 273 2530 498 2607; x_wconf 77' lang='lat' dir='ltr'>aspernabatrrr5</span> <span class='ocrx_word' id='word_1_176' title='bbox 527 2530 655 2590; x_wconf 88' lang='lat' dir='ltr'>eundem</span> <span class='ocrx_word' id='word_1_177' title='bbox 682 2529 795 2606; x_wconf 90' lang='lat' dir='ltr'>ipsum,</span> <span class='ocrx_word' id='word_1_178' title='bbox 824 2530 850 2590; x_wconf 90' lang='lat' dir='ltr'>si</span> <span class='ocrx_word' id='word_1_179' title='bbox 878 2530 1057 2590; x_wconf 89' lang='lat' dir='ltr'>accuratiora</span> <span class='ocrx_word' id='word_1_180' title='bbox 1084 2535 1207 2589; x_wconf 89' lang='lat' dir='ltr'>naturae</span> <span class='ocrx_word' id='word_1_181' title='bbox 1234 2530 1350 2608; x_wconf 89' lang='lat' dir='ltr'>experi-</span> 
     </span>
     <span class='ocr_line' id='line_1_22' title="bbox 120 2636 1446 2726; baseline 0.002 -32"><span class='ocrx_word' id='word_1_182' title='bbox 120 2641 220 2695; x_wconf 88' lang='lat' dir='ltr'>menta</span> <span class='ocrx_word' id='word_1_183' title='bbox 248 2636 345 2696; x_wconf 84' lang='lat' dir='ltr'>oblata</span> <span class='ocrx_word' id='word_1_184' title='bbox 372 2642 486 2712; x_wconf 86' lang='lat' dir='ltr'>essent,</span> <span class='ocrx_word' id='word_1_185' title='bbox 514 2638 587 2698; x_wconf 89' lang='lat' dir='ltr'>baec</span> <span class='ocrx_word' id='word_1_186' title='bbox 606 2637 674 2702; x_wconf 57' lang='lat' dir='ltr'>,suis</span> <span class='ocrx_word' id='word_1_187' title='bbox 696 2637 933 2714; x_wconf 85' lang='lat' dir='ltr'>antepositumm</span> <span class='ocrx_word' id='word_1_188' title='bbox 956 2638 1050 2698; x_wconf 84' lang='lat' dir='ltr'>inisse</span> <span class='ocrx_word' id='word_1_189' title='bbox 1072 2637 1152 2698; x_wconf 90' lang='lat' dir='ltr'>dicit.</span> <span class='ocrx_word' id='word_1_190' title='bbox 1197 2636 1296 2697; x_wconf 85' lang='lat' dir='ltr'>Etiam</span> <span class='ocrx_word' id='word_1_191' title='bbox 1318 2638 1350 2696; x_wconf 90' lang='lat' dir='ltr'>in</span> <span class='ocrx_word' id='word_1_192' title='bbox 1439 2710 1446 2726; x_wconf 63' lang='lat'>,</span> 
     </span>
     <span class='ocr_line' id='line_1_23' title="bbox 122 2744 1351 2823; baseline 0.002 -21"><span class='ocrx_word' id='word_1_193' title='bbox 122 2744 253 2820; x_wconf 87' lang='lat' dir='ltr'>ejusdem</span> <span class='ocrx_word' id='word_1_194' title='bbox 281 2744 532 2820; x_wconf 87' lang='lat' dir='ltr'>speculationibus</span> <span class='ocrx_word' id='word_1_195' title='bbox 561 2745 701 2805; x_wconf 84' lang='lat' dir='ltr'>debiliora</span> <span class='ocrx_word' id='word_1_196' title='bbox 728 2745 872 2823; x_wconf 85' lang='lat' dir='ltr'>quaedam</span> <span class='ocrx_word' id='word_1_197' title='bbox 901 2745 1061 2822; x_wconf 82' lang='lat' dir='ltr'>sigarificat3</span> <span class='ocrx_word' id='word_1_198' title='bbox 1091 2745 1142 2805; x_wconf 88' lang='lat' dir='ltr'>sic·</span> <span class='ocrx_word' id='word_1_199' title='bbox 1157 2763 1195 2804; x_wconf 85' lang='lat' dir='ltr'>ex</span> <span class='ocrx_word' id='word_1_200' title='bbox 1218 2745 1351 2806; x_wconf 88' lang='lat' dir='ltr'>obscuris</span> 
     </span>
     <span class='ocr_line' id='line_1_24' title="bbox 122 2851 1350 2930; baseline 0.002 -20"><span class='ocrx_word' id='word_1_201' title='bbox 122 2851 185 2926; x_wconf 88' lang='lat' dir='ltr'>ejus</span> <span class='ocrx_word' id='word_1_202' title='bbox 217 2851 305 2911; x_wconf 90' lang='lat' dir='ltr'>dictis</span> <span class='ocrx_word' id='word_1_203' title='bbox 338 2853 487 2929; x_wconf 84' lang='lat' dir='ltr'>sophistas</span> <span class='ocrx_word' id='word_1_204' title='bbox 520 2852 739 2913; x_wconf 86' lang='lat' dir='ltr'>diversissimas</span> <span class='ocrx_word' id='word_1_205' title='bbox 771 2871 819 2913; x_wconf 88' lang='lat' dir='ltr'>res</span> <span class='ocrx_word' id='word_1_206' title='bbox 851 2853 1018 2930; x_wconf 88' lang='lat' dir='ltr'>repetiisse,</span> <span class='ocrx_word' id='word_1_207' title='bbox 1051 2852 1134 2913; x_wconf 83' lang='lat' dir='ltr'>verbi</span> <span class='ocrx_word' id='word_1_208' title='bbox 1161 2870 1250 2912; x_wconf 85' lang='lat' dir='ltr'>causa</span> <span class='ocrx_word' id='word_1_209' title='bbox 1276 2853 1350 2912; x_wconf 87' lang='lat' dir='ltr'>alios</span> 
     </span>
     <span class='ocr_line' id='line_1_25' title="bbox 123 2959 1349 3034; baseline 0 -16"><span class='ocrx_word' id='word_1_210' title='bbox 123 2959 341 3034; x_wconf 86' lang='lat' dir='ltr'>mortalitatem,</span> <span class='ocrx_word' id='word_1_211' title='bbox 382 2959 456 3019; x_wconf 87' lang='lat' dir='ltr'>ahos</span> <span class='ocrx_word' id='word_1_212' title='bbox 496 2959 747 3020; x_wconf 82' lang='lat' dir='ltr'>immortalitatem</span> <span class='ocrx_word' id='word_1_213' title='bbox 789 2960 904 3020; x_wconf 89' lang='lat' dir='ltr'>animae</span> <span class='ocrx_word' id='word_1_214' title='bbox 939 2960 1099 3020; x_wconf 89' lang='lat' dir='ltr'>deduxisse</span> <span class='ocrx_word' id='word_1_215' title='bbox 1135 2963 1349 3020; x_wconf 89' lang='lat' dir='ltr'>commemorat.</span> 
     </span>
     <span class='ocr_line' id='line_1_26' title="bbox 124 3066 1350 3144; baseline -0.002 -18"><span class='ocrx_word' id='word_1_216' title='bbox 124 3067 273 3127; x_wconf 88' lang='lat' dir='ltr'>Ridiculos</span> <span class='ocrx_word' id='word_1_217' title='bbox 305 3067 374 3126; x_wconf 87' lang='lat' dir='ltr'>illos</span> <span class='ocrx_word' id='word_1_218' title='bbox 406 3085 471 3127; x_wconf 88' lang='lat' dir='ltr'>esse</span> <span class='ocrx_word' id='word_1_219' title='bbox 503 3067 588 3142; x_wconf 90' lang='lat' dir='ltr'>dicit,</span> <span class='ocrx_word' id='word_1_220' title='bbox 622 3085 655 3126; x_wconf 86' lang='lat' dir='ltr'>se</span> <span class='ocrx_word' id='word_1_221' title='bbox 682 3067 798 3127; x_wconf 85' lang='lat' dir='ltr'>vinctos</span> <span class='ocrx_word' id='word_1_222' title='bbox 826 3085 859 3127; x_wconf 86' lang='lat' dir='ltr'>se</span> <span class='ocrx_word' id='word_1_223' title='bbox 886 3084 952 3126; x_wconf 90' lang='lat' dir='ltr'>esse</span> <span class='ocrx_word' id='word_1_224' title='bbox 980 3068 1173 3144; x_wconf 83' lang='lat' dir='ltr'>profiteantur</span> <span class='ocrx_word' id='word_1_225' title='bbox 1198 3066 1236 3124; x_wconf 87' lang='lat' dir='ltr'>iis</span> <span class='ocrx_word' id='word_1_226' title='bbox 1263 3083 1350 3142; x_wconf 85' lang='lat' dir='ltr'>argn-</span> 
     </span>
     <span class='ocr_line' id='line_1_27' title="bbox 123 3151 1350 3252; baseline -0.002 -19"><span class='ocrx_word' id='word_1_227' title='bbox 123 3175 243 3250; x_wconf 88' lang='lat' dir='ltr'>mentie,</span> <span class='ocrx_word' id='word_1_228' title='bbox 267 3175 304 3234; x_wconf 92' lang='lat' dir='ltr'>de</span> <span class='ocrx_word' id='word_1_229' title='bbox 327 3175 436 3252; x_wconf 90' lang='lat' dir='ltr'>quibus</span> <span class='ocrx_word' id='word_1_230' title='bbox 459 3174 518 3252; x_wconf 91' lang='lat' dir='ltr'>ipsi</span> <span class='ocrx_word' id='word_1_231' title='bbox 541 3174 689 3249; x_wconf 89' lang='lat' dir='ltr'>dubitent,</span> <span class='ocrx_word' id='word_1_232' title='bbox 712 3192 785 3232; x_wconf 90' lang='lat' dir='ltr'>num</span> <span class='ocrx_word' id='word_1_233' title='bbox 808 3174 846 3234; x_wconf 91' lang='lat' dir='ltr'>de</span> <span class='ocrx_word' id='word_1_234' title='bbox 863 3173 917 3233; x_wconf 86' lang='lat' dir='ltr'>tali</span> <span class='ocrx_word' id='word_1_235' title='bbox 935 3173 983 3233; x_wconf 80' lang='lat' dir='ltr'>rel</span> <span class='ocrx_word' id='word_1_236' title='bbox 1002 3172 1054 3232; x_wconf 86' lang='lat' dir='ltr'>tali</span> <span class='ocrx_word' id='word_1_237' title='bbox 1069 3151 1221 3250; x_wconf 85' lang='lat' dir='ltr'>¹proposito</span> <span class='ocrx_word' id='word_1_238' title='bbox 1241 3171 1350 3249; x_wconf 85' lang='lat' dir='ltr'>scripta</span> 
     </span>
     <span class='ocr_line' id='line_1_28' title="bbox 124 3279 1351 3360; baseline -0.002 -20"><span class='ocrx_word' id='word_1_239' title='bbox 124 3283 245 3356; x_wconf 81' lang='lat' dir='ltr'>fuerint,</span> <span class='ocrx_word' id='word_1_240' title='bbox 268 3282 359 3342; x_wconf 90' lang='lat' dir='ltr'>immo</span> <span class='ocrx_word' id='word_1_241' title='bbox 379 3283 416 3343; x_wconf 88' lang='lat' dir='ltr'>de</span> <span class='ocrx_word' id='word_1_242' title='bbox 435 3282 543 3360; x_wconf 90' lang='lat' dir='ltr'>quibus</span> <span class='ocrx_word' id='word_1_243' title='bbox 561 3282 639 3341; x_wconf 79' lang='lat' dir='ltr'>inter</span> <span class='ocrx_word' id='word_1_244' title='bbox 656 3281 738 3358; x_wconf 87' lang='lat' dir='ltr'>ipsos</span> <span class='ocrx_word' id='word_1_245' title='bbox 757 3281 926 3358; x_wconf 87' lang='lat' dir='ltr'>disputatur</span> <span class='ocrx_word' id='word_1_246' title='bbox 943 3299 982 3340; x_wconf 89' lang='lat' dir='ltr'>an</span> <span class='ocrx_word' id='word_1_247' title='bbox 1001 3280 1102 3340; x_wconf 89' lang='lat' dir='ltr'>eadem</span> <span class='ocrx_word' id='word_1_248' title='bbox 1121 3297 1168 3339; x_wconf 90' lang='lat' dir='ltr'>res</span> <span class='ocrx_word' id='word_1_249' title='bbox 1187 3279 1351 3339; x_wconf 87' lang='lat' dir='ltr'>affirmetur</span> 
     </span>
     <span class='ocr_line' id='line_1_29' title="bbox 125 3387 1351 3467; baseline -0.002 -19"><span class='ocrx_word' id='word_1_250' title='bbox 125 3408 160 3448; x_wconf 91' lang='lat' dir='ltr'>an</span> <span class='ocrx_word' id='word_1_251' title='bbox 178 3395 310 3467; x_wconf 89' lang='lat' dir='ltr'>negetur.</span> <span class='ocrx_word' id='word_1_252' title='bbox 353 3387 440 3465; x_wconf 86' lang='lat' dir='ltr'>,Quid</span> <span class='ocrx_word' id='word_1_253' title='bbox 457 3391 514 3450; x_wconf 91' lang='lat' dir='ltr'>hoc</span> <span class='ocrx_word' id='word_1_254' title='bbox 532 3389 614 3448; x_wconf 87' lang='lat' dir='ltr'>aliud</span> <span class='ocrx_word' id='word_1_255' title='bbox 632 3392 704 3462; x_wconf 83' lang='lat' dir='ltr'>est‘,</span> <span class='ocrx_word' id='word_1_256' title='bbox 726 3388 836 3466; x_wconf 90' lang='lat' dir='ltr'>inquit,</span> <span class='ocrx_word' id='word_1_257' title='bbox 862 3405 964 3466; x_wconf 88' lang='lat' dir='ltr'>,quam</span> <span class='ocrx_word' id='word_1_258' title='bbox 983 3387 1093 3448; x_wconf 87' lang='lat' dir='ltr'>oraculi</span> <span class='ocrx_word' id='word_1_259' title='bbox 1111 3387 1206 3447; x_wconf 89' lang='lat' dir='ltr'>instar</span> <span class='ocrx_word' id='word_1_260' title='bbox 1224 3390 1351 3446; x_wconf 84' lang='lat' dir='ltr'>statuum</span> 
     </span>
     <span class='ocr_line' id='line_1_30' title="bbox 125 3495 1349 3574; baseline -0.002 -18"><span class='ocrx_word' id='word_1_261' title='bbox 125 3497 250 3574; x_wconf 79' lang='lat' dir='ltr'>ligneam</span> <span class='ocrx_word' id='word_1_262' title='bbox 273 3497 470 3559; x_wconf 81' lang='lat' dir='ltr'>constituere?</span> <span class='ocrx_word' id='word_1_263' title='bbox 516 3497 582 3556; x_wconf 83' lang='lat' dir='ltr'>Vah</span> <span class='ocrx_word' id='word_1_264' title='bbox 604 3496 768 3556; x_wconf 87' lang='lat' dir='ltr'>inauditam</span> <span class='ocrx_word' id='word_1_265' title='bbox 791 3495 944 3556; x_wconf 89' lang='lat' dir='ltr'>servilium</span> <span class='ocrx_word' id='word_1_266' title='bbox 966 3496 1153 3572; x_wconf 89' lang='lat' dir='ltr'>ingeniorum</span> <span class='ocrx_word' id='word_1_267' title='bbox 1176 3495 1349 3554; x_wconf 87' lang='lat' dir='ltr'>vilitateml‘</span> 
     </span>
     <span class='ocr_line' id='line_1_31' title="bbox 126 3603 1349 3680; baseline 0.002 -16"><span class='ocrx_word' id='word_1_268' title='bbox 126 3605 197 3679; x_wconf 88' lang='lat' dir='ltr'>,Nec</span> <span class='ocrx_word' id='word_1_269' title='bbox 224 3605 290 3665; x_wconf 91' lang='lat' dir='ltr'>ideo</span> <span class='ocrx_word' id='word_1_270' title='bbox 317 3609 416 3666; x_wconf 89' lang='lat' dir='ltr'>tamen</span> <span class='ocrx_word' id='word_1_271' title='bbox 443 3605 600 3680; x_wconf 88' lang='lat' dir='ltr'>contendo,</span> <span class='ocrx_word' id='word_1_272' title='bbox 634 3604 805 3664; x_wconf 87' lang='lat' dir='ltr'>nullatenus</span> <span class='ocrx_word' id='word_1_273' title='bbox 833 3621 900 3664; x_wconf 87' lang='lat' dir='ltr'>esse</span> <span class='ocrx_word' id='word_1_274' title='bbox 926 3603 1081 3663; x_wconf 85' lang='lat' dir='ltr'>Aristoteli</span> <span class='ocrx_word' id='word_1_275' title='bbox 1107 3603 1349 3679; x_wconf 65' lang='lat' dir='ltr'>auscultandum</span> 
     </span>
     <span class='ocr_line' id='line_1_32' title="bbox 125 3709 1351 3792; baseline -0.002 -21"><span class='ocrx_word' id='word_1_276' title='bbox 125 3712 208 3772; x_wconf 86' lang='lat' dir='ltr'>lando</span> <span class='ocrx_word' id='word_1_277' title='bbox 240 3714 339 3790; x_wconf 91' lang='lat' dir='ltr'>potius</span> <span class='ocrx_word' id='word_1_278' title='bbox 372 3713 399 3773; x_wconf 92' lang='lat' dir='ltr'>si</span> <span class='ocrx_word' id='word_1_279' title='bbox 430 3714 498 3792; x_wconf 89' lang='lat' dir='ltr'>quis</span> <span class='ocrx_word' id='word_1_280' title='bbox 526 3713 614 3772; x_wconf 89' lang='lat' dir='ltr'>illum</span> <span class='ocrx_word' id='word_1_281' title='bbox 640 3712 780 3790; x_wconf 89' lang='lat' dir='ltr'>inspiciat</span> <span class='ocrx_word' id='word_1_282' title='bbox 806 3711 1022 3789; x_wconf 72' lang='lat' dir='ltr'>diligenterque</span> <span class='ocrx_word' id='word_1_283' title='bbox 1050 3709 1151 3770; x_wconf 87' lang='lat' dir='ltr'>discat.</span> <span class='ocrx_word' id='word_1_284' title='bbox 1202 3709 1238 3768; x_wconf 91' lang='lat' dir='ltr'>Id</span> <span class='ocrx_word' id='word_1_285' title='bbox 1265 3709 1351 3768; x_wconf 91' lang='lat' dir='ltr'>modo</span> 
     </span>
     <span class='ocr_line' id='line_1_33' title="bbox 127 3815 1351 3898; baseline 0 -22"><span class='ocrx_word' id='word_1_286' title='bbox 127 3821 349 3898; x_wconf 85' lang='lat' dir='ltr'>vituperandum</span> <span class='ocrx_word' id='word_1_287' title='bbox 381 3826 438 3896; x_wconf 87' lang='lat' dir='ltr'>est,</span> <span class='ocrx_word' id='word_1_288' title='bbox 470 3837 566 3898; x_wconf 89' lang='lat' dir='ltr'>usque</span> <span class='ocrx_word' id='word_1_289' title='bbox 597 3821 669 3879; x_wconf 89' lang='lat' dir='ltr'>adeo</span> <span class='ocrx_word' id='word_1_290' title='bbox 701 3820 733 3878; x_wconf 92' lang='lat' dir='ltr'>in</span> <span class='ocrx_word' id='word_1_291' title='bbox 764 3819 903 3896; x_wconf 89' lang='lat' dir='ltr'>praedam</span> <span class='ocrx_word' id='word_1_292' title='bbox 935 3837 967 3878; x_wconf 89' lang='lat' dir='ltr'>se</span> <span class='ocrx_word' id='word_1_293' title='bbox 998 3818 1026 3878; x_wconf 91' lang='lat' dir='ltr'>ei</span> <span class='ocrx_word' id='word_1_294' title='bbox 1058 3817 1139 3894; x_wconf 89' lang='lat' dir='ltr'>dare,</span> <span class='ocrx_word' id='word_1_295' title='bbox 1172 3821 1206 3877; x_wconf 91' lang='lat' dir='ltr'>ut</span> <span class='ocrx_word' id='word_1_296' title='bbox 1233 3815 1351 3876; x_wconf 89' lang='lat' dir='ltr'>occluso</span> 
     </span>
     <span class='ocr_line' id='line_1_34' title="bbox 127 3923 1351 4006; baseline -0.004 -19"><span class='ocrx_word' id='word_1_297' title='bbox 127 3927 205 3988; x_wconf 89' lang='lat' dir='ltr'>oculo</span> <span class='ocrx_word' id='word_1_298' title='bbox 233 3928 394 4006; x_wconf 86' lang='lat' dir='ltr'>unicuique</span> <span class='ocrx_word' id='word_1_299' title='bbox 420 3927 499 3987; x_wconf 90' lang='lat' dir='ltr'>dicto</span> <span class='ocrx_word' id='word_1_300' title='bbox 527 3927 592 4004; x_wconf 90' lang='lat' dir='ltr'>ejus</span> <span class='ocrx_word' id='word_1_301' title='bbox 621 3927 788 3987; x_wconf 86' lang='lat' dir='ltr'>subscribas</span> <span class='ocrx_word' id='word_1_302' title='bbox 816 3931 846 3985; x_wconf 89' lang='lat' dir='ltr'>et</span> <span class='ocrx_word' id='word_1_303' title='bbox 872 3926 983 3985; x_wconf 86' lang='lat' dir='ltr'>omissa</span> <span class='ocrx_word' id='word_1_304' title='bbox 1005 3925 1139 3984; x_wconf 88' lang='lat' dir='ltr'>diversae</span> <span class='ocrx_word' id='word_1_305' title='bbox 1160 3923 1283 3983; x_wconf 89' lang='lat' dir='ltr'>rationis</span> <span class='ocrx_word' id='word_1_306' title='bbox 1305 3923 1351 3982; x_wconf 91' lang='lat' dir='ltr'>in-</span> 
     </span>
     <span class='ocr_line' id='line_1_35' title="bbox 127 4030 1350 4112; baseline -0.002 -20"><span class='ocrx_word' id='word_1_307' title='bbox 127 4035 315 4112; x_wconf 83' lang='lat' dir='ltr'>vestigatione</span> <span class='ocrx_word' id='word_1_308' title='bbox 348 4035 486 4112; x_wconf 90' lang='lat' dir='ltr'>quodqne</span> <span class='ocrx_word' id='word_1_309' title='bbox 511 4051 566 4111; x_wconf 90' lang='lat' dir='ltr'>pro</span> <span class='ocrx_word' id='word_1_310' title='bbox 593 4033 758 4094; x_wconf 84' lang='lat' dir='ltr'>inviolabili</span> <span class='ocrx_word' id='word_1_311' title='bbox 785 4033 903 4094; x_wconf 90' lang='lat' dir='ltr'>decreto</span> <span class='ocrx_word' id='word_1_312' title='bbox 929 4031 1064 4110; x_wconf 88' lang='lat' dir='ltr'>recipias.</span> <span class='ocrx_word' id='word_1_313' title='bbox 1111 4030 1202 4106; x_wconf 87' lang='lat' dir='ltr'>Quid,</span> <span class='ocrx_word' id='word_1_314' title='bbox 1233 4047 1350 4109; x_wconf 86' lang='lat' dir='ltr'>quaeso,</span> 
     </span>
     <span class='ocr_line' id='line_1_36' title="bbox 128 4137 1351 4219; baseline -0.002 -19"><span class='ocrx_word' id='word_1_315' title='bbox 128 4142 293 4218; x_wconf 89' lang='lat' dir='ltr'>pudendum</span> <span class='ocrx_word' id='word_1_316' title='bbox 321 4145 367 4202; x_wconf 91' lang='lat' dir='ltr'>est</span> <span class='ocrx_word' id='word_1_317' title='bbox 394 4139 488 4217; x_wconf 88' lang='lat' dir='ltr'>magis</span> <span class='ocrx_word' id='word_1_318' title='bbox 512 4159 601 4219; x_wconf 90' lang='lat' dir='ltr'>quarn</span> <span class='ocrx_word' id='word_1_319' title='bbox 624 4141 703 4218; x_wconf 89' lang='lat' dir='ltr'>quod</span> <span class='ocrx_word' id='word_1_320' title='bbox 726 4141 863 4200; x_wconf 83' lang='lat' dir='ltr'>videmus</span> <span class='ocrx_word' id='word_1_321' title='bbox 886 4141 919 4199; x_wconf 90' lang='lat' dir='ltr'>in</span> <span class='ocrx_word' id='word_1_322' title='bbox 941 4140 1070 4218; x_wconf 90' lang='lat' dir='ltr'>publicis</span> <span class='ocrx_word' id='word_1_323' title='bbox 1093 4137 1351 4216; x_wconf 87' lang='lat' dir='ltr'>disputationibus,</span> 
     </span>
     <span class='ocr_line' id='line_1_37' title="bbox 128 4247 1351 4325; baseline 0 -19"><span class='ocrx_word' id='word_1_324' title='bbox 128 4249 193 4306; x_wconf 90' lang='lat' dir='ltr'>dum</span> <span class='ocrx_word' id='word_1_325' title='bbox 215 4249 252 4308; x_wconf 90' lang='lat' dir='ltr'>de</span> <span class='ocrx_word' id='word_1_326' title='bbox 275 4247 514 4309; x_wconf 91' lang='lat' dir='ltr'>conclusionibus</span> <span class='ocrx_word' id='word_1_327' title='bbox 537 4248 774 4308; x_wconf 88' lang='lat' dir='ltr'>demonstrandis</span> <span class='ocrx_word' id='word_1_328' title='bbox 797 4251 952 4323; x_wconf 85' lang='lat' dir='ltr'>tractatur,</span> <span class='ocrx_word' id='word_1_329' title='bbox 975 4247 1105 4325; x_wconf 88' lang='lat' dir='ltr'>aliquem</span> <span class='ocrx_word' id='word_1_330' title='bbox 1128 4264 1167 4306; x_wconf 86' lang='lat' dir='ltr'>ex</span> <span class='ocrx_word' id='word_1_331' title='bbox 1184 4250 1351 4306; x_wconf 83' lang='lat' dir='ltr'>transverso</span> 
     </span>
     <span class='ocr_line' id='line_1_38' title="bbox 129 4351 1350 4434; baseline -0.002 -20"><span class='ocrx_word' id='word_1_332' title='bbox 129 4355 258 4432; x_wconf 88' lang='lat' dir='ltr'>progredi</span> <span class='ocrx_word' id='word_1_333' title='bbox 284 4355 472 4416; x_wconf 82' lang='lat' dir='ltr'>Aristotelioo</span> <span class='ocrx_word' id='word_1_334' title='bbox 504 4359 603 4432; x_wconf 86' lang='lat' dir='ltr'>textu,</span> <span class='ocrx_word' id='word_1_335' title='bbox 635 4373 847 4434; x_wconf 91' lang='lat' dir='ltr'>saepenumero</span> <span class='ocrx_word' id='word_1_336' title='bbox 878 4356 915 4416; x_wconf 92' lang='lat' dir='ltr'>de</span> <span class='ocrx_word' id='word_1_337' title='bbox 942 4373 975 4415; x_wconf 91' lang='lat' dir='ltr'>re</span> <span class='ocrx_word' id='word_1_338' title='bbox 1002 4353 1205 4415; x_wconf 89' lang='lat' dir='ltr'>diversissima</span> <span class='ocrx_word' id='word_1_339' title='bbox 1232 4351 1350 4430; x_wconf 86' lang='lat' dir='ltr'>scripto,</span> 
     </span>
    </p>
   </div>
   <div class='ocr_carea' id='block_1_3' title="bbox 229 4585 1191 4745">
    <p class='ocr_par' dir='ltr' id='par_1_5' title="bbox 229 4585 1191 4745">
     <span class='ocr_line' id='line_1_39' title="bbox 229 4585 575 4657; baseline -0.003 -17"><span class='ocrx_word' id='word_1_340' title='bbox 229 4588 255 4657; x_wconf 89' lang='lat'>1)</span> <span class='ocrx_word' id='word_1_341' title='bbox 275 4587 339 4642; x_wconf 84' lang='lat' dir='ltr'>Vita</span> <span class='ocrx_word' id='word_1_342' title='bbox 357 4585 466 4655; x_wconf 85' lang='lat' dir='ltr'>Koplori</span> <span class='ocrx_word' id='word_1_343' title='bbox 484 4603 509 4655; x_wconf 90' lang='lat' dir='ltr'>p.</span> <span class='ocrx_word' id='word_1_344' title='bbox 526 4585 575 4640; x_wconf 86' lang='lat' dir='ltr'>XI.</span> 
     </span>
     <span class='ocr_line' id='line_1_40' title="bbox 1156 4690 1191 4745; baseline 0 -25"><span class='ocrx_word' id='word_1_345' title='bbox 1156 4690 1191 4745; x_wconf 68' lang='grc' dir='ltr'>(μ</span> 
     </span>
    </p>
   </div>
   <div class='ocr_carea' id='block_1_4' title="bbox 0 0 1595 5092">
    <p class='ocr_par' dir='ltr' id='par_1_6' title="bbox 0 0 1595 5092">
     <span class='ocr_line' id='line_1_41' title="bbox 0 0 1595 5092; baseline 0 0"><span class='ocrx_word' id='word_1_346' title='bbox 0 0 1595 5092; x_wconf 95' lang='lat' dir='ltr'> </span> 
     </span>
    </p>
   </div>
  </div>
 </body>
</html>
