3156 5056
658 300 751 352 curus
770 296 805 356 X.
1283 295 1332 354 241

118 533 197 590 eque
225 516 314 590 ipsius
343 515 381 574 ad
410 531 456 574 me
486 516 591 574 litteris
620 516 764 591 conjicere
790 515 884 589 potui,
913 514 1057 574 Huttenus
1080 516 1105 572 si
1128 513 1334 574 1333333313

117 621 240 679 vixisset
270 638 335 678 cum
366 620 524 694 Glapione,
556 620 681 679 nondum
711 620 893 694 pernovisset
923 619 1000 678 illius
1030 619 1196 694 ingenium.‘
1252 619 1335 691 Quod

118 726 194 784 satis
217 731 301 784 acute
324 725 434 784 dictum
458 740 522 784 3333
546 740 712 799 censemus,
734 725 870 798 quoniam
894 722 1035 796 Glapione
1056 739 1113 782 non
1136 721 1335 783 confidendum

118 827 212 886 131333
235 845 334 887 33333
355 847 452 888 13133
474 823 620 904 gestarum
644 830 800 902 scriptores
823 828 1020 902 consentiunt,
1045 828 1114 900 quid
1136 826 1191 886 sibi
1213 829 1337 887 voluerit

118 933 270 1006 hucusque
293 933 464 1006 disputatur.
511 933 545 991 Id
568 950 620 1006 313
642 939 722 992 certo
745 930 883 992 affirmari
905 937 1016 1006 potest,
1045 933 1125 990 illum
1148 932 1337 1006 Wormatiee,

119 1037 260 1110 quidquid
284 1037 320 1108 13
344 1037 438 1096 131113
469 1040 532 1110 ejus
562 1037 672 1098 artibus
695 1037 788 1110 deque
813 1037 991 1110 corruptrice
1014 1034 1121 1095 favoris
1142 1033 1286 1096 Pontifieii
1308 1037 1336 1095 11

116 1141 296 1214 judicamus,
327 1141 495 1200 Erasmicae
524 1140 733 1202 moderationis
762 1147 860 1215 partes
889 1139 967 1198 haud
996 1141 1058 1199 sine
1084 1141 1180 1214 aliquo
1202 1157 1337 1200 successu

119 1247 219 1319 egisse
252 1251 283 1305 et
316 1245 474 1306 fortissimo
505 1247 758 1320 versutissimoque
786 1245 909 1304 Romani
943 1245 1088 1304 lanatismi
1122 1247 1339 1320 propugnatori,

119 1351 300 1424 Hieronymo
322 1350 485 1426 Alcandro,
515 1349 617 1410 lortius
640 1367 675 1410 ac
697 1351 855 1424 versutius,
878 1366 963 1422 quarn
984 1365 1110 1423 unquam
1133 1351 1182 1408 ille
1206 1351 1339 1424 opinatus

120 1455 227 1530 luerit,
249 1457 396 1515 obstitisse
416 1461 503 1528 atque
524 1454 664 1514 offecisse.
708 1455 775 1516 Jam
797 1456 887 1529 igitur
910 1454 999 1514 etde
1021 1455 1084 1528 ipso
1098 1453 1244 1514 Aleandro
1263 1457 1340 1528 ejus·

120 1577 180 1632 qne
202 1559 312 1632 indole,
343 1567 374 1619 et
403 1560 440 1619 de
469 1559 591 1619 11131313
615 1560 789 1634 rationibus,
816 1576 891 1634 quae
915 1577 979 1619 cum
1001 1559 1124 1618 Erasmo
1147 1560 1175 1618 ei
1196 1561 1336 1618 interces-

120 1670 238 1740 serunt,
259 1669 399 1739 qnantum
421 1679 469 1723 133
491 1665 619 1738 33313131
642 1664 725 1724 33113
747 1663 902 1724 dicendum
923 1669 976 1723 est.

211 1769 297 1827 Hunc
319 1769 412 1828 virum
434 1785 506 1844 pree
529 1769 637 1828 ceteris
659 1769 793 1828 omnibus
812 1768 901 1830 Curia
923 1771 1070 1846 elegerat,
1093 1769 1154 1842 ,cui
1176 1774 1239 1828 1313
1261 1769 1339 1828 solli·

122 1871 222 1932 citudo
251 1873 424 1933 inniteretur
453 1875 599 1934 nascentis
629 1874 786 1934 haereseos
815 1872 1004 1934 evellendae!
1049 1874 1122 1932 Huic
1148 1889 1263 1946 semper
1289 1873 1339 1931 illa

120 1983 228 2051 postea
250 1985 401 2054 acceptum
422 1979 501 2054 tulit,
524 1978 601 2052 quod
622 1980 669 2052 ,in
691 1979 815 2038 comitiis
833 1979 1109 2052 wormaciensibus,
1133 1979 1339 2050 333313113131

121 2079 357 2158 difficultatibus,
386 2099 404 2142 3
433 2083 566 2143 3331113
595 2083 720 2141 omniurn
747 2083 914 2156 Principum
942 2081 1136 2155 Ordinumque
1165 2079 1339 2140 Germaniae

123 2187 251 2246 edictum
288 2187 488 2262 proscribendi
520 2187 641 2246 Lutheri
678 2187 758 2248 velut
794 2186 999 2246 validissimum
1036 2186 1125 2245 telum
1162 2187 1338 2258 extorsisset,

124 2291 474 2364 31313133113313313
498 2293 673 2366 percelleret
699 2298 730 2351 31
742 2288 943 2350 Pontificatum
966 2287 1190 2350 33333111131.ιι
1227 2288 1340 2348 Eodem

127 2397 223 2454 anime
244 2396 394 2456 Aleander
415 2415 469 2470 per
490 2396 606 2470 longam
629 2397 731 2470 vitani,
761 2411 851 2469 usque
874 2395 910 2454 31
932 2396 1017 2454 initia
1038 2395 1154 2455 concilii
1176 2393 1340 2454 Tridentini

127 2505 275 2572 superstes
311 2501 484 2574 summisque
523 2517 541 2560 a
577 2501 658 2560 curia
687 2499 842 2560 honoribus
872 2501 1047 2574 cumulatus,
1082 2515 1172 2574 agere
1201 2499 1339 2574 perrexit.

125 2604 229 2678 Neque
257 2607 354 2677 331113
377 2605 414 2664 31
436 2605 652 2679 exsequendum
674 2621 777 2663 munus
799 2605 854 2664 sibi
877 2605 1041 2679 impositum
1065 2603 1173 2664 viribus
1195 2605 1340 2664 utebatur.

124 2707 281 2782 Multiplici
323 2710 447 2768 scientia
485 2709 654 2783 aequalibus
698 2709 882 2768 admirationi
925 2714 1003 2782 erat3
1046 2709 1174 2782 Latinis,
1212 2709 1342 2782 Graecis,

125 2812 271 2872 Hebraeis
301 2813 408 2874 litteris
437 2813 617 2873 doctissimus
644 2813 789 2885 trilinguis
814 2813 987 2872 eruditionis
1008 2814 1144 2887 princeps
1167 2814 1340 2886 vocabatur;

126 2918 216 2975 etium
232 2917 378 2978 Huttenus
401 2917 531 2992 dolebat,
555 2934 633 2991 ,esse
657 2918 687 2976 in
710 2917 761 2976 illo
784 2917 859 2990 quod
883 2919 911 2977 ei
933 2916 1130 2978 invideretur}
1175 2917 1278 2992 Neque
1297 2918 1341 2975 13-

127 3021 206 3094 genii
234 3024 366 3082 acumine
397 3039 431 3081 ac
460 3021 612 3096 splendore
644 3021 770 3080 carebat.
816 3021 1023 3080 Verumtamen
1045 3021 1118 3079 miro
1141 3021 1224 3079 modo
1250 3021 1341 3079 bonas

126 3131 206 3184 artes
234 3128 328 3186 arceri
357 3127 447 3186 voluit
475 3143 494 3186 3
518 3125 606 3185 13133
629 3125 665 3184 31
688 3125 842 3185 3331331331
864 3125 1092 3198 pertinentibus,
1121 3125 1152 3182 in
1174 3124 1340 3182 1133111313

125 3230 343 3304 obsequendum
366 3248 430 3291 esse
453 3233 556 3291 statuit
577 3229 728 3289 traditioni
750 3229 956 3303 scholasticae,
982 3234 1099 3287 ueteres
1121 3227 1257 3288 historias
1279 3228 1341 3301 qui-

127 3333 180 3392 133
202 3335 583 3408 1113311313111133331133
606 3335 707 3394 critice
731 3333 951 3407 examinandas,
974 3333 1026 3392 sed
1048 3333 1192 3392 mordicus
1215 3333 1342 3393 tenenda

126 3455 315 3514 quaecuuque
346 3440 383 3500 de
413 3439 659 3514 Pseudodionysio
689 3440 882 3514 Areopagites,
913 3438 949 3497 13
972 3437 1153 3498 Constantini
1176 3437 1341 3513 donatione,

127 3543 164 3601 13
185 3544 292 3604 ceteris
314 3544 454 3604 similibus
476 3543 678 3604 narrabantur.
721 3543 816 3602 Erant
831 3545 880 3616 qui
897 3543 1043 3617 dicerent,
1066 3543 1108 3602 sic
1123 3559 1189 3602 eum
1206 3544 1340 3603 simulare

125 3647 252 3706 studium
280 3649 455 3708 christianae
486 3648 652 3722 religionis,
681 3665 699 3706 a
724 3665 781 3722 qua
803 3648 891 3707 corde
915 3653 993 3708 esset
1015 3648 1224 3723 alienissimus,
1255 3647 1342 3721 hypo·

126 3752 228 3812 311133
255 3769 334 3825 3333,
364 3753 416 3812 331
446 3769 504 3812 333
530 3752 734 3827 Pharisaeum,
766 3753 833 3826 quia
861 3770 918 3812 non
942 3752 1077 3812 crederet
1099 3752 1341 3810 resurrectionem

126 3863 319 3931 mortuorum,
350 3857 516 3930 viveretque
547 3856 668 3931 perinde
699 3862 787 3930 atque
817 3874 882 3916 cum
909 3873 1029 3931 corpore
1058 3861 1134 3914 totus
1160 3859 1239 3914 33331
1264 3854 1341 3926 peri-

125 3967 222 4036 turus,
244 3963 358 4020 scilicet
379 3962 459 4020 laute
482 3961 616 4035 laeteque
640 3967 673 4020 ut
695 3961 884 4036 Epicureum,
914 3963 983 4020 licet
1006 3975 1064 4018 uon
1086 3961 1148 4018 sine
1172 3953 1340 4030 dignitate.²

126 4065 180 4124 Cui
201 4067 328 4140 opinioni
350 4065 502 4140 suffragari
520 4072 622 4141 333133
637 4066 729 4126 visum
749 4071 794 4126 est
808 4066 950 4126 distichon
966 4064 1109 4124 Graecum
1127 4063 1198 4122 satis
1213 4063 1342 4136 elegans,

126 4169 202 4243 quod
232 4170 268 4228 ab
299 4172 361 4242 ipso
394 4169 582 4243 compositum
609 4172 740 4243 sepulcro
770 4170 889 4229 inscribi
916 4169 1011 4243 jussit.
1066 4167 1129 4227 Hoc
1159 4167 1236 4227 enim
1262 4167 1343 4226 nulla

125 4275 194 4348 piae
228 4275 291 4347 spei
322 4276 469 4334 mentione
502 4273 581 4334 iactu
612 4273 697 4348 dicit,
730 4289 802 4348 ,non
835 4275 956 4333 invitum
990 4289 1022 4332 se
1053 4273 1174 4347 obiisse,
1208 4271 1342 4345 quoniam

217 4503 243 4572 1)
261 4503 416 4555 Pallarieini
433 4503 455 4564 l,
469 4507 512 4567 111,
525 4508 553 4565 2;
573 4501 621 4566 IV,
634 4507 659 4566 8,
673 4509 697 4552 4.

218 4593 243 4658 i)
263 4591 420 4642 Sechandori
436 4590 449 4639 I
467 4595 565 4655 3128.
601 4591 705 4640 Erasini
723 4605 782 4654 epp.
798 4589 885 4654 m,
899 4595 940 4643 62.

172 4691 500 4738 831131133331113313113
512 4691 634 4739 3311111333.
1081 4682 1120 4740 16
