3156 5056
689 319 780 370 (innon
798 320 831 371 X.
1315 322 1367 376 235

148 535 239 593 etiam
263 549 281 592 a
305 531 535 594 confessionibus
558 540 643 595 esset.
689 533 746 592 Hic
773 533 876 593 eodem
905 540 1037 609 tempore
1060 552 1126 594 cum
1147 535 1270 596 Erasmo
1289 537 1369 597 litte-

104 719 112 734 ⁸
147 655 249 698 rarum
278 639 449 698 commercio
468 640 586 712 junctus
596 635 618 712 ¹,
649 637 790 711 ,divinam
822 640 885 713 ejus
903 639 1021 698 venam‘
1050 640 1208 699 admiratus
1238 646 1296 716 est,
1332 641 1369 702 de

148 743 295 802 ecclesiae
311 742 499 816 condicione,
522 744 559 802 de
574 743 790 804 reformationis
804 745 995 818 necessitate,
1016 744 1053 803 de
1069 744 1239 804 Lutherauo
1252 747 1369 820 negotio

147 847 228 907 idem
251 853 338 922 atque
360 849 412 906 ille
431 848 581 922 judicavit.
625 848 684 907 Per
706 849 783 906 huuc
805 849 896 922 igitur
913 849 1052 909 Erasmus
1069 848 1225 908 Gaesarem
1247 866 1280 910 se
1303 849 1370 910 sub-

149 955 296 1012 monuisse
315 958 453 1026 testatur,
476 952 562 1026 ,nihil
583 951 683 1026 profici
705 953 736 1010 in
758 957 841 1012 tanta
856 970 943 1016 causa
963 953 1129 1028 vulgaribus
1145 953 1292 1028 remedius,
1314 954 1369 1014 hoe

150 1063 197 1116 est
224 1057 393 1132 palinodiis,
425 1057 591 1116 carceribus
619 1064 651 1117 et
680 1055 867 1118 fasciculis.‘²
918 1057 1021 1130 Neque
1051 1059 1125 1116 alius
1148 1057 1252 1132 judicii
1280 1057 1369 1129 illius,

149 1160 227 1236 quod
256 1161 451 1236 conscriptum
481 1162 602 1220 miserat
631 1160 697 1220 finis
726 1167 798 1220 erat
852 1161 948 1232 Quare
979 1161 1139 1236 conjecerit
1169 1161 1287 1234 aliquis,
1316 1177 1369 1234 per

150 1267 325 1340 Glapienem
347 1267 419 1326 illud
441 1265 545 1325 Garolo
569 1264 707 1324 traditum
731 1281 804 1325 esse.
848 1265 883 1324 Id
906 1271 1032 1340 eertum,
1050 1266 1229 1326 wormatiae
1253 1265 1369 1338 Glapio-

149 1387 218 1430 nem
245 1371 316 1430 licet
341 1371 430 1430 etiam
462 1371 575 1429 cautius
597 1369 720 1429 Erasnm
748 1375 836 1443 atque
859 1371 1013 1445 occultius,
1042 1386 1160 1444 prorsus
1182 1369 1369 1430 &narniense

150 1477 312 1536 sententias
334 1475 497 1548 protulisse.
541 1473 599 1534 Uni
631 1491 696 1534 eum
725 1473 851 1550 Georgia
873 1473 1023 1555 lontano,
1055 1473 1199 1534 Friderici
1221 1473 1368 1548 Sapientia

152 1579 349 1654 Cancellario,
380 1585 470 1639 totum
495 1579 623 1639 animun
646 1595 729 1638 suum
750 1579 811 1638 illic
830 1577 967 1639 effudisse
989 1580 1109 1653 scimus,
1141 1579 1248 1638 similia
1269 1583 1369 1638 tamen

151 1701 184 1744 se
215 1685 292 1758 apud
321 1685 415 1758 ipsum
445 1683 601 1743 Gaesarem
630 1685 749 1758 eJ'usque
776 1685 954 1743 consiliarios
985 1685 1112 1742 locutum
1143 1697 1208 1742 esse
1234 1683 1297 1756 ipse
1325 1683 1368 1742 illi

152 1787 315 1847 affirmavit.
361 1788 420 1847 Per
442 1787 567 1848 eundem
589 1788 751 1847 Pontanum
773 1788 862 1848 etiam
884 1787 1066 1847 Friderieum
1088 1786 1171 1846 adire
1195 1787 1367 1860 compluries

151 1899 273 1953 conatus
295 1897 354 1966 est,
380 1894 406 1950 is
428 1909 497 1951 vero
521 1893 660 1966 ejusmodi
685 1892 896 1951 clandestinum
919 1893 1105 1966 colloquium,
1134 1891 1227 1950 multa
1253 1889 1368 1964 quidem

151 2013 218 2057 cum
250 1995 428 2071 urbanitate,
459 1998 612 2058 recusauit
663 1997 857 2070 Quaecunque
880 1995 985 2070 Glspio
1011 2013 1075 2054 cum
1097 1995 1230 2054 Pontano
1258 2000 1369 2070 egerat,

150 2101 200 2160 hic
221 2101 319 2159 statim
335 2099 507 2160 Germanice
531 2103 639 2175 scripta
661 2118 725 2160 cum
741 2101 877 2160 Electore
900 2101 1137 2175 communicarit,
1160 2103 1290 2158 ceterum
1309 2105 1369 2157 tam

151 2205 241 2264 tacite
262 2205 362 2264 habita
375 2209 443 2263 sunt
457 2206 567 2280 omnia,
588 2211 620 2264 ut
637 2223 675 2266 ne
689 2183 856 2279 Spoletinus
869 2204 1001 2279 quidem,
1021 2203 1202 2264 consiliarius
1216 2202 1368 2262 Friderieo

150 2307 404 2383 familiarissimus,
426 2308 581 2382 quidquam
603 2309 640 2369 do
663 2309 699 2368 iia
723 2311 811 2368 etiam
834 2313 937 2382 postea
954 2303 1132 2368 resciverit³
1175 2307 1278 2381 Neque
1299 2313 1369 2366 ante

152 2411 403 2487 Seckendorfium,
427 2414 475 2486 qui
498 2429 533 2474 ex
556 2414 672 2473 archivo
687 2414 864 2474 Vimariensi
888 2431 924 2473 ea
943 2413 1135 2488 deprompsit,
1157 2412 1231 2471 ullus
1246 2413 1370 2485 scriptor

152 2533 254 2576 eorum
284 2519 460 2576 mentionem
490 2517 574 2592 facit,
611 2523 733 2591 excepto
763 2517 942 2578 Pallavicino
972 2519 1022 2592 qui
1049 2519 1173 2591 aliquam
1204 2533 1303 2576 eorum
1333 2534 1370 2576 ex

151 2621 296 2680 tabulario
317 2620 461 2702 Vaticano
490 2622 625 2680 notitiam
651 2622 761 2681 habuit.
805 2621 866 2681 Nos
894 2638 1009 2694 eorum,
1040 2636 1116 2694 quae
1138 2619 1242 2695 Glapio
1263 2635 1371 2680 sermo-

151 2727 266 2784 cinatus
296 2730 357 2800 est,
387 2731 560 2800 argumenta
588 2727 759 2799 gravissima
788 2726 836 2784 hic
858 2727 1091 2799 interponemus,
1119 2731 1152 2784 ut
1175 2741 1260 2798 quam
1282 2725 1370 2799 plane

153 2831 281 2904 plurima
314 2847 378 2889 cum
411 2831 522 2904 judicio
555 2831 605 2890 illo
636 2830 672 2890 ab
702 2831 824 2890 Eraamo
854 2833 1016 2904 conscripto
1046 2833 1220 2904 congruant,
1251 2830 1371 2888 lecturis

153 2927 324 3009 appareat*

241 3039 382 3113 Colloquii
411 3039 527 3099 initium
556 3039 660 3114 Glapio
690 3037 761 3099 iecit
790 3041 905 3114 dicens,
935 3057 968 3100 se
997 3039 1082 3097 lectis
1103 3037 1225 3097 Lutheri
1253 3037 1369 3110 scriptia

151 3143 295 3218 prioribus
327 3159 364 3200 ex
394 3143 490 3201 animo
518 3143 657 3203 laetatum
683 3159 763 3216 esse;
794 3159 915 3216 germen
938 3143 1015 3202 euim
1038 3141 1135 3200 nobile
1159 3146 1189 3200 et
1210 3155 1314 3199 recens
1337 3156 1369 3198 se

152 3249 184 3306 in
214 3247 300 3306 cordo
328 3246 451 3305 Lutheri
480 3252 576 3306 ortum
605 3247 789 3321 observasse,
824 3247 900 3320 quod
924 3249 986 3321 jam
1017 3245 1145 3303 surculos
1177 3249 1206 3303 et
1234 3243 1368 3316 palmites

152 3351 284 3410 emberit
313 3355 345 3408 et
364 3338 540 3410 'utilissimos
567 3349 676 3410 fructus
702 3351 868 3424 promiserit
898 3349 936 3409 ad
963 3349 1105 3408 ecclesiae
1136 3349 1369 3408 emolumentum.

78 3523 84 3532 Ι
152 3455 209 3513 Illa
230 3454 354 3528 quidem,
376 3471 450 3528 quae
472 3455 617 3514 Lutherus
631 3456 798 3528 monuisset,
822 3455 911 3516 etiam
925 3455 997 3514 alios
1011 3454 1201 3529 intellexisse,
1224 3455 1368 3513 neminem

152 3575 223 3618 uero
245 3559 378 3633 spiritum
400 3559 481 3618 illum
503 3560 691 3634 impetrasse,
714 3562 795 3634 cnjus
817 3577 873 3634 ope
897 3561 1013 3635 plenam
1036 3560 1192 3620 veritatem
1206 3560 1369 3632 exprimere

153 3663 284 3722 auderet.
329 3663 434 3721 Primis
456 3665 519 3738 eJus
542 3663 671 3723 thesibus
694 3669 795 3723 comba
813 3664 1009 3739 indulgentias
1030 3679 1138 3738 paucos
1160 3668 1272 3722 tantum
1293 3665 1370 3722 viros

153 3767 253 3826 domos
282 3783 340 3825 non
369 3783 434 3825 esse
463 3767 670 3842 adstipulatos3
701 3785 882 3842 summopere
911 3769 967 3827 sibi
989 3769 1134 3841 placuisse
1155 3767 1286 3826 libellum
1308 3768 1370 3840 ejus

152 3871 191 3930 de
221 3869 359 3930 libertate
390 3871 562 3944 christiana,
593 3873 644 3944 qui
671 3889 807 3945 magnum
834 3873 986 3945 judicium,
1016 3886 1151 3945 magnam
1173 3875 1267 3929 artem
1286 3869 1371 3942 spiri-

152 3979 271 4046 tumque
301 3973 445 4034 exldbeat.
490 3975 592 4048 Itaque
620 3975 791 4050 Martinam
822 3976 853 4035 id
884 3974 961 4048 quod
991 3991 1027 4033 ex
1056 3972 1188 4050 omnibus
1215 3972 1279 4032 fere
1308 3975 1370 4046 ejus

160 4142 338 4149 a——-—----
344 4143 413 4149 -..-

244 4263 411 4330 1)Eras1nus
434 4264 461 4314 id
485 4271 592 4315 testatur
616 4266 643 4315 in
669 4265 792 4330 epistola,
817 4281 893 4330 quarn
912 4279 979 4314 anno
998 4269 1058 4328 post
1075 4263 1108 4312 ad
1126 4278 1184 4312 sum
1202 4262 1272 4314 dedit
1291 4262 1370 4327 (Epp.

151 4351 229 4416 XIX,
243 4350 318 4416 110),
338 4367 402 4416 quas
421 4368 471 4402 uua
489 4369 520 4402 ex
538 4351 688 4402 commercio
708 4352 756 4402 illo
772 4352 899 4402 litterario
918 4357 1017 4401 servata
1035 4354 1081 4399 est.

244 4437 270 4503 2)
288 4437 357 4502 Epp.
371 4435 431 4502 XX,
445 4444 477 4490 23
498 4439 531 4489 ad
549 4437 739 4489 Fordinandum
758 4437 874 4489 Caesaris
892 4437 995 4487 fratrem
1013 4435 1066 4485 XII
1085 4435 1133 4486 cal.
1152 4435 1213 4488 Dee.
1232 4451 1254 4486 a.
1270 4439 1346 4486 1524.

241 4525 269 4590 3)
288 4524 318 4573 ld
336 4541 366 4574 ex
384 4525 501 4589 epistolis
519 4531 545 4576 et
562 4525 750 4576 commentariis
772 4541 835 4590 epus
852 4529 920 4574 reeta
939 4523 1069 4574 concludit
1085 4522 1240 4574 Beckendorf
1255 4523 1351 4586 1‚143.

243 4611 271 4676 t)
290 4611 472 4662 Foerstemaan
489 4629 515 4676 p.
529 4617 561 4663 ae
572 4629 605 4663 ss.
624 4627 650 4677 p.
663 4615 697 4662 te
707 4627 739 4660 aa.
760 4627 784 4676 p:
798 4615 829 4662 52
841 4627 874 4663 aa.
912 4610 1070 4663 flectendam
1086 4611 1102 4660 l.
1115 4627 1137 4662 c.
