3144 5092
635 284 722 341 Caras
740 281 787 339 IV.
1291 283 1325 340 65

83 494 210 566 cerent,
235 495 270 549 ut
291 494 407 568 praeter
429 489 594 549 Romanum
618 489 820 566 episcopatum
841 488 919 547 nihil
941 487 1069 565 amplius
1093 487 1150 548 sibi
1172 493 1326 564 arrogaret,

85 599 147 657 sed
181 616 251 658 cnm
283 597 449 658 veterrimis
482 597 545 657 suis
577 597 811 656 antecessoribus
843 595 906 656 veri
937 596 1068 674 episcopi
1106 596 1169 656 sive
1200 596 1326 673 pastoris

85 723 208 765 munus
231 705 395 783 susciperet
422 709 452 764 et
474 704 588 764 duabus
615 704 678 764 illis
701 703 869 764 sententiis:
898 704 991 764 Pasce
1014 721 1084 764 oves
1107 721 1200 779 meaa,
1224 707 1325 781 atque:

87 813 229 872 Aedifioa
252 813 405 872 eeclesiam
429 831 525 872 meam
548 829 639 889 super
660 816 786 889 petram,
810 829 897 888 opere
915 811 1112 888 responderet
1154 809 1200 870 De
1222 810 1328 869 talium

88 924 250 998 pastorum
268 919 368 996 inopia
386 919 521 998 queritur
540 919 691 980 Christus:
714 919 835 994 messis,
859 919 969 996 inquit,
992 937 1099 995 magna
1122 923 1179 993 est,
1203 917 1327 994 operarii
1433 923 1435 928 '

90 1046 166 1087 vero
193 1027 294 1105 pauci:
324 1031 423 1104 rogate
450 1027 557 1086 messis
584 1026 750 1102 dominnm,
778 1031 812 1086 nt
839 1025 988 1102 operarios
1017 1027 1114 1085 mittat
1141 1025 1173 1084 in
1200 1043 1328 1085 messem
1361 1049 1369 1060 ·

92 1153 191 1195 suam.
238 1135 330 1194 Totus
357 1139 436 1195 certo
463 1134 594 1194 mundus
622 1139 709 1211 patet
757 1131 852 1208 Quare
880 1135 932 1211 qui
959 1133 1101 1210 pascendi
1128 1133 1255 1210 cupidus
1283 1137 1328 1191 est

93 1243 161 1302 sive
184 1247 218 1302 ut
236 1242 349 1302 Paulus
371 1241 523 1319 apostolus
545 1241 630 1316 dicit,
654 1241 705 1320 qui
724 1241 927 1319 episcopatum
945 1241 1101 1315 desiderat,
1124 1241 1235 1300 bonum
1253 1257 1328 1316 opus

93 1349 253 1410 desiderat
274 1385 317 1393 -
340 1349 432 1427 Atqui
454 1349 536 1427 Papa
556 1349 727 1427 respondet:
751 1348 814 1426 Ego
837 1349 918 1408 istud
940 1367 1060 1426 pascere
1082 1366 1142 1407 non
1164 1348 1221 1407 hoc
1242 1347 1328 1408 modo

93 1458 248 1534 intellego.
283 1493 324 1501 -
358 1455 508 1531 Quomodo
535 1457 627 1534 igitur
653 1456 815 1533 intellegiS,
848 1459 890 1515 mi
916 1457 1016 1532 Papa?
1048 1491 1090 1499 —
1124 1455 1173 1516 Sic
1200 1453 1327 1532 quidem.

95 1567 242 1624 Putabam
269 1584 317 1625 me
339 1565 420 1624 Petri
447 1565 567 1624 nomine
595 1582 697 1624 omnes
719 1563 816 1641 Reges
844 1569 874 1624 et
901 1568 993 1624 totum
1022 1565 1121 1623 orbem
1148 1579 1236 1640 posse
1262 1580 1329 1640 per·

95 1674 284 1748 terrefacere,
316 1677 351 1732 ut
377 1673 435 1750 ipsi
470 1690 502 1732 se
530 1671 603 1730 mihi
630 1672 793 1750 pascendos
825 1677 859 1730 ut
892 1689 992 1731 servos
1024 1671 1242 1745 submitterent,
1275 1687 1329 1746 ego

96 1799 181 1854 vera,
204 1799 273 1840 oum
295 1780 504 1857 prophetarum
527 1797 659 1840 meorum
682 1778 890 1839 acclamatione
912 1779 978 1838 Rex
996 1779 1112 1855 Regum
1135 1782 1165 1837 et
1183 1777 1329 1837 Dominus

98 1887 293 1946 Dominarum
320 1889 429 1962 lactus,
458 1887 614 1964 antiquum
641 1886 799 1963 imperium
826 1885 993 1946 Romanum
1018 1890 1213 1946 restaurarem
1240 1885 1330 1962 idque

98 1995 250 2073 potentius
277 2014 312 2054 ao
339 1995 435 2071 majus
463 2013 552 2072 quam
579 2012 712 2072 unquam
739 1997 802 2054 erat
828 1994 958 2070 Augusti
985 1999 1015 2053 et
1037 1992 1146 2052 Tiberii
1171 1993 1330 2053 Caesarum

99 2107 201 2163 aetate.
226 2137 268 2148 -
292 2102 389 2177 Eheu,
413 2102 505 2180 Papa,
528 2119 626 2162 nonne
648 2102 737 2160 times
761 2102 870 2176 Deum,
892 2118 931 2160 ne
954 2105 1118 2179 propterea,
1142 2100 1220 2178 quod
1242 2101 1331 2160 uerba

100 2211 166 2286 ejus
188 2215 249 2269 tam
272 2210 397 2270 sceleste
419 2209 591 2269 adulterasti
615 2213 645 2268 et
667 2208 847 2287 depravasti,
876 2208 1000 2268 coelitus
1027 2209 1153 2268 fulmine
1180 2213 1210 2267 te
1237 2207 1330 2268 ictum

101 2324 132 2377 et
153 2317 300 2394 dejectum
322 2318 355 2376 in
377 2317 556 2376 altissimum
579 2317 729 2376 infernum
751 2316 955 2394 praecipitetl‘

208 2426 284 2502 ,Ego
306 2425 449 2503 profecto,
478 2423 504 2484 si
526 2443 619 2502 penes
642 2443 690 2484 me
717 2428 817 2484 essent
844 2442 892 2484 res
919 2423 1050 2501 imperii,
1078 2443 1138 2483 non
1165 2423 1330 2500 ignorarem

103 2534 173 2611 quid
201 2533 369 2594 faciendum
396 2537 483 2592 esset.
533 2532 670 2594 Juberem
697 2533 771 2592 istos
798 2549 914 2606 omneS,
947 2531 1070 2608 Papam,
1104 2531 1274 2591 cardinales
1302 2535 1332 2590 et

105 2641 276 2701 satellitium
299 2659 400 2700 eorum
423 2639 503 2716 oingi
526 2645 614 2717 atque
636 2658 696 2699 non
719 2639 849 2717 amplius
875 2639 970 2699 tribus
997 2639 1174 2698 milliaribus
1199 2657 1217 2697 a
1239 2638 1331 2697 Roma

105 2747 215 2809 Ostiam
243 2749 319 2808 duci.
366 2747 434 2808 lllic
461 2752 507 2808 est
532 2755 612 2807 ‘mare
637 2747 836 2823 Tyrrhenam,
864 2747 1002 2807 balneum
1029 2747 1121 2806 mirae
1147 2746 1268 2805 virtutis
1294 2745 1332 2804 ad

107 2857 248 2916 sanandos
272 2873 375 2916 omnes
398 2856 513 2915 morbos
536 2859 566 2914 et
588 2855 746 2931 languores
769 2854 884 2932 papalis
908 2855 1080 2914 sanctitatis.
1122 2853 1236 2912 Ibidem
1259 2852 1331 2912 mol·

105 2964 173 3023 liter
198 2982 248 3024 eos
276 2963 454 3023 balneandos
482 2981 622 3022 curarem.
670 2961 727 3035 Qui
756 2963 781 3021 si
809 2962 948 3036 fortasse,
975 2965 1010 3020 ut
1036 2960 1198 3038 phrenetici
1228 2960 1331 3034 solent,

106 3073 141 3130 ab
171 3071 256 3150 aquis
289 3072 490 3146 abhorrerent,
522 3070 622 3129 darem
649 3069 700 3143 iis,
733 3087 791 3146 quo
822 3069 946 3128 tutiores
977 3074 1090 3142 essent,
1123 3085 1224 3126 secum
1255 3067 1332 3126 serre

106 3183 230 3256 petram,
259 3197 348 3257 super
376 3197 465 3256 qnam
492 3195 559 3238 cum
588 3176 713 3237 eeclesia
741 3194 794 3235 sna
817 3175 961 3236 aedificati
985 3179 1067 3250 sunt,
1096 3174 1195 3233 darem
1217 3173 1254 3232 ad
1277 3173 1332 3232 im-

106 3287 267 3364 perandum
294 3286 379 3364 aquis
407 3286 495 3346 etiam
523 3285 634 3360 claves,
662 3283 770 3362 quibus
792 3283 891 3343 omnia
918 3283 950 3341 ia
976 3281 1056 3342 coelo
1078 3287 1108 3342 et
1130 3280 1217 3340 terris
1240 3281 1333 3358 ligare

28 3413 33 3420 ·
108 3399 137 3453 et
155 3394 267 3454 solvere
286 3411 373 3471 posse
392 3393 448 3453 sibi
466 3393 653 3467 videbantur,
676 3391 777 3451 darem
795 3396 824 3450 et
842 3390 955 3467 virgam
972 3389 1149 3467 pastoralem
1167 3393 1197 3449 et
1214 3389 1332 3466 pedum,

108 3520 164 3580 quo
185 3519 278 3579 aquae
301 3502 406 3560 faciem
429 3500 595 3578 pulsarent,
618 3499 716 3558 darem
740 3499 868 3576 denique
890 3497 993 3576 pascui
1016 3497 1063 3558 sui
1082 3497 1202 3574 pabula,
1225 3497 1333 3574 quibus

109 3609 182 3668 inter
204 3609 398 3669 balneandum
422 3612 599 3682 recrearent,
623 3606 722 3685 qualia
745 3611 816 3667 sunt
835 3605 972 3682 Decreta,
996 3605 1174 3679 Decretalia,
1199 3604 1333 3664 Clemen-

109 3717 196 3792 tinae,
228 3717 475 3792 Extravagantes,
507 3715 727 3791 Indulgentiae,
760 3715 872 3790 butyri,
905 3732 1068 3788 caseorum,
1100 3712 1187 3772 lactis
1219 3712 1332 3771 Brevia.

110 3823 187 3884 Haec
209 3825 319 3898 omnia,
343 3843 381 3884 ne
399 3842 526 3902 usquam
544 3825 600 3883 tuti
619 3841 679 3882 non
698 3827 810 3898 essent,
833 3821 997 3882 cervicibus
1020 3839 1122 3880 eornm
1144 3820 1333 3896 imponerem.

112 3931 190 3990 Tunc
209 3932 235 3990 ai
252 3932 302 3992 uel
319 3951 373 4009 per
386 3931 538 3990 dimidiam
557 3931 664 3990 horam·
677 3935 737 3989 tam
756 3929 868 3989 salubri
886 3929 1020 3988 balneolo
1039 3945 1156 4005 operam
1176 3925 1334 4000 dedissent,

111 4039 203 4098 omnis
225 4040 358 4114 morbus,
381 4039 517 4116 languor,
541 4037 620 4096 mala
642 4037 778 4097 valetudo
801 4036 898 4097 abiis
921 4035 1111 4096 decederent‘

214 4146 277 4206 Tali
307 4147 420 4223 judicio
452 4165 501 4206 eos
533 4146 639 4222 dignos
672 4163 737 4205 esse
769 4149 882 4218 censet,
915 4143 967 4221 qui
998 4143 1138 4202 effrenata
1165 4140 1335 4201 dominandi

111 4253 230 4314 libidine
252 4255 333 4315 ducti
356 4255 454 4314 omnia
477 4253 578 4312 divina
600 4259 688 4330 atque
711 4253 840 4311 humana
867 4251 989 4328 profana
1011 4255 1110 4310 mente
1137 4248 1334 4308 miscuissent.

111 4362 177 4439 lpse
200 4363 279 4422 enim
307 4381 360 4422 suo
385 4363 452 4438 jure
480 4367 591 4439 sperat,
620 4379 652 4420 se
680 4365 761 4420 tanta
787 4364 1027 4436 argumentorum
1056 4357 1204 4417 evidentia
1225 4356 1336 4432 Papam

114 4469 219 4530 Christi
242 4471 306 4530 vice
329 4487 388 4538 non
412 4487 478 4530 esse
501 4469 605 4528 mundi
628 4468 780 4528 dominmn
803 4467 979 4540 ostendisse,
1002 4471 1037 4524 ut
1058 4483 1146 4525 nemo
1164 4464 1236 4523 recti
1254 4463 1336 4523 boni-

114 4595 167 4654 que
192 4577 330 4637 consoius
358 4577 443 4637 alitor
470 4577 588 4636 credere
615 4581 646 4635 et
673 4575 758 4635 fateri
785 4575 887 4652 possit.
938 4573 1030 4632 Addit
1056 4573 1089 4631 in
1116 4571 1337 4632 christianitate

164 4695 373 4740 Schlottrnanni
386 4697 489 4740 Ετιειιιιιε
503 4696 615 4740 redivivas
628 4695 658 4738 11.
1159 4695 1175 4746 5
