3194 5042
708 283 796 338 Carur
815 283 848 338 V.
1341 287 1392 343 163

162 484 227 544 fieri
250 484 371 544 solitum
394 490 468 560 erat,
496 491 531 544 ut
552 485 784 545 Protestantium
808 486 986 546 calumniam
1009 505 1077 548 esse
1099 489 1337 564 contenderetur,
1367 490 1393 550 si

163 591 231 669 quis
267 591 354 666 dixit,
394 592 558 652 secundum
589 591 934 653 Romanocatholioorum
965 594 1128 654 doctrinam
1160 595 1272 672 Papam
1304 596 1393 655 etiam

131 741 133 744 -
162 699 227 758 sino
255 699 380 759 concilio
408 699 473 758 falli
501 699 635 760 nescium
663 717 737 760 esse.
784 698 869 774 Quod
896 701 948 778 qui
975 701 1124 776 dicebant,
1152 702 1285 780 plmium
1314 702 1393 764 dioe-

163 805 276 866 cesium
305 805 548 867 Germanicarum
580 807 769 868 catechismis
800 808 984 884 nitebantur,
1017 809 1069 887 qui
1101 809 1278 869 sententiam
1310 809 1393 869 illam

162 913 313 990 expressis
345 914 444 974 verbis
475 919 662 992 negaverant
712 914 802 975 Nunc
833 916 930 976 subito
958 934 1076 994 semper
1103 916 1179 976 illud
1206 935 1392 977 communem

162 1019 304 1082 eoeleriae
326 1021 514 1082 traditionem
537 1023 644 1098 fuisse,
667 1022 792 1082 miserae
810 1022 890 1100 plebi
909 1041 1082 1100 persuasum
1102 1029 1154 1084 est
1188 1023 1260 1083 Viro
1279 1024 1393 1086 erudito

161 1128 292 1204 cuidam,
316 1128 368 1207 qui
390 1129 461 1190 huic
483 1129 635 1190 mendacio
653 1129 807 1190 veritatem
824 1130 996 1190 historicam
1016 1136 1206 1208 opposuerat,
1229 1131 1294 1209 ipse
1311 1131 1393 1208 Papa

160 1236 259 1296 dicere
286 1253 378 1296 ausus
406 1241 465 1298 est:
499 1236 575 1313 ,Ego
603 1254 670 1297 sum
698 1237 837 1298 traditio‘.
885 1235 970 1312 Quod
997 1238 1115 1316 quidem
1138 1239 1262 1299 verbum
1283 1239 1320 1299 ab
1343 1238 1393 1299 ad·

161 1343 302 1403 versariis
328 1343 432 1404 fictum
455 1361 521 1404 esse
543 1344 681 1404 nonnulli
704 1345 803 1422 questi
826 1349 909 1420 sunt,
938 1345 989 1405 sed
1012 1363 1114 1405 revera
1136 1363 1155 1404 a
1175 1345 1258 1424 Papa
1279 1347 1392 1406 editum

160 1450 343 1528 Pomponius
365 1450 438 1511 Leto
465 1456 598 1511 testatur.
644 1451 711 1512 Non
738 1452 848 1511 mirum
875 1452 954 1530 quod
981 1452 1117 1513 nonnulli
1140 1452 1292 1513 Vincentii
1315 1453 1392 1513 Liri·

160 1559 262 1618 nensis
289 1558 435 1636 regulam,
467 1559 557 1618 fidem
584 1577 713 1636 semper,
745 1559 869 1637 ubique,
901 1561 937 1620 ah
965 1559 1101 1620 omnibus
1128 1560 1269 1620 creditam
1296 1561 1391 1619 vindi-

160 1666 269 1742 cantiay
292 1666 483 1726 omittendam
506 1684 573 1726 esse
595 1667 725 1744 ingenue
747 1667 877 1726 latentur
899 1673 929 1726 et
949 1666 1034 1727 novis
1052 1667 1281 1728 revelationibus
1299 1685 1391 1727 novas

160 1773 321 1849 doctu'naa,
354 1793 373 1833 a
405 1773 551 1851 scriptura
578 1792 661 1834 sacra
688 1779 718 1834 et
745 1775 781 1834 ab
808 1774 974 1853 antiquiore
1002 1775 1158 1836 traditione
1184 1775 1390 1850 alienissimus,

160 1880 229 1940 dari
246 1899 335 1959 posse
356 1881 389 1940 in
412 1881 537 1941 ecclesia
560 1881 691 1942 Romana
713 1887 826 1959 putant

266 1988 331 2049 Hoc
363 2006 434 2050 sane
465 1989 504 2049 iis
536 1989 653 2050 cunctis
681 1990 870 2050 statuendum
897 1993 955 2064 est,
989 1990 1041 2068 qui
1068 1994 1103 2050 ut
1129 1993 1227 2049 tantas
1254 1989 1391 2068 publicae

159 2095 309 2156 doctrinae
340 2097 518 2156 mutationes
550 2101 702 2171 tueantur,
734 2115 794 2156 non
824 2097 923 2156 verbis
951 2097 1060 2156 ludunt
1094 2097 1136 2176 (id
1163 2097 1242 2175 quod
1268 2097 1391 2174 plurimi

160 2203 297 2284 iaciunt),
321 2204 373 2264 sed
396 2209 570 2281 argumenta
592 2204 669 2265 serio
692 2209 844 2282 quaerunt.
886 2204 952 2262 Jam
975 2203 1108 2264 Tridenti
1132 2205 1252 2282 quidem
1276 2204 1390 2264 similes

160 2311 305 2370 novitates
332 2311 517 2372 introductae
543 2315 638 2386 erant,
667 2311 720 2372 sed
746 2311 798 2370 vix
825 2315 886 2370 tam
913 2316 1079 2388 protervae,
1106 2311 1159 2369 vix
1186 2316 1247 2370 tam
1269 2310 1390 2371 incorri-

159 2417 274 2494 gibiles.
321 2417 371 2478 Sic
397 2418 554 2494 Bossueto,
581 2419 722 2479 acerrimo
751 2419 933 2492 immutatae,
962 2435 1051 2495 quam
1078 2419 1213 2496 putabat,
1240 2417 1390 2478 Romanae

159 2525 326 2586 traditionis
353 2525 578 2603 propugnatori,
605 2525 772 2586 Leibnitiua
800 2544 853 2586 suo
873 2526 941 2602 jure
963 2525 1152 2585 manifestam
1174 2525 1284 2586 decreti
1306 2525 1390 2585 illius

160 2632 326 2692 Tridentini
353 2634 540 2694 novationem
566 2634 686 2711 objecit,
718 2652 777 2712 quo
804 2633 980 2712 apocryphi,
1012 2633 1064 2712 qui
1092 2633 1244 2708 dicuntur,
1272 2632 1390 2693 Veteris

160 2739 340 2801 Testamenti
363 2740 432 2800 libri
450 2742 483 2800 in
500 2742 708 2802 canonicorum
726 2760 883 2801 numerum
900 2741 985 2801 relati
1006 2745 1084 2801 sunt
1126 2740 1162 2800 Id
1180 2741 1260 2802 enim
1278 2741 1389 2800 lactum

159 2853 205 2908 est
232 2853 334 2908 contra
360 2847 545 2927 antiquitatis
572 2849 751 2909 christianae
778 2853 808 2908 et
835 2849 973 2926 inprimis
996 2847 1097 2909 Sancti
1119 2847 1294 2924 Hieronymi
1322 2865 1389 2907 sen·

159 2955 294 3032 mutiam,
323 2975 412 3034 quam
439 2973 570 3033 eousque
597 2955 809 3032 spectatissimi
836 2955 983 3030 doctores,
1012 2974 1072 3015 non
1099 2959 1214 3014 ununn
1236 2954 1387 3028 maanus,

160 3063 212 3123 sed
239 3063 328 3124 etiam
351 3064 510 3140 Cajetanus
534 3062 699 3122 Cardinalis
727 3061 836 3139 aliique
864 3062 983 3139 publice
1011 3061 1105 3122 secuti
1133 3065 1217 3122 erant
1239 3078 1388 3138 quamque

159 3171 197 3229 ad
222 3170 415 3232 refellendam
438 3170 541 3230 Patres
564 3167 730 3229 Tridentini
756 3186 796 3228 ne
823 3169 957 3228 umbram
980 3168 1099 3246 quidem
1122 3166 1289 3244 argumenti
1311 3171 1388 3226 attu-

159 3277 265 3338 lerunt
316 3277 528 3338 Verumtamen
560 3295 653 3354 quum
684 3276 782 3336 omnia
814 3275 925 3352 scripta
951 3275 1004 3334 illa
1031 3275 1108 3352 ,pari
1135 3275 1254 3352 pietatis
1281 3275 1388 3333 affectu

158 3389 188 3445 et
215 3385 379 3445 reverentia
406 3384 594 3462 suscipienda
617 3387 695 3444 esse‘
718 3383 961 3458 declaravissent,
989 3382 1188 3459 sagacioribus
1211 3381 1388 3458 quibusdam

159 3492 305 3569 theologia
336 3492 490 3552 catholicis
522 3491 604 3552 salva
634 3491 689 3550 illa
720 3489 884 3550 reverentia
915 3489 1095 3568 prohibitum
1126 3507 1186 3549 non
1214 3505 1280 3548 esse
1306 3488 1387 3549 vide·

158 3601 256 3675 hatur,
280 3600 452 3678 quominus,
475 3599 554 3678 quod
576 3599 613 3658 ad
636 3599 772 3659 criticum
788 3597 934 3676 judicium
953 3597 1094 3675 pertinet,
1116 3595 1276 3656 discrimen
1295 3595 1387 3673 quod·

158 3708 226 3766 dam
239 3707 318 3767 inter
330 3706 421 3767 libros
435 3706 591 3767 canonicos
605 3711 635 3766 et
649 3704 938 3780 deuterocanonioos,
958 3723 1032 3784 quos
1047 3705 1195 3778 dicebant,
1215 3707 1386 3763 statuerent.

158 3813 292 3875 Similem
324 3813 416 3874 iidem
446 3831 597 3874 reservare
627 3813 683 3874 sibi
711 3813 791 3874 soliti
818 3817 889 3872 sunt
915 3813 1081 3873 libertatem
1108 3812 1140 3870 in
1168 3809 1387 3888 interpretando

157 3921 215 3982 alio
238 3922 345 3998 synodi
367 3921 496 3997 decreto,
525 3939 583 3999 quo
605 3921 729 3981 Latinae
752 3921 917 3981 Bibliorum
939 3917 1067 3980 versioni
1089 3917 1228 3994 vulgatae
1251 3916 1387 3992 ,authen-

157 4029 227 4089 tica‘
251 4030 410 4090 auotoritas
432 4029 573 4090 attributa
595 4033 648 4090 est
696 4029 746 4090 Sic
768 4029 938 4106 nuperrime
961 4027 1062 4103 comi,
1085 4025 1174 4086 Pater
1195 4025 1321 4099 Jesuita,
1348 4023 1387 4084 iis

157 4137 210 4215 qui
236 4137 269 4196 in
292 4137 444 4216 Scriptura
467 4136 555 4199 Sacra
582 4137 797 4198 sententiarum
823 4135 1011 4196 altitudinem
1033 4139 1064 4195 et
1085 4151 1196 4195 nemim
1219 4131 1387 4211 perspicere

156 4243 276 4321 vellent,
300 4245 337 4305 ad
356 4243 483 4306 Graecos
501 4250 532 4305 et
548 4244 698 4305 Hebraeos
717 4245 813 4304 fontes
831 4243 1041 4304 recurrendum
1059 4259 1126 4302 esse
1143 4241 1298 4302 confessus
1316 4237 1387 4314 ost,¹

266 4421 292 4490 l)
312 4419 423 4488 Quando
446 4419 469 4474 si
492 4417 572 4474 vuola
596 4419 692 4474 vedere
715 4417 735 4472 il
758 4417 837 4472 londo
860 4417 900 4472 sia
922 4417 964 4471 dai
987 4415 1100 4472 concelti
1124 4414 1230 4485 singoli,
1254 4413 1294 4468 sia
1316 4411 1385 4466 delle

158 4509 329 4566 scambiovoli
351 4510 407 4565 loro
429 4509 562 4564 attinenza
586 4509 629 4563 nei
646 4507 738 4578 luoghi
757 4505 889 4577 paralleli,
913 4505 996 4562 allora
1013 4522 1066 4560 non
1084 4505 1108 4560 si
1126 4504 1179 4576 pud
1198 4503 1253 4558 iare
1272 4519 1289 4558 a
1306 4518 1385 4558 meno

158 4599 184 4656 di
202 4599 330 4656 ricorrere
348 4615 365 4655 a
382 4599 444 4670 quoi
462 4599 514 4654 due
532 4597 598 4654 fonti
617 4595 749 4670 originali:
768 4595 786 4650 l’
805 4596 885 4652 abrec
903 4596 936 4651 ed
954 4593 974 4650 il
992 4610 1078 4666 greco.
1172 4683 1225 4738 11*
