3176 5064
234 287 268 344 10
784 288 872 343 Curua
886 288 907 342 l.

232 491 321 550 Plura
347 492 493 567 ejusmodi
520 493 610 551 etiam
636 492 713 569 ipse,
729 491 829 550 edidit
874 490 921 551 Ne
949 495 1070 572 pmpter
1091 509 1126 551 ea
1148 491 1269 568 quidem
1293 490 1384 551 Caria
1406 491 1465 550 Ro-

231 617 318 658 mana
340 599 453 676 ipsum,
476 619 493 658 a
513 599 668 659 Beddaicis
691 599 951 658 vehementissime
969 603 1152 672 accusatum,
1176 599 1372 659 condemnare
1390 616 1466 657 aum

231 711 284 766 est
331 704 409 780 Quid
436 712 536 766 tamen
563 725 656 767 novas
683 707 777 766 cladis
804 725 823 766 a
849 707 919 766 sede
946 707 999 766 illa
1024 707 1145 784 populis
1171 706 1342 766 christianis
1365 706 1464 764 immi-

231 819 315 874 neret
330 815 416 888 ⁴bene
442 814 524 874 vidit.
571 815 609 874 In
635 813 802 891 praesentia
824 814 902 874 nihil
924 814 1033 874 melius
1056 815 1193 892 sperarit.
1238 813 1321 874 Inter
1344 813 1464 874 comitia

230 923 384 999 Augustae
406 922 505 981 habita
528 923 660 998 ejusdem
683 922 766 981 urbis
789 921 976 998 episcopum,
999 941 1017 982 a
1039 921 1198 982 liberaliori
1221 925 1461 999 partestantem,

230 1029 268 1089 de
283 1028 368 1088 Fabri
387 1029 518 1107 periculo
538 1029 738 1107 Berquinique
756 1029 906 1089 innocenti
924 1035 1017 1090 morte
1035 1031 1189 1090 certiorem
1207 1029 1289 1104 lacit,
1313 1029 1351 1089 de
1369 1047 1462 1102 ,cere-

230 1137 325 1196 brosis
347 1155 383 1197 ao
404 1137 565 1215 capitosis‘,
588 1155 663 1215 quos
686 1142 784 1212 vocat,
807 1143 989 1215 praemonet,
1014 1138 1139 1197 addens:
1164 1137 1245 1212 ,Scio
1268 1143 1351 1196 tuam
1370 1136 1460 1196 subli-

230 1245 362 1305 mitatem
386 1251 470 1306 extra
491 1245 644 1323 reptilium
667 1263 784 1305 morsus
806 1263 886 1322 esse3
914 1245 990 1304 nihil
1013 1251 1112 1305 tamen
1134 1249 1193 1320 est,
1217 1245 1295 1323 quod
1317 1263 1378 1304 non
1400 1261 1460 1302 mo-

229 1352 341 1414 liantur
367 1353 413 1412 illi
441 1355 610 1428 ambrones,
638 1359 668 1413 et
696 1354 722 1413 si
750 1353 898 1414 credimus
921 1353 1065 1430 apologiis
1087 1354 1176 1412 etiam
1199 1353 1231 1412 in
1254 1352 1370 1412 coelum
1392 1351 1460 1411 sub-

230 1459 334 1520 volans
354 1463 526 1521 scarabaeus
544 1461 626 1522 ultus
644 1467 691 1522 est
708 1461 856 1539 aquilam}
889 1461 973 1520 Alias
986 1460 1130 1520 Batavum
1149 1459 1295 1538 quendam
1309 1459 1460 1537 proposito

230 1567 373 1645 Bemuini
405 1569 541 1646 exemplo
572 1587 591 1628 a
623 1569 715 1628 simili
742 1587 843 1646 pugna
869 1568 996 1628 retinere
1024 1569 1135 1644 studet3
1170 1567 1218 1628 sin
1244 1585 1313 1628 vero
1340 1566 1461 1626 omnino

231 1675 367 1734 statuerit
385 1676 483 1751 jacere
505 1676 612 1750 aleam,
635 1676 797 1753 prospiciat
819 1681 853 1735 ut
875 1679 990 1753 pugnet
1007 1694 1045 1735 ex
1064 1680 1140 1750 tuto,
1164 1693 1202 1735 ne
1220 1693 1253 1735 se
1272 1674 1410 1750 conjiciat
1429 1674 1463 1732 in

230 1800 350 1841 manum
378 1782 521 1858 hostium,
548 1783 600 1861 qui
629 1802 684 1842 nee
711 1783 790 1843 vinci
813 1784 930 1861 possint
952 1801 1008 1843 nec
1031 1783 1148 1860 placari.
1194 1783 1308 1842 Homm
1331 1783 1463 1841 furorem
1576 1839 1577 1844 ,

229 1889 327 1950 adhuc
354 1895 506 1968 superstes
533 1891 570 1950 ad
598 1909 748 1950 summum
774 1891 851 1950 illud
878 1890 1072 1950 immanitatis
1099 1890 1253 1966 fastigium
1278 1889 1463 1966 aspirantem

230 1997 359 2073 ridebat,
383 1998 415 2058 in
438 2016 496 2076 quo
514 1998 670 2058 infernalis
688 1998 802 2076 aliquid
821 1998 933 2074 ingenii
951 1998 1051 2058 inesse
1068 1997 1205 2058 meliores
1223 1996 1361 2075 aequales
1380 1997 1463 2056 haud

229 2105 339 2165 frustm
365 2111 554 2166 censuemnt.
600 2107 646 2166 Ab
674 2106 740 2182 ipsa
762 2105 895 2164 Romana
918 2105 1020 2180 Curia,
1045 2105 1108 2182 jam
1134 2105 1300 2182 respirante
1326 2109 1357 2164 et
1382 2103 1461 2164 revi-

228 2213 373 2288 viscente,
401 2213 474 2274 istos
501 2214 637 2274 homines
665 2213 702 2272 ad
728 2212 912 2273 atrocissima
941 2231 1076 2292 quaeque
1102 2213 1245 2288 facinora,
1273 2213 1403 2272 humano
1429 2218 1462 2271 et

229 2321 389 2382 oltristmno
407 2323 527 2382 nomine
545 2322 681 2398 indigna,
704 2321 753 2381 vel
771 2321 928 2397 instigatus
947 2320 995 2380 vel
1013 2321 1130 2398 adjutos
1148 2337 1227 2396 esse,
1250 2339 1319 2380 cum
1336 2319 1461 2379 Ehasmo

229 2429 295 2505 ipsa
321 2429 456 2504 historia,
485 2430 571 2505 cnjus
598 2448 657 2488 vox
684 2429 777 2488 nullis
805 2427 1005 2506 sophistarum
1032 2428 1145 2488 artibus
1172 2427 1300 2505 opprimi
1323 2433 1374 2487 aut
1396 2445 1460 2486 cor-

229 2536 327 2612 rumpi
350 2536 382 2594 in
406 2536 619 2614 sempiternum
637 2541 748 2613 potest,
772 2535 937 2596 clarissime
955 2539 1088 2595 testatrra
1120 2535 1219 2595 Etiam
1237 2535 1267 2594 id
1286 2535 1339 2594 ille
1356 2535 1459 2594 rectis-

229 2641 304 2701 sime
335 2642 492 2719 praevidit,
529 2661 598 2702 cum
629 2643 697 2702 aliis
729 2643 914 2720 principibus
945 2643 1207 2718 humanissimum,
1244 2660 1334 2720 quem
1365 2647 1458 2716 vocat,

227 2749 418 2808 Franciscum
440 2768 541 2826 regem
558 2750 716 2810 Beddaicis
739 2769 894 2810 cessumm
916 2768 990 2812 esse.
1029 2751 1122 2828 Cujus
1145 2749 1291 2828 praesidio
1313 2768 1352 2810 ne
1371 2767 1458 2810 vene-

227 2857 339 2916 randus
366 2857 484 2935 quidem
515 2875 619 2932 senex,
652 2857 745 2917 Faber
772 2857 972 2950 stapulensis,
1000 2858 1049 2918 cui
1077 2858 1207 2918 maxime
1233 2857 1357 2932 faverat,
1385 2857 1457 2916 satis
1578 2861 1579 2878 ²

227 2967 311 3024 tutus
339 2969 408 3024 erat.
455 2965 590 3025 Servavit
617 2983 686 3025 eum
714 2983 815 3025 secum
843 2966 956 3026 ducens
978 2965 1173 3026 Navarrensis
1196 2965 1305 3042 regina
1351 2964 1398 3024 lbi
1419 2964 1457 3023 ad

228 3076 393 3132 extremum
416 3073 577 3134 senectutis
596 3074 686 3132 linem
705 3073 881 3151 perveniens
901 3091 993 3151 quum
1012 3073 1049 3132 de
1067 3077 1111 3132 tot
1127 3073 1288 3132 amicorum
1305 3071 1455 3148 martyriis

227 3179 348 3240 nuntios
366 3181 522 3257 audiisset,
541 3181 639 3240 virum
658 3181 695 3241 de
712 3181 901 3258 propaganda
919 3179 1091 3256 evangelica
1108 3181 1233 3240 veritate
1246 3179 1357 3257 optime
1371 3177 1455 3240 meri·

227 3291 292 3345 tum
315 3287 434 3364 saepius
456 3289 604 3366 poenituit
626 3307 686 3348 non
708 3289 815 3348 fortius
838 3306 907 3348 cum
929 3287 993 3347 illis
1016 3305 1081 3347 eam
1105 3286 1277 3346 vindicasse.

334 3393 449 3454 Ibidem
480 3401 563 3471 grato
594 3395 693 3455 animo
725 3394 867 3454 salutavit
893 3413 962 3454 eum
990 3393 1133 3454 Calvinus
1160 3392 1278 3454 Lutetia
1304 3394 1456 3470 profugus,

228 3517 329 3578 quem,
361 3500 433 3561 licet
459 3501 491 3560 in
518 3502 672 3562 nonnullis
700 3501 865 3578 peccaverit
892 3507 922 3562 et
949 3502 1101 3576 erraverit,
1133 3519 1275 3578 magnum
1302 3505 1401 3562 tamen
1427 3507 1457 3561 et

181 3635 186 3646 ¹
227 3607 400 3684 religiosum
432 3608 543 3684 vimm,
576 3609 742 3684 ignorantia
773 3613 889 3668 tantum
921 3613 952 3668 et
977 3607 1151 3687 praejudicii
1178 3609 1209 3667 vi
1237 3608 1341 3668 multis
1367 3608 1456 3669 etiam

228 3715 398 3776 melioribus
435 3716 604 3776 hominibus
640 3733 777 3791 exosum,
813 3715 953 3776 universa
989 3717 1136 3794 quondam
1169 3715 1266 3776 Gallia
1296 3715 1457 3776 christiana

227 3827 374 3900 agnoscet.
421 3823 479 3884 Hic
502 3823 649 3885 Basileam
671 3828 774 3901 postea
796 3841 970 3900 conversus,
994 3824 1097 3884 eodem
1119 3841 1209 3900 anno,
1233 3841 1292 3902 quo
1313 3823 1456 3883 Erasmm

227 3930 291 3990 illio
318 3935 453 3991 mortuus
481 3936 539 4006 est,
571 3931 786 3992 nobilissimam
814 3931 989 3992 immortalis
1016 3931 1127 4008 operis,
1154 3931 1352 3992 institutionis
1379 3931 1455 3991 chri·

228 4037 340 4098 stianae
362 4038 528 4115 religonis,
555 4039 768 4116 praelationem
790 4039 828 4098 ad
850 4039 1041 4099 lhanciscum
1062 4056 1162 4115 regem
1185 4037 1315 4116 scripsit.
1360 4038 1455 4098 Evan-

227 4145 352 4222 gelicam
375 4146 538 4208 doctrinam
561 4164 652 4224 supra
673 4165 791 4208 omnem
809 4147 913 4206 mundi
931 4146 1057 4224 gloriam
1075 4149 1153 4206 stam
1171 4145 1343 4222 sublimem,
1367 4165 1455 4224 supra

227 4271 344 4314 omnem
367 4259 543 4332 potestatem
565 4255 706 4314 invictam
729 4255 871 4326 ostendit,
894 4254 965 4332 quia
987 4272 1047 4314 non
1069 4254 1224 4314 hominum
1247 4253 1299 4329 sit,
1323 4253 1377 4314 sed
1398 4237 1454 4313 Dei

226 4360 356 4421 virentis
383 4367 414 4422 et
436 4362 546 4422 Christi
575 4362 649 4438 ejus.
695 4361 793 4437 Hujus
820 4361 969 4424 doctrinae
994 4366 1227 4440 propugnatores
1249 4365 1351 4422 contra
1373 4361 1454 4422 calli·

228 4467 367 4526 dissimas
390 4469 723 4545 impudentissimasque
745 4469 980 4529 adversariorum
997 4469 1078 4529 omni
1096 4468 1280 4528 humanitate
1298 4473 1454 4528 exutomm

228 4571 391 4631 calummm
413 4591 448 4631 ao
470 4572 622 4633 mendacia
644 4573 802 4633 defendere
824 4575 930 4634 studet
963 4573 1061 4648 Quum
1084 4575 1165 4635 enim
1182 4574 1286 4634 multis
1304 4575 1364 4652 piis
1382 4575 1454 4636 siris
