3202 5058
219 331 254 386 22
696 329 803 381 Psnrrs
822 330 937 380 Perosis

220 551 280 619 est,
310 551 342 603 nt
362 546 426 618 ipsa
448 543 571 603 Comitia
592 543 724 618 publica,
754 559 829 616 quae
857 543 985 617 gentium
1007 543 1086 602 vices
1108 546 1230 616 gemnt,
1259 541 1431 614 praesertim

220 651 252 710 in
275 647 432 708 Germania
462 653 577 722 nostra,
611 663 698 721 quum
729 653 810 706 certa
839 647 981 721 quaedam
1011 649 1130 720 negotia
1159 650 1335 720 tractarent,
1365 645 1432 719 plus

221 753 312 814 semel
335 752 597 813 ecclesiasticarum
619 751 791 825 synodorum
813 751 1029 812 similitudinem
1050 752 1178 810 induisse
1198 752 1373 811 dicerentur.

310 858 384 918 Sunt
414 857 545 932 quidem,
575 857 624 930 qni
647 873 747 916 omnes
770 855 870 916 tnrbas
892 857 958 916 illas
976 855 1110 916 absoluta
1133 855 1437 938 1111111111111111Ι

223 963 484 1022 ecclesiasticarum
500 968 530 1020 11
546 962 670 1020 civilium
685 963 870 1034 separatione
887 961 991 1021 1111111
1013 978 1097 1034 posse
1110 965 1221 1036 putent.
1244 961 1371 1032 Quorum
1382 961 1433 1018 alii

222 1067 371 1141 religionis
393 1066 585 1139 despicientia
607 1065 653 1124 vel
675 1065 740 1124 odio
763 1065 921 1139 ducuntur,
950 1065 1004 1124 hoc
1034 1065 1118 1124 modo
1141 1064 1350 1124 debilitandam
1371 1066 1433 1138 ejus
1510 1091 1514 1106 ·

223 1171 280 1229 vim
302 1175 473 1244 censentes,
507 1169 557 1227 alii
588 1169 737 1242 religionis
769 1186 883 1244 umore,
917 1174 1016 1243 utpote
1047 1187 1132 1243 qnam
1161 1170 1204 1228 ita
1232 1168 1347 1228 demum
1365 1185 1434 1227 uere

222 1274 359 1350 liberam,
389 1276 547 1349 amoenam,
578 1273 683 1333 fortem
708 1275 770 1333 fore
801 1275 974 1334 existiment.
1020 1273 1092 1333 Gum
1117 1275 1246 1347 utrisque
1284 1273 1338 1332 hoc
1369 1274 1433 1331 loco

224 1378 427 1452 disputandum
449 1379 531 1438 nobis
552 1394 610 1438 non
634 1385 687 1438 est.
718 1378 753 1437 Id
775 1383 887 1438 tantum
910 1379 1044 1453 dicimus,
1068 1379 1253 1438 christianam
1266 1378 1435 1452 religionem

224 1499 243 1542 a
272 1483 390 1541 civitate
421 1489 585 1556 separatam
613 1482 798 1542 fortissimam
832 1489 862 1542 11
893 1483 962 1542 olim
987 1482 1075 1542 fnisse
1103 1487 1134 1542 et
1154 1499 1231 1542 nnnc
1253 1499 1316 1542 esse
1335 1498 1435 1557 posses

224 1587 382 1645 111111111
402 1603 472 1647 1111
503 1587 673 1646 societatem
697 1605 761 1646 cnm
790 1587 914 1647 ecclesia
943 1588 1043 1647 initam
1065 1592 1146 1647 recte
1169 1588 1241 1646 11111
1262 1605 1321 1646 non
1342 1604 1434 1662 posse,

224 1692 280 1771 nisi
302 1691 436 1750 similiter
457 1695 542 1765 atque
565 1692 729 1765 respublica
743 1692 918 1751 Americana
933 1693 1170 1765 septentrionalis
1190 1693 1316 1750 omnium
1338 1707 1435 1750 rerum

225 1795 263 1854 ad
284 1796 410 1854 animum
434 1801 465 1854 et
485 1795 633 1869 ingenium
654 1796 859 1868 pertinentium
886 1813 985 1854 curam
1008 1796 1150 1870 abjecerit
1172 1799 1203 1855 11
1223 1795 1345 1869 privatis
1368 1795 1436 1854 1111-

223 1900 277 1959 bns
304 1899 464 1972 reliquerit.
518 1899 610 1972 Quam
641 1900 766 1959 civitatis
795 1900 1031 1960 constitutionem
1060 1901 1154 1959 minus
1179 1899 1341 1974 perfectam
1372 1916 1434 1958 esse

223 2020 276 2062 nos
296 2003 412 2077 quidem
429 2003 610 2078 judicamus,
641 2009 721 2063 certe
743 2005 774 2063 in
797 2004 942 2078 Europam
965 2005 1028 2064 sine
1051 2021 1158 2079 magno
1179 2003 1336 2064 communis
1358 2004 1435 2062 vitae

225 2108 398 2168 detrimento
424 2108 518 2168 subito
542 2107 686 2168 introduci
715 2109 794 2167 illam
826 2125 884 2168 non
906 2125 991 2183 posse
1021 2109 1189 2183 peritissimi
1214 2109 1319 2182 quique
1340 2125 1436 2168 rerum

223 2213 402 2286 publicarum
433 2213 642 2286 gubernatores
668 2213 838 2272 concedunt.
883 2213 964 2285 Quae
987 2215 1012 2272 si
1038 2214 1080 2271 ita
1109 2219 1192 2286 sunt,
1222 2212 1437 2284 magistratibus

224 2317 356 2375 civilibus
391 2333 455 2375 cum
488 2317 667 2391 adjuvandae
701 2319 844 2376 ecclesiae
874 2315 968 2375 officio
999 2318 1083 2376 simul
1112 2317 1281 2390 invigilandi
1309 2317 1438 2389 ejusdem

225 2419 313 2478 rebus
331 2421 380 2492 jus
402 2419 545 2492 quoddam
567 2420 752 2478 tribuendum
776 2426 829 2479 111.
865 2420 926 2491 Quo
946 2419 1027 2479 abuti
1049 2426 1178 2495 possunt,
1200 2420 1438 2493 quemadmodum

225 2521 370 2580 interdurn
397 2520 442 2596 fit,
469 2528 502 2581 nt
524 2525 590 2596 jure
613 2523 690 2598 quod
708 2529 811 2583 tenent
833 2523 1002 2598 invigilandi
1025 2525 1188 2584 scholarum
1210 2525 1389 2598 superiorum
1408 2528 1440 2582 et

226 2625 445 2685 universitatum
464 2627 597 2700 publicae
616 2628 791 2687 institutioni
806 2627 971 2688 abutantur.
1010 2628 1068 2688 Sed
1089 2629 1137 2687 hic
1158 2643 1272 2702 quoque
1287 2628 1439 2688 dicendum

226 2729 318 2789 abusu
340 2727 398 2788 riou
420 2730 483 2790 tolli
505 2746 596 2790 usum.
640 2731 681 2790 Et
707 2747 763 2804 quo
791 2733 889 2792 sanior
910 2733 998 2792 liberi
1020 2733 1168 2808 cujusdam
1189 2733 1287 2805 populi
1311 2731 1440 2792 condicio

227 2841 284 2908 ast,
313 2850 348 2892 eo
371 2835 456 2893 citins
482 2835 611 2908 ejusdem
634 2836 834 2912 magistratus,
865 2837 890 2894 11
911 2835 987 2896 forte
1015 2836 1189 2896 illiusmodi
1212 2851 1341 2896 errorem
1363 2853 1440 2895 com-

226 2939 374 3012 miserint,
397 2939 579 3012 corrigentnr
601 2946 631 2998 11
653 2946 697 3016 nt,
729 2957 803 3014 qnae
826 2941 920 3000 libero
939 2943 985 3000 vel
1007 2943 1187 3015 reipublicae
1209 2941 1373 3000 litterariae
1394 2942 1440 2998 111

227 3043 369 3102 acclesiae
392 3043 510 3103 arbitrio
529 3044 723 3118 permittenda
740 3051 817 3118 sunt,
839 3045 881 3104 eis
903 3046 1086 3120 permittant,
1109 3045 1293 3119 impellentur
1310 3049 1342 3102 et
1365 3061 1440 3102 com-

227 3148 425 3208 movebuntur.

313 3253 372 3312 Sed
401 3251 461 3328 fac,
494 3259 527 3311 nt
555 3253 599 3312 1111
627 3270 713 3328 qnam
742 3255 954 3328 sapientissime
976 3271 1093 3328 semper
1114 3257 1217 3329 agant,
1248 3269 1346 3327 pugna
1375 3269 1441 3310 cum

226 3355 357 3414 Romana
375 3357 513 3431 ecclesia,
534 3359 663 3431 siqualis
676 3365 721 3417 est
737 3359 891 3432 manserit,
908 3374 999 3433 usqne
1014 3359 1130 3418 redibit.
1161 3359 1232 3418 Cum
1248 3358 1300 3416 tali
1317 3357 1442 3442 ecclesis

228 3463 259 3516 11
287 3459 369 3517 ouria
397 3458 498 3518 modus
528 3461 659 3536 vivendi,
689 3479 776 3534 quem
805 3468 928 3536 vocant,
955 3464 1068 3523 institui
1096 3479 1148 3536 pro
1179 3468 1309 3535 tempore
1337 3465 1441 3533 potest,

226 3576 297 3619 vera
318 3577 374 3634 pan
396 3580 551 3636 nunqnam.
596 3563 677 3634 Quae
700 3569 733 3624 nt
754 3562 856 3640 fieret,
877 3566 1053 3628 antecedere
1076 3570 1225 3640 oporteret
1243 3565 1331 3624 talem
1347 3564 1441 3623 11111-

227 3666 288 3726 siae
311 3665 390 3724 illius
413 3666 665 3742 reformationem,
696 3670 812 3742 qualem
834 3687 853 3730 a
873 3671 972 3730 multis
995 3689 1072 3730 nnnc
1094 3673 1201 3730 iterum
1219 3669 1376 3744 postulari,
1404 3665 1441 3725 ab

227 3771 309 3845 aliis,
340 3770 364 3829 si
391 3771 447 3830 sibi
475 3777 608 3832 constare
636 3774 742 3849 velint,
775 3775 974 3848 postulandam
1004 3793 1067 3836 esse
1088 3775 1316 3834 memoravimus.
1361 3769 1443 3843 Quod

226 3876 357 3950 inprimis
399 3876 435 3935 de
469 3875 506 3934 iis
539 3893 651 3950 quoquo
685 3877 816 3938 omnibus
853 3879 991 3954 dicimus,
1025 3879 1190 3952 quicunque
1227 3879 1304 3937 inter
1340 3880 1442 3950 gentes

226 3981 396 4040 Neolatinss
431 3986 493 4040 tum
526 3981 705 4055 reipublicae
742 3983 905 4042 littorariae
943 3983 1095 4043 thesauros
1131 3983 1288 4055 scientiae,
1324 3984 1442 4038 1111111

227 4085 332 4142 astatis
353 4086 500 4160 proprios,
527 4102 585 4144 non
613 4089 694 4159 parvi
721 4087 848 4162 faciunt,
879 4095 939 4147 tum
968 4088 1154 4147 christianam
1180 4086 1352 4159 religionem
1377 4099 1442 4142 san·

227 4186 383 4245 ctissimam
411 4190 540 4250 universi
567 4191 684 4250 hnmani
714 4193 830 4266 generis
860 4209 922 4253 rem
951 4208 1015 4251 esse
1043 4191 1226 4252 confitentur.
1274 4187 1444 4248 Gimtadbns

227 4305 383 4364 earumque
406 4294 621 4367 magistratibus
649 4295 816 4355 reformatio
836 4297 888 4356 illa
910 4295 1104 4356 desideranda
1133 4303 1195 4370 est,
1226 4291 1346 4353 efficere
1369 4307 1444 4364 eam,

226 4399 325 4468 utpote
346 4413 410 4456 rem
430 4397 609 4470 spiritualem
627 4415 685 4457 non
708 4401 830 4474 civilem,
853 4415 948 4474 neque
970 4406 1089 4473 possunt
1105 4415 1201 4472 neque
1224 4399 1342 4458 debent.
1386 4395 1445 4456 Sed

225 4499 363 4560 adversus
385 4503 443 4562 vim
466 4507 496 4561 et
517 4502 651 4576 injuriam
674 4503 711 4561 ab
735 4504 805 4576 ipsis
836 4519 885 4562 eos
915 4503 1034 4563 defendi
1065 4503 1109 4564 las
1139 4509 1198 4577 est,
1229 4503 1279 4577 qni
1306 4503 1386 4576 jmta
1415 4507 1446 4559 et

224 4603 346 4681 pacifica
372 4607 486 4668 rationo
513 4622 689 4682 praeparare
720 4607 956 4669 reformationem
991 4609 1116 4668 student
1161 4607 1242 4680 Quae
1273 4603 1447 4680 siquando,
