<?xml version="1.0" encoding="UTF-8"?>
<!DOCTYPE html PUBLIC "-//W3C//DTD XHTML 1.0 Transitional//EN"
    "http://www.w3.org/TR/xhtml1/DTD/xhtml1-transitional.dtd">
<html xmlns="http://www.w3.org/1999/xhtml" xml:lang="en" lang="en">
 <head>
  <title>
</title>
<meta http-equiv="Content-Type" content="text/html;charset=utf-8" />
  <meta name='ocr-system' content='tesseract 3.04.00' />
  <meta name='ocr-capabilities' content='ocr_page ocr_carea ocr_par ocr_line ocrx_word'/>
</head>
<body>
  <div class='ocr_page' id='page_1' title='image "./erasmusredivivu00schlgoog_0341.png"; bbox 0 0 3134 5054; ppageno 0'>
   <div class='ocr_carea' id='block_1_1' title="bbox 270 248 989 304">
    <p class='ocr_par' dir='ltr' id='par_1_1' title="bbox 270 248 989 304">
     <span class='ocr_line' id='line_1_1' title="bbox 270 248 989 304; baseline -0.003 -2"><span class='ocrx_word' id='word_1_1' title='bbox 270 248 321 302; x_wconf 83' lang='lat'><strong>322</strong></span> <span class='ocrx_word' id='word_1_2' title='bbox 755 251 858 302; x_wconf 72' lang='lat' dir='ltr'><strong>Pennus</strong></span> <span class='ocrx_word' id='word_1_3' title='bbox 877 252 989 304; x_wconf 74' lang='lat' dir='ltr'><strong>Parcere</strong></span> 
     </span>
    </p>
   </div>
   <div class='ocr_carea' id='block_1_2' title="bbox 231 463 1550 4286">
    <p class='ocr_par' dir='ltr' id='par_1_2' title="bbox 231 463 1479 1892">
     <span class='ocr_line' id='line_1_2' title="bbox 356 463 1478 538; baseline -0.001 -17"><span class='ocrx_word' id='word_1_4' title='bbox 356 463 436 534; x_wconf 80' lang='lat' dir='ltr'><strong>Quae</strong></span> <span class='ocrx_word' id='word_1_5' title='bbox 459 465 555 522; x_wconf 91' lang='lat' dir='ltr'><strong>omnia</strong></span> <span class='ocrx_word' id='word_1_6' title='bbox 577 469 674 522; x_wconf 89' lang='lat' dir='ltr'><strong>tamen</strong></span> <span class='ocrx_word' id='word_1_7' title='bbox 697 481 753 523; x_wconf 94' lang='lat' dir='ltr'><strong>non</strong></span> <span class='ocrx_word' id='word_1_8' title='bbox 776 465 818 523; x_wconf 90' lang='lat' dir='ltr'><strong>ita</strong></span> <span class='ocrx_word' id='word_1_9' title='bbox 840 465 924 538; x_wconf 88' lang='lat' dir='ltr'><strong>dicit,</strong></span> <span class='ocrx_word' id='word_1_10' title='bbox 947 471 979 523; x_wconf 90' lang='lat' dir='ltr'><strong>nt</strong></span> <span class='ocrx_word' id='word_1_11' title='bbox 997 466 1075 537; x_wconf 87' lang='lat' dir='ltr'><strong>justo</strong></span> <span class='ocrx_word' id='word_1_12' title='bbox 1097 465 1160 537; x_wconf 90' lang='lat' dir='ltr'><strong>plus</strong></span> <span class='ocrx_word' id='word_1_13' title='bbox 1183 470 1321 524; x_wconf 75' lang='lat' dir='ltr'>externae</span> <span class='ocrx_word' id='word_1_14' title='bbox 1337 464 1478 523; x_wconf 89' lang='lat' dir='ltr'><strong>ecclesiae</strong></span> 
     </span>
     <span class='ocr_line' id='line_1_3' title="bbox 238 567 1479 642; baseline -0.002 -16"><span class='ocrx_word' id='word_1_15' title='bbox 238 626 241 632; x_wconf 79' lang='grc'><strong>,</strong></span> <span class='ocrx_word' id='word_1_16' title='bbox 267 568 399 626; x_wconf 81' lang='lat' dir='ltr'><strong>societati</strong></span> <span class='ocrx_word' id='word_1_17' title='bbox 421 569 539 626; x_wconf 86' lang='lat' dir='ltr'><strong>tribnat.</strong></span> <span class='ocrx_word' id='word_1_18' title='bbox 581 568 694 640; x_wconf 87' lang='lat' dir='ltr'><strong>idjam</strong></span> <span class='ocrx_word' id='word_1_19' title='bbox 717 569 790 626; x_wconf 87' lang='lat' dir='ltr'><strong>haec</strong></span> <span class='ocrx_word' id='word_1_20' title='bbox 813 571 875 642; x_wconf 76' lang='lat' dir='ltr'><strong>eius</strong></span> <span class='ocrx_word' id='word_1_21' title='bbox 897 570 987 628; x_wconf 90' lang='lat' dir='ltr'><strong>verba</strong></span> <span class='ocrx_word' id='word_1_22' title='bbox 1010 568 1178 642; x_wconf 91' lang='lat' dir='ltr'><strong>ostendunt,</strong></span> <span class='ocrx_word' id='word_1_23' title='bbox 1200 570 1231 626; x_wconf 91' lang='lat' dir='ltr'><strong>in</strong></span> <span class='ocrx_word' id='word_1_24' title='bbox 1254 569 1371 641; x_wconf 91' lang='lat' dir='ltr'><strong>symboli</strong></span> <span class='ocrx_word' id='word_1_25' title='bbox 1386 567 1479 640; x_wconf 85' lang='lat' dir='ltr'><strong>expli·</strong></span> 
     </span>
     <span class='ocr_line' id='line_1_4' title="bbox 268 671 1479 746; baseline 0.002 -18"><span class='ocrx_word' id='word_1_26' title='bbox 268 673 383 730; x_wconf 88' lang='lat' dir='ltr'><strong>catione</strong></span> <span class='ocrx_word' id='word_1_27' title='bbox 403 671 497 744; x_wconf 88' lang='lat' dir='ltr'><strong>obvia,</strong></span> <span class='ocrx_word' id='word_1_28' title='bbox 520 687 605 745; x_wconf 91' lang='lat' dir='ltr'><strong>quam</strong></span> <span class='ocrx_word' id='word_1_29' title='bbox 621 673 782 746; x_wconf 91' lang='lat' dir='ltr'><strong>posteriore</strong></span> <span class='ocrx_word' id='word_1_30' title='bbox 807 675 883 732; x_wconf 86' lang='lat' dir='ltr'><strong>vitae</strong></span> <span class='ocrx_word' id='word_1_31' title='bbox 906 681 1036 746; x_wconf 92' lang='lat' dir='ltr'><strong>tempore</strong></span> <span class='ocrx_word' id='word_1_32' title='bbox 1060 673 1242 746; x_wconf 86' lang='lat' dir='ltr'><strong>conscripsit:</strong></span> <span class='ocrx_word' id='word_1_33' title='bbox 1273 673 1377 746; x_wconf 87' lang='lat' dir='ltr'><strong>,Nemo</strong></span> <span class='ocrx_word' id='word_1_34' title='bbox 1398 673 1479 745; x_wconf 90' lang='lat' dir='ltr'><strong>cogi-</strong></span> 
     </span>
     <span class='ocr_line' id='line_1_5' title="bbox 266 775 1478 846; baseline 0 -14"><span class='ocrx_word' id='word_1_35' title='bbox 266 781 313 832; x_wconf 90' lang='lat' dir='ltr'><strong>tur</strong></span> <span class='ocrx_word' id='word_1_36' title='bbox 335 776 409 833; x_wconf 91' lang='lat' dir='ltr'><strong>scire</strong></span> <span class='ocrx_word' id='word_1_37' title='bbox 432 792 470 833; x_wconf 94' lang='lat' dir='ltr'><strong>an</strong></span> <span class='ocrx_word' id='word_1_38' title='bbox 492 775 538 833; x_wconf 94' lang='lat' dir='ltr'><strong>hic</strong></span> <span class='ocrx_word' id='word_1_39' title='bbox 560 781 612 834; x_wconf 89' lang='lat' dir='ltr'><strong>aut</strong></span> <span class='ocrx_word' id='word_1_40' title='bbox 633 777 682 835; x_wconf 91' lang='lat' dir='ltr'><strong>ille</strong></span> <span class='ocrx_word' id='word_1_41' title='bbox 706 778 744 834; x_wconf 91' lang='lat' dir='ltr'><strong>sit</strong></span> <span class='ocrx_word' id='word_1_42' title='bbox 765 777 909 836; x_wconf 88' lang='lat' dir='ltr'><strong>ecclcsiae</strong></span> <span class='ocrx_word' id='word_1_43' title='bbox 939 777 1107 836; x_wconf 84' lang='lat' dir='ltr'>membrum.</span> <span class='ocrx_word' id='word_1_44' title='bbox 1167 777 1243 836; x_wconf 89' lang='lat' dir='ltr'><strong>Satis</strong></span> <span class='ocrx_word' id='word_1_45' title='bbox 1273 783 1319 835; x_wconf 91' lang='lat' dir='ltr'><strong>est</strong></span> <span class='ocrx_word' id='word_1_46' title='bbox 1348 775 1478 846; x_wconf 86' lang='lat' dir='ltr'><strong>credero,</strong></span> 
     </span>
     <span class='ocr_line' id='line_1_6' title="bbox 267 879 1477 954; baseline 0.001 -18"><span class='ocrx_word' id='word_1_47' title='bbox 267 895 331 936; x_wconf 89' lang='lat' dir='ltr'><strong>esso</strong></span> <span class='ocrx_word' id='word_1_48' title='bbox 361 880 448 937; x_wconf 89' lang='lat' dir='ltr'><strong>talem</strong></span> <span class='ocrx_word' id='word_1_49' title='bbox 481 879 624 951; x_wconf 89' lang='lat' dir='ltr'><strong>quandam</strong></span> <span class='ocrx_word' id='word_1_50' title='bbox 662 881 831 940; x_wconf 88' lang='lat' dir='ltr'><strong>societatem</strong></span> <span class='ocrx_word' id='word_1_51' title='bbox 871 882 907 940; x_wconf 92' lang='lat' dir='ltr'><strong>ad</strong></span> <span class='ocrx_word' id='word_1_52' title='bbox 941 882 1029 940; x_wconf 83' lang='lat' dir='ltr'><strong>vitam</strong></span> <span class='ocrx_word' id='word_1_53' title='bbox 1065 879 1359 954; x_wconf 89' lang='lat' dir='ltr'><strong>praedestinatorum,</strong></span> <span class='ocrx_word' id='word_1_54' title='bbox 1392 895 1477 952; x_wconf 90' lang='lat' dir='ltr'><strong>qnam</strong></span> 
     </span>
     <span class='ocr_line' id='line_1_7' title="bbox 231 982 1478 1058; baseline -0.001 -18"><span class='ocrx_word' id='word_1_55' title='bbox 231 1027 235 1034; x_wconf 89' lang='lat'>.</span> <span class='ocrx_word' id='word_1_56' title='bbox 267 982 397 1042; x_wconf 84' lang='lat' dir='ltr'><strong>Christus</strong></span> <span class='ocrx_word' id='word_1_57' title='bbox 426 999 477 1041; x_wconf 90' lang='lat' dir='ltr'><strong>suo</strong></span> <span class='ocrx_word' id='word_1_58' title='bbox 508 984 610 1057; x_wconf 90' lang='lat' dir='ltr'><strong>spiritu</strong></span> <span class='ocrx_word' id='word_1_59' title='bbox 643 984 859 1058; x_wconf 76' lang='lat' dir='ltr'>conglutinavit.</span> <span class='ocrx_word' id='word_1_60' title='bbox 919 985 999 1043; x_wconf 86' lang='lat' dir='ltr'><strong>Fieri</strong></span> <span class='ocrx_word' id='word_1_61' title='bbox 1029 991 1125 1058; x_wconf 87' lang='lat' dir='ltr'><strong>potest</strong></span> <span class='ocrx_word' id='word_1_62' title='bbox 1156 991 1187 1042; x_wconf 91' lang='lat' dir='ltr'><strong>ut</strong></span> <span class='ocrx_word' id='word_1_63' title='bbox 1218 985 1478 1042; x_wconf 82' lang='lat' dir='ltr'><strong>excommunicatus</strong></span> 
     </span>
     <span class='ocr_line' id='line_1_8' title="bbox 266 1088 1477 1161; baseline 0 -15"><span class='ocrx_word' id='word_1_64' title='bbox 266 1089 304 1146; x_wconf 91' lang='lat' dir='ltr'><strong>sit</strong></span> <span class='ocrx_word' id='word_1_65' title='bbox 327 1089 357 1146; x_wconf 92' lang='lat' dir='ltr'><strong>in</strong></span> <span class='ocrx_word' id='word_1_66' title='bbox 378 1089 575 1147; x_wconf 90' lang='lat' dir='ltr'><strong>communione</strong></span> <span class='ocrx_word' id='word_1_67' title='bbox 600 1088 756 1161; x_wconf 87' lang='lat' dir='ltr'><strong>ecclesiae,</strong></span> <span class='ocrx_word' id='word_1_68' title='bbox 787 1090 1049 1148; x_wconf 86' lang='lat' dir='ltr'><strong>excommunicator</strong></span> <span class='ocrx_word' id='word_1_69' title='bbox 1071 1094 1203 1148; x_wconf 88' lang='lat' dir='ltr'><strong>resectus</strong></span> <span class='ocrx_word' id='word_1_70' title='bbox 1223 1089 1261 1146; x_wconf 88' lang='lat' dir='ltr'><strong>sit</strong></span> <span class='ocrx_word' id='word_1_71' title='bbox 1283 1089 1321 1148; x_wconf 89' lang='lat' dir='ltr'><strong>ab</strong></span> <span class='ocrx_word' id='word_1_72' title='bbox 1341 1089 1477 1158; x_wconf 73' lang='lat' dir='ltr'><strong>ecclesia,</strong></span> 
     </span>
     <span class='ocr_line' id='line_1_9' title="bbox 266 1191 1478 1267; baseline 0 -17"><span class='ocrx_word' id='word_1_73' title='bbox 266 1193 368 1264; x_wconf 85' lang='lat' dir='ltr'><strong>utqui</strong></span> <span class='ocrx_word' id='word_1_74' title='bbox 392 1208 443 1264; x_wconf 91' lang='lat' dir='ltr'><strong>pro</strong></span> <span class='ocrx_word' id='word_1_75' title='bbox 465 1192 614 1250; x_wconf 89' lang='lat' dir='ltr'><strong>haeretico</strong></span> <span class='ocrx_word' id='word_1_76' title='bbox 636 1193 814 1266; x_wconf 74' lang='lat' dir='ltr'><strong>pertrahitur</strong></span> <span class='ocrx_word' id='word_1_77' title='bbox 837 1192 874 1252; x_wconf 86' lang='lat' dir='ltr'><strong>ad</strong></span> <span class='ocrx_word' id='word_1_78' title='bbox 895 1195 992 1267; x_wconf 91' lang='lat' dir='ltr'><strong>ignem</strong></span> <span class='ocrx_word' id='word_1_79' title='bbox 1015 1195 1053 1251; x_wconf 94' lang='lat' dir='ltr'><strong>sit</strong></span> <span class='ocrx_word' id='word_1_80' title='bbox 1075 1194 1192 1252; x_wconf 82' lang='lat' dir='ltr'><strong>uictinm</strong></span> <span class='ocrx_word' id='word_1_81' title='bbox 1219 1191 1284 1252; x_wconf 90' lang='lat' dir='ltr'><strong>Deo</strong></span> <span class='ocrx_word' id='word_1_82' title='bbox 1307 1193 1478 1266; x_wconf 86' lang='lat' dir='ltr'><strong>gratissima,</strong></span> 
     </span>
     <span class='ocr_line' id='line_1_10' title="bbox 266 1296 1477 1372; baseline -0.001 -18"><span class='ocrx_word' id='word_1_83' title='bbox 266 1297 314 1368; x_wconf 92' lang='lat' dir='ltr'><strong>qui</strong></span> <span class='ocrx_word' id='word_1_84' title='bbox 337 1297 533 1368; x_wconf 77' lang='lat' dir='ltr'><strong>pertraxerint</strong></span> <span class='ocrx_word' id='word_1_85' title='bbox 554 1298 612 1354; x_wconf 91' lang='lat' dir='ltr'><strong>sint</strong></span> <span class='ocrx_word' id='word_1_86' title='bbox 634 1297 761 1356; x_wconf 90' lang='lat' dir='ltr'><strong>incendii</strong></span> <span class='ocrx_word' id='word_1_87' title='bbox 782 1297 880 1372; x_wconf 89' lang='lat' dir='ltr'><strong>digni.‘</strong></span> <span class='ocrx_word' id='word_1_88' title='bbox 926 1297 971 1356; x_wconf 91' lang='lat' dir='ltr'><strong>De</strong></span> <span class='ocrx_word' id='word_1_89' title='bbox 995 1298 1098 1356; x_wconf 87' lang='lat' dir='ltr'><strong>eadem</strong></span> <span class='ocrx_word' id='word_1_90' title='bbox 1121 1314 1154 1356; x_wconf 89' lang='lat' dir='ltr'><strong>re</strong></span> <span class='ocrx_word' id='word_1_91' title='bbox 1176 1297 1296 1370; x_wconf 91' lang='lat' dir='ltr'><strong>loquens</strong></span> <span class='ocrx_word' id='word_1_92' title='bbox 1316 1297 1347 1354; x_wconf 92' lang='lat' dir='ltr'><strong>in</strong></span> <span class='ocrx_word' id='word_1_93' title='bbox 1370 1296 1477 1364; x_wconf 89' lang='lat' dir='ltr'><strong>libello,</strong></span> 
     </span>
     <span class='ocr_line' id='line_1_11' title="bbox 265 1400 1478 1476; baseline -0.001 -18"><span class='ocrx_word' id='word_1_94' title='bbox 265 1417 350 1472; x_wconf 89' lang='lat' dir='ltr'><strong>quem</strong></span> <span class='ocrx_word' id='word_1_95' title='bbox 374 1401 425 1472; x_wconf 90' lang='lat' dir='ltr'><strong>,de</strong></span> <span class='ocrx_word' id='word_1_96' title='bbox 444 1401 560 1460; x_wconf 89' lang='lat' dir='ltr'><strong>amabili</strong></span> <span class='ocrx_word' id='word_1_97' title='bbox 585 1401 728 1460; x_wconf 89' lang='lat' dir='ltr'><strong>ecclesiae</strong></span> <span class='ocrx_word' id='word_1_98' title='bbox 751 1403 919 1462; x_wconf 89' lang='lat' dir='ltr'><strong>concordia‘</strong></span> <span class='ocrx_word' id='word_1_99' title='bbox 949 1403 1080 1476; x_wconf 81' lang='lat' dir='ltr'><strong>scripsit,</strong></span> <span class='ocrx_word' id='word_1_100' title='bbox 1111 1418 1209 1460; x_wconf 89' lang='lat' dir='ltr'><strong>vocem</strong></span> <span class='ocrx_word' id='word_1_101' title='bbox 1241 1402 1383 1459; x_wconf 88' lang='lat' dir='ltr'><strong>ecclesiae</strong></span> <span class='ocrx_word' id='word_1_102' title='bbox 1406 1400 1478 1458; x_wconf 83' lang='lat' dir='ltr'><strong>invi-</strong></span> 
     </span>
     <span class='ocr_line' id='line_1_12' title="bbox 265 1504 1479 1577; baseline -0.002 -15"><span class='ocrx_word' id='word_1_103' title='bbox 265 1504 356 1562; x_wconf 90' lang='lat' dir='ltr'><strong>sibilis</strong></span> <span class='ocrx_word' id='word_1_104' title='bbox 378 1504 607 1563; x_wconf 88' lang='lat' dir='ltr'><strong>Romanensibns</strong></span> <span class='ocrx_word' id='word_1_105' title='bbox 622 1522 738 1564; x_wconf 80' lang='lat' dir='ltr'><strong>exosam</strong></span> <span class='ocrx_word' id='word_1_106' title='bbox 760 1506 892 1566; x_wconf 84' lang='lat' dir='ltr'><strong>adhibet:</strong></span> <span class='ocrx_word' id='word_1_107' title='bbox 917 1507 1008 1566; x_wconf 92' lang='lat' dir='ltr'><strong>solum</strong></span> <span class='ocrx_word' id='word_1_108' title='bbox 1031 1507 1107 1564; x_wconf 91' lang='lat' dir='ltr'><strong>enim</strong></span> <span class='ocrx_word' id='word_1_109' title='bbox 1126 1505 1220 1564; x_wconf 91' lang='lat' dir='ltr'><strong>Deum</strong></span> <span class='ocrx_word' id='word_1_110' title='bbox 1242 1521 1327 1564; x_wconf 91' lang='lat' dir='ltr'><strong>nosse</strong></span> <span class='ocrx_word' id='word_1_111' title='bbox 1350 1505 1399 1577; x_wconf 93' lang='lat' dir='ltr'><strong>qui</strong></span> <span class='ocrx_word' id='word_1_112' title='bbox 1421 1505 1479 1562; x_wconf 91' lang='lat' dir='ltr'><strong>sint</strong></span> 
     </span>
     <span class='ocr_line' id='line_1_13' title="bbox 265 1608 1478 1685; baseline 0 -20"><span class='ocrx_word' id='word_1_113' title='bbox 265 1609 364 1680; x_wconf 88' lang='lat' dir='ltr'><strong>ipsius.</strong></span> <span class='ocrx_word' id='word_1_114' title='bbox 423 1608 601 1668; x_wconf 86' lang='lat' dir='ltr'><strong>Firmissime</strong></span> <span class='ocrx_word' id='word_1_115' title='bbox 630 1615 729 1668; x_wconf 93' lang='lat' dir='ltr'><strong>tamen</strong></span> <span class='ocrx_word' id='word_1_116' title='bbox 758 1615 853 1685; x_wconf 83' lang='lat' dir='ltr'><strong>tenet,</strong></span> <span class='ocrx_word' id='word_1_117' title='bbox 884 1611 1036 1670; x_wconf 88' lang='lat' dir='ltr'><strong>invisibilis</strong></span> <span class='ocrx_word' id='word_1_118' title='bbox 1064 1610 1206 1669; x_wconf 89' lang='lat' dir='ltr'><strong>ecclcsiae</strong></span> <span class='ocrx_word' id='word_1_119' title='bbox 1229 1611 1358 1668; x_wconf 88' lang='lat' dir='ltr'><strong>membra</strong></span> <span class='ocrx_word' id='word_1_120' title='bbox 1379 1624 1478 1666; x_wconf 89' lang='lat' dir='ltr'><strong>amare</strong></span> 
     </span>
     <span class='ocr_line' id='line_1_14' title="bbox 267 1711 1476 1788; baseline 0.002 -20"><span class='ocrx_word' id='word_1_121' title='bbox 267 1714 352 1769; x_wconf 88' lang='lat' dir='ltr'><strong>etiam</strong></span> <span class='ocrx_word' id='word_1_122' title='bbox 375 1711 528 1781; x_wconf 86' lang='lat' dir='ltr'><strong>risibilem,</strong></span> <span class='ocrx_word' id='word_1_123' title='bbox 552 1716 732 1785; x_wconf 86' lang='lat' dir='ltr'><strong>quantumvis</strong></span> <span class='ocrx_word' id='word_1_124' title='bbox 752 1715 836 1788; x_wconf 84' lang='lat' dir='ltr'><strong>hujus</strong></span> <span class='ocrx_word' id='word_1_125' title='bbox 859 1720 1043 1788; x_wconf 86' lang='lat' dir='ltr'><strong>praesentem</strong></span> <span class='ocrx_word' id='word_1_126' title='bbox 1066 1715 1280 1788; x_wconf 82' lang='lat' dir='ltr'><strong>corruptionem</strong></span> <span class='ocrx_word' id='word_1_127' title='bbox 1296 1729 1314 1772; x_wconf 91' lang='lat' dir='ltr'><strong>a</strong></span> <span class='ocrx_word' id='word_1_128' title='bbox 1332 1713 1476 1772; x_wconf 88' lang='lat' dir='ltr'><strong>mundano</strong></span> 
     </span>
     <span class='ocr_line' id='line_1_15' title="bbox 266 1815 1273 1892; baseline 0.002 -20"><span class='ocrx_word' id='word_1_129' title='bbox 266 1815 369 1876; x_wconf 82' lang='lat' dir='ltr'><strong>Curiae</strong></span> <span class='ocrx_word' id='word_1_130' title='bbox 391 1815 539 1874; x_wconf 85' lang='lat' dir='ltr'><strong>Romanae</strong></span> <span class='ocrx_word' id='word_1_131' title='bbox 562 1833 652 1891; x_wconf 89' lang='lat' dir='ltr'><strong>regno</strong></span> <span class='ocrx_word' id='word_1_132' title='bbox 674 1817 834 1890; x_wconf 88' lang='lat' dir='ltr'><strong>profectam</strong></span> <span class='ocrx_word' id='word_1_133' title='bbox 857 1820 977 1892; x_wconf 82' lang='lat' dir='ltr'><strong>lugeant</strong></span> <span class='ocrx_word' id='word_1_134' title='bbox 996 1836 1030 1877; x_wconf 90' lang='lat' dir='ltr'><strong>ac</strong></span> <span class='ocrx_word' id='word_1_135' title='bbox 1050 1817 1273 1892; x_wconf 88' lang='lat' dir='ltr'><strong>reprehendant.</strong></span> 
     </span>
    </p>

    <p class='ocr_par' dir='ltr' id='par_1_3' title="bbox 256 1919 1550 3658">
     <span class='ocr_line' id='line_1_16' title="bbox 350 1919 1480 1997; baseline 0.002 -19"><span class='ocrx_word' id='word_1_136' title='bbox 350 1919 465 1979; x_wconf 87' lang='lat' dir='ltr'><strong>Inducit</strong></span> <span class='ocrx_word' id='word_1_137' title='bbox 486 1922 634 1994; x_wconf 87' lang='lat' dir='ltr'><strong>quospiam</strong></span> <span class='ocrx_word' id='word_1_138' title='bbox 660 1923 843 1996; x_wconf 84' lang='lat' dir='ltr'><strong>objicientes,</strong></span> <span class='ocrx_word' id='word_1_139' title='bbox 875 1941 1011 1997; x_wconf 90' lang='lat' dir='ltr'><strong>,regnum</strong></span> <span class='ocrx_word' id='word_1_140' title='bbox 1034 1923 1087 1982; x_wconf 91' lang='lat' dir='ltr'><strong>boc</strong></span> <span class='ocrx_word' id='word_1_141' title='bbox 1117 1923 1292 1981; x_wconf 92' lang='lat' dir='ltr'><strong>mundanum</strong></span> <span class='ocrx_word' id='word_1_142' title='bbox 1322 1921 1399 1981; x_wconf 90' lang='lat' dir='ltr'><strong>sedis</strong></span> <span class='ocrx_word' id='word_1_143' title='bbox 1423 1921 1480 1980; x_wconf 78' lang='lat' dir='ltr'><strong>Ro</strong></span> 
     </span>
     <span class='ocr_line' id='line_1_17' title="bbox 264 2026 1550 2103; baseline 0 -21"><span class='ocrx_word' id='word_1_144' title='bbox 264 2039 365 2084; x_wconf 88' lang='lat' dir='ltr'><strong>manae</strong></span> <span class='ocrx_word' id='word_1_145' title='bbox 389 2027 430 2084; x_wconf 86' lang='lat' dir='ltr'><strong>sic</strong></span> <span class='ocrx_word' id='word_1_146' title='bbox 449 2041 502 2098; x_wconf 88' lang='lat' dir='ltr'><strong>per</strong></span> <span class='ocrx_word' id='word_1_147' title='bbox 524 2042 623 2085; x_wconf 92' lang='lat' dir='ltr'><strong>omnes</strong></span> <span class='ocrx_word' id='word_1_148' title='bbox 645 2026 792 2085; x_wconf 92' lang='lat' dir='ltr'><strong>hominnm</strong></span> <span class='ocrx_word' id='word_1_149' title='bbox 816 2027 933 2086; x_wconf 89' lang='lat' dir='ltr'><strong>ordines</strong></span> <span class='ocrx_word' id='word_1_150' title='bbox 960 2029 1055 2103; x_wconf 83' lang='lat' dir='ltr'><strong>egisse</strong></span> <span class='ocrx_word' id='word_1_151' title='bbox 1079 2027 1192 2086; x_wconf 90' lang='lat' dir='ltr'><strong>radices</strong></span> <span class='ocrx_word' id='word_1_152' title='bbox 1223 2033 1254 2086; x_wconf 89' lang='lat' dir='ltr'><strong>et</strong></span> <span class='ocrx_word' id='word_1_153' title='bbox 1272 2027 1328 2085; x_wconf 91' lang='lat' dir='ltr'><strong>hoc</strong></span> <span class='ocrx_word' id='word_1_154' title='bbox 1350 2031 1414 2085; x_wconf 87' lang='lat' dir='ltr'><strong>rete</strong></span> <span class='ocrx_word' id='word_1_155' title='bbox 1439 2027 1479 2084; x_wconf 93' lang='lat' dir='ltr'><strong>sic</strong></span> <span class='ocrx_word' id='word_1_156' title='bbox 1549 2071 1550 2076; x_wconf 59' lang='grc'>,</span> 
     </span>
     <span class='ocr_line' id='line_1_18' title="bbox 264 2129 1550 2206; baseline 0.001 -19"><span class='ocrx_word' id='word_1_157' title='bbox 264 2145 327 2188; x_wconf 87' lang='lat' dir='ltr'><strong>esse</strong></span> <span class='ocrx_word' id='word_1_158' title='bbox 342 2129 432 2192; x_wconf 90' lang='lat' dir='ltr'><strong>nodis</strong></span> <span class='ocrx_word' id='word_1_159' title='bbox 455 2129 697 2189; x_wconf 88' lang='lat' dir='ltr'><strong>indissolubilibus</strong></span> <span class='ocrx_word' id='word_1_160' title='bbox 721 2137 900 2206; x_wconf 89' lang='lat' dir='ltr'><strong>contextum,</strong></span> <span class='ocrx_word' id='word_1_161' title='bbox 926 2139 957 2190; x_wconf 89' lang='lat' dir='ltr'><strong>nt</strong></span> <span class='ocrx_word' id='word_1_162' title='bbox 981 2133 1111 2204; x_wconf 88' lang='lat' dir='ltr'><strong>abrumpi</strong></span> <span class='ocrx_word' id='word_1_163' title='bbox 1134 2132 1237 2203; x_wconf 88' lang='lat' dir='ltr'><strong>possit,</strong></span> <span class='ocrx_word' id='word_1_164' title='bbox 1260 2130 1399 2203; x_wconf 85' lang='lat' dir='ltr'><strong>explicari</strong></span> <span class='ocrx_word' id='word_1_165' title='bbox 1422 2147 1478 2188; x_wconf 95' lang='lat' dir='ltr'><strong>non</strong></span> <span class='ocrx_word' id='word_1_166' title='bbox 1549 2143 1550 2146; x_wconf 72' lang='grc'>’</span> 
     </span>
     <span class='ocr_line' id='line_1_19' title="bbox 262 2231 1550 2308; baseline 0.001 -18"><span class='ocrx_word' id='word_1_167' title='bbox 262 2231 393 2306; x_wconf 87' lang='lat' dir='ltr'><strong>possit..‘¹</strong></span> <span class='ocrx_word' id='word_1_168' title='bbox 454 2231 511 2292; x_wconf 89' lang='lat' dir='ltr'><strong>Sed</strong></span> <span class='ocrx_word' id='word_1_169' title='bbox 535 2233 586 2292; x_wconf 93' lang='lat' dir='ltr'><strong>hos</strong></span> <span class='ocrx_word' id='word_1_170' title='bbox 610 2234 646 2292; x_wconf 90' lang='lat' dir='ltr'><strong>ad</strong></span> <span class='ocrx_word' id='word_1_171' title='bbox 677 2234 867 2294; x_wconf 83' lang='lat' dir='ltr'><strong>exhibendam</strong></span> <span class='ocrx_word' id='word_1_172' title='bbox 892 2235 1078 2294; x_wconf 85' lang='lat' dir='ltr'><strong>christianam</strong></span> <span class='ocrx_word' id='word_1_173' title='bbox 1105 2234 1276 2308; x_wconf 86' lang='lat' dir='ltr'><strong>patientiam</strong></span> <span class='ocrx_word' id='word_1_174' title='bbox 1300 2233 1478 2292; x_wconf 84' lang='lat' dir='ltr'><strong>adhortatur.</strong></span> <span class='ocrx_word' id='word_1_175' title='bbox 1549 2295 1550 2308; x_wconf 50' lang='lat'><strong>,</strong></span> 
     </span>
     <span class='ocr_line' id='line_1_20' title="bbox 263 2321 1550 2413; baseline -0.001 -18"><span class='ocrx_word' id='word_1_176' title='bbox 263 2337 383 2409; x_wconf 87' lang='lat' dir='ltr'><strong>Semper</strong></span> <span class='ocrx_word' id='word_1_177' title='bbox 406 2337 494 2396; x_wconf 88' lang='lat' dir='ltr'><strong>luisse</strong></span> <span class='ocrx_word' id='word_1_178' title='bbox 516 2343 545 2396; x_wconf 90' lang='lat' dir='ltr'><strong>et</strong></span> <span class='ocrx_word' id='word_1_179' title='bbox 567 2354 681 2412; x_wconf 84' lang='lat' dir='ltr'><strong>semper</strong></span> <span class='ocrx_word' id='word_1_180' title='bbox 703 2338 781 2413; x_wconf 87' lang='lat' dir='ltr'><strong>fore,</strong></span> <span class='ocrx_word' id='word_1_181' title='bbox 811 2355 885 2412; x_wconf 89' lang='lat' dir='ltr'><strong>quae</strong></span> <span class='ocrx_word' id='word_1_182' title='bbox 916 2341 955 2412; x_wconf 91' lang='lat' dir='ltr'><strong>pii</strong></span> <span class='ocrx_word' id='word_1_183' title='bbox 989 2340 1209 2412; x_wconf 88' lang='lat' dir='ltr'><strong>spiritualesque</strong></span> <span class='ocrx_word' id='word_1_184' title='bbox 1243 2338 1297 2395; x_wconf 83' lang='lat' dir='ltr'><strong>viri</strong></span> <span class='ocrx_word' id='word_1_185' title='bbox 1321 2343 1479 2410; x_wconf 89' lang='lat' dir='ltr'><strong>querantur</strong></span> <span class='ocrx_word' id='word_1_186' title='bbox 1549 2321 1550 2376; x_wconf 58' lang='lat'><em>3</em></span> 
     </span>
     <span class='ocr_line' id='line_1_21' title="bbox 262 2440 1550 2516; baseline 0.002 -19"><span class='ocrx_word' id='word_1_187' title='bbox 262 2455 297 2497; x_wconf 90' lang='lat' dir='ltr'><strong>ac</strong></span> <span class='ocrx_word' id='word_1_188' title='bbox 319 2440 428 2513; x_wconf 80' lang='lat' dir='ltr'><strong>ferant3</strong></span> <span class='ocrx_word' id='word_1_189' title='bbox 447 2441 521 2500; x_wconf 90' lang='lat' dir='ltr'><strong>haec</strong></span> <span class='ocrx_word' id='word_1_190' title='bbox 543 2443 669 2516; x_wconf 89' lang='lat' dir='ltr'><strong>mitigari</strong></span> <span class='ocrx_word' id='word_1_191' title='bbox 692 2444 927 2516; x_wconf 84' lang='lat' dir='ltr'><strong>posse,·penitus</strong></span> <span class='ocrx_word' id='word_1_192' title='bbox 946 2444 1007 2502; x_wconf 87' lang='lat' dir='ltr'><strong>tolli</strong></span> <span class='ocrx_word' id='word_1_193' title='bbox 1031 2461 1090 2502; x_wconf 92' lang='lat' dir='ltr'><strong>non</strong></span> <span class='ocrx_word' id='word_1_194' title='bbox 1112 2459 1205 2516; x_wconf 90' lang='lat' dir='ltr'><strong>posse.</strong></span> <span class='ocrx_word' id='word_1_195' title='bbox 1258 2442 1384 2500; x_wconf 86' lang='lat' dir='ltr'><strong>Proinde</strong></span> <span class='ocrx_word' id='word_1_196' title='bbox 1411 2459 1479 2513; x_wconf 91' lang='lat' dir='ltr'><strong>prn-</strong></span> <span class='ocrx_word' id='word_1_197' title='bbox 1549 2481 1550 2514; x_wconf 77' lang='lat'><strong>,</strong></span> 
     </span>
     <span class='ocr_line' id='line_1_22' title="bbox 262 2543 1479 2620; baseline 0.002 -20"><span class='ocrx_word' id='word_1_198' title='bbox 262 2543 390 2601; x_wconf 88' lang='lat' dir='ltr'><strong>dentiam</strong></span> <span class='ocrx_word' id='word_1_199' title='bbox 422 2545 452 2601; x_wconf 94' lang='lat' dir='ltr'><strong>in</strong></span> <span class='ocrx_word' id='word_1_200' title='bbox 481 2546 516 2602; x_wconf 91' lang='lat' dir='ltr'><strong>iis</strong></span> <span class='ocrx_word' id='word_1_201' title='bbox 546 2545 718 2620; x_wconf 89' lang='lat' dir='ltr'><strong>desiderari,</strong></span> <span class='ocrx_word' id='word_1_202' title='bbox 755 2549 803 2620; x_wconf 93' lang='lat' dir='ltr'><strong>qui</strong></span> <span class='ocrx_word' id='word_1_203' title='bbox 822 2553 935 2606; x_wconf 84' lang='lat' dir='ltr'><strong>mutare</strong></span> <span class='ocrx_word' id='word_1_204' title='bbox 958 2547 1095 2607; x_wconf 88' lang='lat' dir='ltr'><strong>studeant</strong></span> <span class='ocrx_word' id='word_1_205' title='bbox 1122 2547 1232 2618; x_wconf 90' lang='lat' dir='ltr'><strong>omnia,</strong></span> <span class='ocrx_word' id='word_1_206' title='bbox 1267 2546 1356 2604; x_wconf 92' lang='lat' dir='ltr'><strong>nihilo</strong></span> <span class='ocrx_word' id='word_1_207' title='bbox 1382 2546 1479 2604; x_wconf 79' lang='lat' dir='ltr'><strong>leuius</strong></span> 
     </span>
     <span class='ocr_line' id='line_1_23' title="bbox 261 2649 1550 2730; baseline 0.002 -26"><span class='ocrx_word' id='word_1_208' title='bbox 261 2652 432 2720; x_wconf 84' lang='lat' dir='ltr'><strong>peccantes,</strong></span> <span class='ocrx_word' id='word_1_209' title='bbox 464 2665 548 2720; x_wconf 88' lang='lat' dir='ltr'><strong>quam</strong></span> <span class='ocrx_word' id='word_1_210' title='bbox 577 2651 624 2722; x_wconf 91' lang='lat' dir='ltr'><strong>qui</strong></span> <span class='ocrx_word' id='word_1_211' title='bbox 656 2651 799 2710; x_wconf 87' lang='lat' dir='ltr'><strong>mordicus</strong></span> <span class='ocrx_word' id='word_1_212' title='bbox 830 2657 950 2710; x_wconf 90' lang='lat' dir='ltr'><strong>teneant</strong></span> <span class='ocrx_word' id='word_1_213' title='bbox 973 2650 1110 2725; x_wconf 90' lang='lat' dir='ltr'><strong>quidquid</strong></span> <span class='ocrx_word' id='word_1_214' title='bbox 1132 2656 1281 2724; x_wconf 89' lang='lat' dir='ltr'><strong>receptum</strong></span> <span class='ocrx_word' id='word_1_215' title='bbox 1305 2651 1349 2708; x_wconf 91' lang='lat' dir='ltr'><strong>sit</strong></span> <span class='ocrx_word' id='word_1_216' title='bbox 1409 2649 1479 2708; x_wconf 89' lang='lat' dir='ltr'><strong>Non</strong></span> <span class='ocrx_word' id='word_1_217' title='bbox 1549 2669 1550 2730; x_wconf 57' lang='lat' dir='ltr'><strong>u</strong></span> 
     </span>
     <span class='ocr_line' id='line_1_24' title="bbox 263 2731 1550 2829; baseline 0.004 -22"><span class='ocrx_word' id='word_1_218' title='bbox 263 2765 327 2808; x_wconf 88' lang='lat' dir='ltr'><strong>esse</strong></span> <span class='ocrx_word' id='word_1_219' title='bbox 351 2751 503 2824; x_wconf 90' lang='lat' dir='ltr'><strong>quidquam</strong></span> <span class='ocrx_word' id='word_1_220' title='bbox 530 2759 640 2812; x_wconf 90' lang='lat' dir='ltr'><strong>temere</strong></span> <span class='ocrx_word' id='word_1_221' title='bbox 665 2755 896 2829; x_wconf 90' lang='lat' dir='ltr'><strong>convellendum,</strong></span> <span class='ocrx_word' id='word_1_222' title='bbox 927 2757 983 2814; x_wconf 92' lang='lat' dir='ltr'><strong>nisi</strong></span> <span class='ocrx_word' id='word_1_223' title='bbox 1006 2761 1123 2828; x_wconf 89' lang='lat' dir='ltr'><strong>parato,</strong></span> <span class='ocrx_word' id='word_1_224' title='bbox 1152 2755 1227 2828; x_wconf 90' lang='lat' dir='ltr'><strong>quod</strong></span> <span class='ocrx_word' id='word_1_225' title='bbox 1249 2755 1353 2813; x_wconf 91' lang='lat' dir='ltr'><strong>melius</strong></span> <span class='ocrx_word' id='word_1_226' title='bbox 1375 2770 1479 2812; x_wconf 87' lang='lat' dir='ltr'><strong>succc-</strong></span> <span class='ocrx_word' id='word_1_227' title='bbox 1549 2731 1550 2748; x_wconf 13' lang='grc' dir='ltr'><strong>Χ</strong></span> 
     </span>
     <span class='ocr_line' id='line_1_25' title="bbox 261 2853 1550 2944; baseline 0.003 -32"><span class='ocrx_word' id='word_1_228' title='bbox 261 2853 362 2912; x_wconf 90' lang='lat' dir='ltr'><strong>datin</strong></span> <span class='ocrx_word' id='word_1_229' title='bbox 386 2855 478 2914; x_wconf 88' lang='lat' dir='ltr'><strong>locum</strong></span> <span class='ocrx_word' id='word_1_230' title='bbox 501 2857 670 2930; x_wconf 74' lang='lat' dir='ltr'><strong>octonorio,</strong></span> <span class='ocrx_word' id='word_1_231' title='bbox 698 2859 788 2919; x_wconf 86' lang='lat' dir='ltr'><strong>multa</strong></span> <span class='ocrx_word' id='word_1_232' title='bbox 817 2861 933 2919; x_wconf 87' lang='lat' dir='ltr'><strong>interim</strong></span> <span class='ocrx_word' id='word_1_233' title='bbox 965 2860 1118 2919; x_wconf 87' lang='lat' dir='ltr'><strong>toleranda</strong></span> <span class='ocrx_word' id='word_1_234' title='bbox 1147 2860 1178 2918; x_wconf 93' lang='lat' dir='ltr'><strong>in</strong></span> <span class='ocrx_word' id='word_1_235' title='bbox 1205 2860 1285 2918; x_wconf 91' lang='lat' dir='ltr'><strong>illum</strong></span> <span class='ocrx_word' id='word_1_236' title='bbox 1314 2855 1399 2917; x_wconf 87' lang='lat' dir='ltr'><strong>finem</strong></span> <span class='ocrx_word' id='word_1_237' title='bbox 1427 2860 1479 2930; x_wconf 91' lang='lat' dir='ltr'><strong>qni</strong></span> <span class='ocrx_word' id='word_1_238' title='bbox 1549 2867 1550 2944; x_wconf 51' lang='grc' dir='ltr'>ᾗ</span> 
     </span>
     <span class='ocr_line' id='line_1_26' title="bbox 257 2959 1481 3037; baseline 0.003 -21"><span class='ocrx_word' id='word_1_239' title='bbox 257 2975 411 3032; x_wconf 89' lang='lat' dir='ltr'><strong>numquam</strong></span> <span class='ocrx_word' id='word_1_240' title='bbox 432 2959 537 3019; x_wconf 90' lang='lat' dir='ltr'><strong>dimitti</strong></span> <span class='ocrx_word' id='word_1_241' title='bbox 561 2960 682 3035; x_wconf 90' lang='lat' dir='ltr'><strong>debeat,</strong></span> <span class='ocrx_word' id='word_1_242' title='bbox 712 2968 744 3021; x_wconf 92' lang='lat' dir='ltr'><strong>ut</strong></span> <span class='ocrx_word' id='word_1_243' title='bbox 773 2981 831 3022; x_wconf 92' lang='lat' dir='ltr'><strong>nou</strong></span> <span class='ocrx_word' id='word_1_244' title='bbox 856 2969 969 3022; x_wconf 86' lang='lat' dir='ltr'><strong>tantum</strong></span> <span class='ocrx_word' id='word_1_245' title='bbox 992 2964 1124 3037; x_wconf 84' lang='lat' dir='ltr'><strong>singulae</strong></span> <span class='ocrx_word' id='word_1_246' title='bbox 1155 2963 1312 3036; x_wconf 88' lang='lat' dir='ltr'><strong>ecclesiae,</strong></span> <span class='ocrx_word' id='word_1_247' title='bbox 1338 2961 1390 3020; x_wconf 88' lang='lat' dir='ltr'><strong>sed</strong></span> <span class='ocrx_word' id='word_1_248' title='bbox 1411 2965 1481 3020; x_wconf 92' lang='lat' dir='ltr'><strong>uni-</strong></span> 
     </span>
     <span class='ocr_line' id='line_1_27' title="bbox 257 3065 1479 3141; baseline 0.001 -20"><span class='ocrx_word' id='word_1_249' title='bbox 257 3079 359 3122; x_wconf 90' lang='lat' dir='ltr'><strong>versae</strong></span> <span class='ocrx_word' id='word_1_250' title='bbox 381 3071 483 3136; x_wconf 88' lang='lat' dir='ltr'><strong>gentes</strong></span> <span class='ocrx_word' id='word_1_251' title='bbox 506 3065 649 3124; x_wconf 87' lang='lat' dir='ltr'><strong>libertatis</strong></span> <span class='ocrx_word' id='word_1_252' title='bbox 675 3068 860 3141; x_wconf 89' lang='lat' dir='ltr'><strong>evangelicae</strong></span> <span class='ocrx_word' id='word_1_253' title='bbox 884 3073 1030 3140; x_wconf 89' lang='lat' dir='ltr'><strong>compotes</strong></span> <span class='ocrx_word' id='word_1_254' title='bbox 1046 3067 1212 3126; x_wconf 90' lang='lat' dir='ltr'><strong>reddantur.</strong></span> <span class='ocrx_word' id='word_1_255' title='bbox 1247 3066 1360 3138; x_wconf 79' lang='lat' dir='ltr'><strong>Quanta</strong></span> <span class='ocrx_word' id='word_1_256' title='bbox 1376 3080 1479 3123; x_wconf 89' lang='lat' dir='ltr'><strong>rernm</strong></span> 
     </span>
     <span class='ocr_line' id='line_1_28' title="bbox 256 3167 1477 3244; baseline 0.002 -19"><span class='ocrx_word' id='word_1_257' title='bbox 256 3167 376 3226; x_wconf 88' lang='lat' dir='ltr'><strong>mutatio</strong></span> <span class='ocrx_word' id='word_1_258' title='bbox 403 3171 567 3228; x_wconf 86' lang='lat' dir='ltr'><strong>necessaria</strong></span> <span class='ocrx_word' id='word_1_259' title='bbox 595 3175 688 3244; x_wconf 91' lang='lat' dir='ltr'><strong>esset,</strong></span> <span class='ocrx_word' id='word_1_260' title='bbox 721 3173 815 3244; x_wconf 92' lang='lat' dir='ltr'><strong>ipsum</strong></span> <span class='ocrx_word' id='word_1_261' title='bbox 845 3177 875 3230; x_wconf 91' lang='lat' dir='ltr'><strong>et</strong></span> <span class='ocrx_word' id='word_1_262' title='bbox 905 3171 1011 3230; x_wconf 86' lang='lat' dir='ltr'><strong>vidisse</strong></span> <span class='ocrx_word' id='word_1_263' title='bbox 1042 3179 1072 3230; x_wconf 90' lang='lat' dir='ltr'><strong>et</strong></span> <span class='ocrx_word' id='word_1_264' title='bbox 1094 3171 1186 3230; x_wconf 90' lang='lat' dir='ltr'><strong>libere</strong></span> <span class='ocrx_word' id='word_1_265' title='bbox 1209 3170 1373 3229; x_wconf 88' lang='lat' dir='ltr'><strong>declarasse</strong></span> <span class='ocrx_word' id='word_1_266' title='bbox 1396 3170 1477 3228; x_wconf 87' lang='lat' dir='ltr'><strong>haec</strong></span> 
     </span>
     <span class='ocr_line' id='line_1_29' title="bbox 258 3271 1550 3348; baseline 0.003 -20"><span class='ocrx_word' id='word_1_267' title='bbox 258 3273 319 3344; x_wconf 90' lang='lat' dir='ltr'><strong>ojus</strong></span> <span class='ocrx_word' id='word_1_268' title='bbox 343 3271 432 3330; x_wconf 91' lang='lat' dir='ltr'><strong>verba</strong></span> <span class='ocrx_word' id='word_1_269' title='bbox 455 3273 668 3333; x_wconf 88' lang='lat' dir='ltr'><strong>demonstrant:</strong></span> <span class='ocrx_word' id='word_1_270' title='bbox 692 3275 821 3348; x_wconf 90' lang='lat' dir='ltr'><strong>,Jamdiu</strong></span> <span class='ocrx_word' id='word_1_271' title='bbox 836 3277 962 3348; x_wconf 89' lang='lat' dir='ltr'><strong>parturit</strong></span> <span class='ocrx_word' id='word_1_272' title='bbox 984 3275 1120 3348; x_wconf 92' lang='lat' dir='ltr'><strong>mundus,</strong></span> <span class='ocrx_word' id='word_1_273' title='bbox 1142 3276 1252 3333; x_wconf 89' lang='lat' dir='ltr'><strong>utinam</strong></span> <span class='ocrx_word' id='word_1_274' title='bbox 1275 3273 1385 3346; x_wconf 90' lang='lat' dir='ltr'><strong>aliquid</strong></span> <span class='ocrx_word' id='word_1_275' title='bbox 1402 3273 1479 3332; x_wconf 91' lang='lat' dir='ltr'><strong>boni</strong></span> <span class='ocrx_word' id='word_1_276' title='bbox 1549 3303 1550 3310; x_wconf 48' lang='lat'><strong>,</strong></span> 
     </span>
     <span class='ocr_line' id='line_1_30' title="bbox 256 3375 1479 3452; baseline 0.004 -21"><span class='ocrx_word' id='word_1_277' title='bbox 256 3376 415 3446; x_wconf 83' lang='lat' dir='ltr'><strong>parturiat‘</strong></span> <span class='ocrx_word' id='word_1_278' title='bbox 459 3375 499 3434; x_wconf 87' lang='lat' dir='ltr'><strong>Et</strong></span> <span class='ocrx_word' id='word_1_279' title='bbox 520 3379 552 3436; x_wconf 88' lang='lat' dir='ltr'><strong>in</strong></span> <span class='ocrx_word' id='word_1_280' title='bbox 573 3379 632 3436; x_wconf 89' lang='lat' dir='ltr'><strong>alia</strong></span> <span class='ocrx_word' id='word_1_281' title='bbox 647 3379 770 3451; x_wconf 89' lang='lat' dir='ltr'><strong>epistola</strong></span> <span class='ocrx_word' id='word_1_282' title='bbox 789 3395 873 3452; x_wconf 91' lang='lat' dir='ltr'><strong>quam</strong></span> <span class='ocrx_word' id='word_1_283' title='bbox 897 3395 972 3438; x_wconf 90' lang='lat' dir='ltr'><strong>anno</strong></span> <span class='ocrx_word' id='word_1_284' title='bbox 996 3385 1063 3438; x_wconf 91' lang='lat' dir='ltr'><strong>ante</strong></span> <span class='ocrx_word' id='word_1_285' title='bbox 1079 3385 1199 3439; x_wconf 87' lang='lat' dir='ltr'><strong>mortem</strong></span> <span class='ocrx_word' id='word_1_286' title='bbox 1221 3379 1349 3450; x_wconf 88' lang='lat' dir='ltr'><strong>scripsit:</strong></span> <span class='ocrx_word' id='word_1_287' title='bbox 1374 3376 1479 3450; x_wconf 82' lang='lat' dir='ltr'><strong>,blun-</strong></span> 
     </span>
     <span class='ocr_line' id='line_1_31' title="bbox 257 3477 1550 3556; baseline 0.004 -22"><span class='ocrx_word' id='word_1_288' title='bbox 257 3477 309 3535; x_wconf 90' lang='lat' dir='ltr'><strong>dus</strong></span> <span class='ocrx_word' id='word_1_289' title='bbox 328 3478 439 3550; x_wconf 88' lang='lat' dir='ltr'><strong>jamdiu</strong></span> <span class='ocrx_word' id='word_1_290' title='bbox 460 3481 586 3552; x_wconf 90' lang='lat' dir='ltr'><strong>parturit</strong></span> <span class='ocrx_word' id='word_1_291' title='bbox 609 3479 771 3556; x_wconf 83' lang='lat' dir='ltr'><strong>Christum,</strong></span> <span class='ocrx_word' id='word_1_292' title='bbox 804 3485 852 3556; x_wconf 93' lang='lat' dir='ltr'><strong>qui</strong></span> <span class='ocrx_word' id='word_1_293' title='bbox 875 3485 899 3542; x_wconf 94' lang='lat' dir='ltr'><strong>si</strong></span> <span class='ocrx_word' id='word_1_294' title='bbox 922 3501 991 3544; x_wconf 90' lang='lat' dir='ltr'><strong>vere</strong></span> <span class='ocrx_word' id='word_1_295' title='bbox 1016 3483 1154 3544; x_wconf 85' lang='lat' dir='ltr'><strong>formetur</strong></span> <span class='ocrx_word' id='word_1_296' title='bbox 1176 3485 1205 3541; x_wconf 94' lang='lat' dir='ltr'><strong>in</strong></span> <span class='ocrx_word' id='word_1_297' title='bbox 1229 3483 1476 3556; x_wconf 83' lang='lat' dir='ltr'><strong>animisnostris,</strong></span> <span class='ocrx_word' id='word_1_298' title='bbox 1549 3551 1550 3556; x_wconf 8' lang='grc' dir='ltr'>η</span> 
     </span>
     <span class='ocr_line' id='line_1_32' title="bbox 256 3581 989 3658; baseline 0.014 -21"><span class='ocrx_word' id='word_1_299' title='bbox 256 3581 354 3639; x_wconf 90' lang='lat' dir='ltr'><strong>multis</strong></span> <span class='ocrx_word' id='word_1_300' title='bbox 375 3581 488 3640; x_wconf 91' lang='lat' dir='ltr'><strong>indiciis</strong></span> <span class='ocrx_word' id='word_1_301' title='bbox 508 3600 572 3642; x_wconf 91' lang='lat' dir='ltr'><strong>sese</strong></span> <span class='ocrx_word' id='word_1_302' title='bbox 595 3583 726 3658; x_wconf 83' lang='lat' dir='ltr'><strong>proferet</strong></span> <span class='ocrx_word' id='word_1_303' title='bbox 745 3587 829 3646; x_wconf 85' lang='lat' dir='ltr'><strong>radix</strong></span> <span class='ocrx_word' id='word_1_304' title='bbox 853 3584 989 3646; x_wconf 79' lang='lat' dir='ltr'><strong>cordis.‘²</strong></span> 
     </span>
    </p>

    <p class='ocr_par' dir='ltr' id='par_1_4' title="bbox 255 3686 1550 4286">
     <span class='ocr_line' id='line_1_33' title="bbox 344 3686 1475 3765; baseline 0.004 -21"><span class='ocrx_word' id='word_1_305' title='bbox 344 3686 536 3746; x_wconf 89' lang='lat' dir='ltr'><strong>Mutationem</strong></span> <span class='ocrx_word' id='word_1_306' title='bbox 558 3689 638 3748; x_wconf 89' lang='lat' dir='ltr'><strong>illam</strong></span> <span class='ocrx_word' id='word_1_307' title='bbox 661 3707 776 3765; x_wconf 89' lang='lat' dir='ltr'><strong>semper</strong></span> <span class='ocrx_word' id='word_1_308' title='bbox 805 3709 869 3750; x_wconf 89' lang='lat' dir='ltr'><strong>cum</strong></span> <span class='ocrx_word' id='word_1_309' title='bbox 895 3691 1023 3752; x_wconf 89' lang='lat' dir='ltr'><strong>Lutboro</strong></span> <span class='ocrx_word' id='word_1_310' title='bbox 1050 3693 1081 3750; x_wconf 92' lang='lat' dir='ltr'><strong>in</strong></span> <span class='ocrx_word' id='word_1_311' title='bbox 1113 3690 1292 3750; x_wconf 87' lang='lat' dir='ltr'><strong>restituendo</strong></span> <span class='ocrx_word' id='word_1_312' title='bbox 1313 3689 1475 3748; x_wconf 90' lang='lat' dir='ltr'><strong>secundnm</strong></span> 
     </span>
     <span class='ocr_line' id='line_1_34' title="bbox 255 3791 1477 3870; baseline 0.003 -22"><span class='ocrx_word' id='word_1_313' title='bbox 255 3791 360 3850; x_wconf 91' lang='lat' dir='ltr'><strong>sinceri</strong></span> <span class='ocrx_word' id='word_1_314' title='bbox 384 3793 529 3865; x_wconf 90' lang='lat' dir='ltr'><strong>evangelii</strong></span> <span class='ocrx_word' id='word_1_315' title='bbox 552 3809 680 3854; x_wconf 90' lang='lat' dir='ltr'><strong>normam</strong></span> <span class='ocrx_word' id='word_1_316' title='bbox 697 3796 910 3856; x_wconf 89' lang='lat' dir='ltr'><strong>christianismo</strong></span> <span class='ocrx_word' id='word_1_317' title='bbox 925 3797 1067 3870; x_wconf 93' lang='lat' dir='ltr'><strong>spirituali</strong></span> <span class='ocrx_word' id='word_1_318' title='bbox 1087 3803 1118 3854; x_wconf 90' lang='lat' dir='ltr'><strong>et</strong></span> <span class='ocrx_word' id='word_1_319' title='bbox 1132 3796 1224 3856; x_wconf 91' lang='lat' dir='ltr'><strong>libero</strong></span> <span class='ocrx_word' id='word_1_320' title='bbox 1238 3797 1340 3869; x_wconf 83' lang='lat' dir='ltr'><strong>posuit</strong></span> <span class='ocrx_word' id='word_1_321' title='bbox 1375 3793 1477 3864; x_wconf 79' lang='lat' dir='ltr'><strong>Quan-</strong></span> 
     </span>
     <span class='ocr_line' id='line_1_35' title="bbox 255 3897 1476 3974; baseline 0.002 -21"><span class='ocrx_word' id='word_1_322' title='bbox 255 3901 317 3954; x_wconf 92' lang='lat' dir='ltr'><strong>tum</strong></span> <span class='ocrx_word' id='word_1_323' title='bbox 339 3912 404 3954; x_wconf 91' lang='lat' dir='ltr'><strong>cum</strong></span> <span class='ocrx_word' id='word_1_324' title='bbox 426 3897 475 3954; x_wconf 92' lang='lat' dir='ltr'><strong>illo</strong></span> <span class='ocrx_word' id='word_1_325' title='bbox 497 3897 526 3955; x_wconf 92' lang='lat' dir='ltr'><strong>in</strong></span> <span class='ocrx_word' id='word_1_326' title='bbox 551 3913 587 3956; x_wconf 88' lang='lat' dir='ltr'><strong>ea</strong></span> <span class='ocrx_word' id='word_1_327' title='bbox 609 3899 712 3958; x_wconf 87' lang='lat' dir='ltr'><strong>saltem</strong></span> <span class='ocrx_word' id='word_1_328' title='bbox 735 3917 767 3958; x_wconf 90' lang='lat' dir='ltr'><strong>re</strong></span> <span class='ocrx_word' id='word_1_329' title='bbox 792 3902 988 3974; x_wconf 88' lang='lat' dir='ltr'><strong>consenserit,</strong></span> <span class='ocrx_word' id='word_1_330' title='bbox 1012 3917 1103 3974; x_wconf 90' lang='lat' dir='ltr'><strong>usqne</strong></span> <span class='ocrx_word' id='word_1_331' title='bbox 1127 3900 1163 3958; x_wconf 89' lang='lat' dir='ltr'><strong>ad</strong></span> <span class='ocrx_word' id='word_1_332' title='bbox 1184 3897 1272 3958; x_wconf 87' lang='lat' dir='ltr'><strong>finem</strong></span> <span class='ocrx_word' id='word_1_333' title='bbox 1294 3899 1387 3972; x_wconf 83' lang='lat' dir='ltr'><strong>vitae,</strong></span> <span class='ocrx_word' id='word_1_334' title='bbox 1419 3899 1476 3956; x_wconf 93' lang='lat' dir='ltr'><strong>ali-</strong></span> 
     </span>
     <span class='ocr_line' id='line_1_36' title="bbox 255 4000 1550 4076; baseline 0.004 -20"><span class='ocrx_word' id='word_1_335' title='bbox 255 4000 381 4072; x_wconf 89' lang='lat' dir='ltr'><strong>quoties,</strong></span> <span class='ocrx_word' id='word_1_336' title='bbox 412 4002 541 4073; x_wconf 87' lang='lat' dir='ltr'><strong>quamvis</strong></span> <span class='ocrx_word' id='word_1_337' title='bbox 567 4009 667 4076; x_wconf 90' lang='lat' dir='ltr'><strong>caute,</strong></span> <span class='ocrx_word' id='word_1_338' title='bbox 696 4003 842 4064; x_wconf 83' lang='lat' dir='ltr'><strong>confessus</strong></span> <span class='ocrx_word' id='word_1_339' title='bbox 866 4009 917 4064; x_wconf 89' lang='lat' dir='ltr'><strong>est.</strong></span> <span class='ocrx_word' id='word_1_340' title='bbox 977 4004 1118 4063; x_wconf 86' lang='lat' dir='ltr'><strong>Fabulam</strong></span> <span class='ocrx_word' id='word_1_341' title='bbox 1150 4004 1289 4062; x_wconf 90' lang='lat' dir='ltr'><strong>dramatis</strong></span> <span class='ocrx_word' id='word_1_342' title='bbox 1316 4003 1475 4076; x_wconf 87' lang='lat' dir='ltr'><strong>placuisse,</strong></span> <span class='ocrx_word' id='word_1_343' title='bbox 1549 4025 1550 4028; x_wconf 41' lang='lat'>¹</span> 
     </span>
     <span class='ocr_line' id='line_1_37' title="bbox 255 4101 1476 4183; baseline 0.006 -24"><span class='ocrx_word' id='word_1_344' title='bbox 255 4102 371 4160; x_wconf 92' lang='lat' dir='ltr'><strong>modum</strong></span> <span class='ocrx_word' id='word_1_345' title='bbox 391 4105 496 4176; x_wconf 88' lang='lat' dir='ltr'><strong>agendi</strong></span> <span class='ocrx_word' id='word_1_346' title='bbox 517 4101 699 4179; x_wconf 89' lang='lat' dir='ltr'><strong>displicuisse</strong></span> <span class='ocrx_word' id='word_1_347' title='bbox 719 4107 826 4181; x_wconf 86' lang='lat' dir='ltr'><strong>ajebat.</strong></span> <span class='ocrx_word' id='word_1_348' title='bbox 886 4109 967 4181; x_wconf 78' lang='lat' dir='ltr'><strong>Quae</strong></span> <span class='ocrx_word' id='word_1_349' title='bbox 997 4110 1027 4166; x_wconf 94' lang='lat' dir='ltr'><strong>in</strong></span> <span class='ocrx_word' id='word_1_350' title='bbox 1056 4108 1232 4183; x_wconf 87' lang='lat' dir='ltr'><strong>evangelicis</strong></span> <span class='ocrx_word' id='word_1_351' title='bbox 1260 4109 1320 4179; x_wconf 90' lang='lat' dir='ltr'><strong>jam</strong></span> <span class='ocrx_word' id='word_1_352' title='bbox 1346 4107 1476 4166; x_wconf 84' lang='lat' dir='ltr'><strong>invicem</strong></span> 
     </span>
     <span class='ocr_line' id='line_1_38' title="bbox 255 4209 1474 4286; baseline 0.004 -22"><span class='ocrx_word' id='word_1_353' title='bbox 255 4223 287 4265; x_wconf 91' lang='lat' dir='ltr'><strong>se</strong></span> <span class='ocrx_word' id='word_1_354' title='bbox 311 4209 540 4282; x_wconf 87' lang='lat' dir='ltr'><strong>oppugnantibus</strong></span> <span class='ocrx_word' id='word_1_355' title='bbox 561 4211 754 4286; x_wconf 89' lang='lat' dir='ltr'><strong>improbaret,</strong></span> <span class='ocrx_word' id='word_1_356' title='bbox 784 4213 918 4272; x_wconf 90' lang='lat' dir='ltr'><strong>acerbius</strong></span> <span class='ocrx_word' id='word_1_357' title='bbox 937 4229 1026 4286; x_wconf 86' lang='lat' dir='ltr'><strong>saepe</strong></span> <span class='ocrx_word' id='word_1_358' title='bbox 1048 4229 1133 4285; x_wconf 92' lang='lat' dir='ltr'><strong>quam</strong></span> <span class='ocrx_word' id='word_1_359' title='bbox 1155 4227 1209 4285; x_wconf 91' lang='lat' dir='ltr'><strong>par</strong></span> <span class='ocrx_word' id='word_1_360' title='bbox 1238 4217 1302 4270; x_wconf 89' lang='lat' dir='ltr'><strong>erat</strong></span> <span class='ocrx_word' id='word_1_361' title='bbox 1325 4210 1474 4286; x_wconf 72' lang='lat' dir='ltr'><strong>edicebat,</strong></span> 
     </span>
    </p>
   </div>
   <div class='ocr_carea' id='block_1_3' title="bbox 344 4459 1105 4618">
    <p class='ocr_par' dir='ltr' id='par_1_5' title="bbox 344 4459 1105 4618">
     <span class='ocr_line' id='line_1_39' title="bbox 346 4459 608 4525; baseline 0.027 -17"><span class='ocrx_word' id='word_1_362' title='bbox 346 4459 370 4524; x_wconf 87' lang='lat'><strong>1)</strong></span> <span class='ocrx_word' id='word_1_363' title='bbox 391 4460 456 4525; x_wconf 90' lang='lat' dir='ltr'><strong>Opp.</strong></span> <span class='ocrx_word' id='word_1_364' title='bbox 475 4460 515 4525; x_wconf 84' lang='lat' dir='ltr'><strong>X,</strong></span> <span class='ocrx_word' id='word_1_365' title='bbox 534 4467 608 4515; x_wconf 78' lang='lat' dir='ltr'><strong>torn.</strong></span> 
     </span>
     <span class='ocr_line' id='line_1_40' title="bbox 344 4543 1105 4618; baseline 0.011 -24"><span class='ocrx_word' id='word_1_366' title='bbox 344 4543 370 4610; x_wconf 83' lang='lat' dir='ltr'><strong>a)</strong></span> <span class='ocrx_word' id='word_1_367' title='bbox 390 4545 455 4610; x_wconf 85' lang='lat' dir='ltr'><strong>opp.</strong></span> <span class='ocrx_word' id='word_1_368' title='bbox 474 4547 511 4614; x_wconf 80' lang='lat' dir='ltr'><strong>x,</strong></span> <span class='ocrx_word' id='word_1_369' title='bbox 531 4555 607 4601; x_wconf 76' lang='lat' dir='ltr'><strong>toul.</strong></span> <span class='ocrx_word' id='word_1_370' title='bbox 643 4551 712 4616; x_wconf 74' lang='lat' dir='ltr'><strong>app.</strong></span> <span class='ocrx_word' id='word_1_371' title='bbox 728 4549 806 4613; x_wconf 78' lang='lat' dir='ltr'><strong>m,</strong></span> <span class='ocrx_word' id='word_1_372' title='bbox 827 4556 856 4614; x_wconf 84' lang='lat' dir='ltr'><strong>a,</strong></span> <span class='ocrx_word' id='word_1_373' title='bbox 875 4557 920 4616; x_wconf 70' lang='lat' dir='ltr'><strong>aa,</strong></span> <span class='ocrx_word' id='word_1_374' title='bbox 939 4550 1044 4618; x_wconf 80' lang='lat' dir='ltr'><strong>xxm,</strong></span> <span class='ocrx_word' id='word_1_375' title='bbox 1066 4557 1105 4604; x_wconf 82' lang='lat' dir='ltr'><strong>ur.</strong></span> 
     </span>
    </p>
   </div>
   <div class='ocr_carea' id='block_1_4' title="bbox 0 0 1572 5046">
    <p class='ocr_par' dir='ltr' id='par_1_6' title="bbox 0 0 1572 5046">
     <span class='ocr_line' id='line_1_41' title="bbox 0 0 1572 5046; baseline 0 0"><span class='ocrx_word' id='word_1_376' title='bbox 0 0 1572 5046; x_wconf 95' lang='lat' dir='ltr'><strong> </strong></span> 
     </span>
    </p>
   </div>
  </div>
 </body>
</html>
