3202 5058
623 265 627 272 ἱ
678 307 769 357 Otrtm
786 306 822 356 Il.
1322 299 1356 354 65

147 399 181 406 .-

143 522 318 596 respondere
347 523 445 581 voluit.
491 521 553 578 Illis
578 521 685 579 litteris
707 519 929 593 DoellingeruS,
960 525 1109 592 postquam
1140 519 1305 578 christianis
1328 527 1358 580 et

141 626 311 700 theologicis
343 625 505 685 rationibus
537 641 611 683 nova
646 624 781 697 dogmata
822 621 976 697 refutavit,
1013 629 1074 681 tum
1107 639 1143 682 ex
1174 623 1294 684 historia
1326 626 1358 682 in

141 731 308 789 memoriam
336 737 454 788 revocat
487 730 638 803 episcopo,
669 728 783 800 quantis
812 728 959 801 sanguinis
986 726 1150 788 fluminibus
1180 729 1273 802 curis,
1303 729 1358 788 isto

142 835 226 894 modo
255 836 407 908 imperium
436 834 535 893 mundi
564 831 720 904 affectans,
751 831 896 906 Europam
921 833 1097 906 impleverit,
1131 837 1191 890 tum
1227 832 1358 892 modeste

141 939 257 1012 quidam
286 939 337 998 sed
368 940 438 998 satis
467 939 622 1012 perspicue
652 937 826 996 sanctissimi
855 953 926 1011 erga
953 937 1160 1009 rempublicam
1184 941 1214 996 et
1235 939 1359 1010 petriam

141 1042 230 1102 officii
249 1043 329 1101 illum
351 1041 586 1116 commonefacit,
608 1042 741 1114 quoniam
763 1041 821 1099 istu
846 1041 993 1114 doctrina,
1022 1046 1191 1114 perpetuum
1215 1042 1358 1101 ecclesiae

143 1153 173 1206 et
196 1149 337 1220 civitatis,
361 1148 432 1206 cleri
455 1153 486 1204 ot
508 1148 649 1205 laicorum
672 1145 822 1204 discidium
843 1146 978 1220 pariens,
1001 1147 1025 1204 si
1048 1147 1085 1204 ab
1107 1147 1242 1205 universa
1261 1147 1360 1205 catho-

141 1253 200 1310 lica
229 1253 328 1326 populi
355 1254 447 1310 nostri
477 1257 560 1324 parte
591 1255 712 1323 accepta
742 1249 844 1323 fuerit,
875 1267 978 1309 novum
1003 1249 1179 1310 Germaniae
1207 1251 1359 1324 imperium

143 1357 245 1415 eodem
269 1356 424 1415 insanabili
447 1357 546 1416 morbo
569 1355 714 1414 infectura
736 1355 789 1422 ait',
815 1371 870 1428 quo
892 1357 1019 1428 priscum
1049 1357 1113 1428 ejus
1135 1356 1289 1429 imperium
1309 1355 1360 1414 ab·

143 1466 291 1534 sumptum
313 1461 456 1534 quondam
481 1477 545 1520 esse
568 1465 689 1520 constet.

231 1581 346 1641 Revera
366 1582 461 1655 ouria,
484 1582 553 1639 licet
575 1581 700 1638 omnium
719 1581 880 1639 recentium
903 1581 1051 1638 civitatum
1073 1581 1179 1652 hostis,
1203 1587 1301 1640 tamen
1325 1599 1360 1640 ex

145 1703 244 1746 eorum
274 1690 390 1760 mente,
420 1687 469 1758 qui
501 1701 623 1760 ,arcana
650 1684 782 1756 imperii‘
810 1690 928 1756 tenent,
956 1686 1064 1742 nullam
1089 1685 1175 1743 ubam
1206 1687 1231 1743 si
1263 1691 1362 1759 posset

143 1791 350 1865 rempublicam
365 1807 450 1864 quam
472 1806 574 1849 novam
590 1787 793 1848 Germanicam
814 1791 931 1848 vincere
949 1795 979 1847 et
993 1789 1119 1864 perdere
1134 1791 1241 1848 mallet
1275 1789 1362 1863 Cujus

143 1895 203 1952 odii
236 1896 369 1968 exempla
405 1899 465 1952 tam
492 1894 648 1953 manifesta
684 1898 765 1967 sunt,
799 1899 831 1950 ut
860 1894 987 1968 mireris,
1021 1893 1160 1966 quomodo
1195 1892 1362 1968 praefracta

144 1998 241 2058 bonta
274 2015 384 2072 negare
417 1997 489 2056 illud
522 1999 552 2056 in
576 1998 700 2056 comitiis
726 1997 907 2056 Germanicis
945 1997 1060 2070 quidam
1088 1997 1236 2056 Romanae
1271 1998 1362 2071 partis

145 2109 277 2162 oratores
300 2103 362 2161 ausi
384 2101 501 2161 fuerim.
554 2101 668 2175 Optime
691 2101 826 2160 viderunt
848 2099 1009 2174 Pontificii,
1033 2118 1156 2174 regnum
1179 2101 1360 2160 Borussicnm

145 2207 256 2280 aliquid
284 2207 395 2281 ingenii
425 2207 470 2265 sui
491 2223 555 2264 cnm
579 2207 715 2264 universa
736 2222 811 2264 nova
834 2205 992 2264 Germania
1015 2206 1257 2275 communicarem
1290 2204 1363 2263 illud

145 2328 233 2384 vero,
262 2311 447 2385 evangelicae
476 2308 544 2368 fidei
572 2312 603 2368 in
626 2311 793 2369 continente
813 2309 969 2382 Europaea
991 2311 1253 2383 propugnaculum,
1283 2311 1363 2367 ouria

147 2432 263 2489 semper
286 2416 402 2488 oderat,
426 2417 537 2488 regiam
559 2415 775 2473 Zolleranorum
798 2415 969 2488 dignitatem
997 2418 1100 2472 octavo
1122 2413 1234 2472 decimo
1256 2415 1364 2488 seculo,

146 2521 281 2579 similiter
312 2525 399 2594 atque
432 2521 561 2594 pristinis
593 2520 696 2578 seculis
734 2535 821 2592 paces
854 2519 891 2577 de
927 2519 1068 2592 religione
1095 2519 1173 2577 inter
1203 2517 1364 2576 Germanos

148 2625 313 2698 conclusas,
337 2639 495 2699 agnoscere
518 2624 709 2697 pertinaciter
731 2629 925 2681 recusaverat.
971 2623 1056 2682 Haud
1079 2624 1155 2681 male
1171 2628 1238 2681 tunc
1253 2623 1365 2682 scilicet

146 2728 356 2802 Francugallus
384 2727 514 2802 quidam,
545 2727 709 2785 Borussiam
740 2726 793 2784 sub
821 2742 925 2800 magno
954 2744 1025 2800 rege
1058 2727 1190 2799 potentia
1216 2728 1364 2801 vigentem

145 2834 322 2906 respiciens,
357 2832 413 2890 dici
445 2849 531 2906 posse
568 2832 697 2905 censuit,
735 2830 895 2890 Lutherum
933 2830 1018 2904 hujus
1059 2831 1143 2904 regni
1177 2829 1365 2890 fundamenta

144 2935 279 3009 jecisse¹
325 2935 412 3010 Cujus
434 2938 478 2995 rei
498 2953 585 3009 reges
606 2941 637 2994 et
658 2937 849 3009 imperatores
872 2936 973 3010 nostri,
994 2935 1098 2993 siDeo
1119 2933 1207 2994 dante
1231 2937 1274 2993 sui
1287 2935 1365 2993 simi-

148 3043 193 3100 les
216 3047 319 3116 erunt,
351 3056 495 3114 nunquam
518 3039 732 3098 obliviscentur.
778 3039 896 3097 Etenim
918 3038 954 3096 ab
986 3039 1147 3097 emendatis
1171 3040 1261 3096 sacris
1283 3039 1365 3096 inde-

146 3144 227 3202 fessa
256 3145 308 3202 illa
337 3144 559 3203 excolendamm
590 3143 716 3202 omnium
746 3142 886 3200 bonarum
914 3143 1020 3199 artium
1050 3143 1231 3213 omniumque
1254 3142 1364 3212 ingenii

147 3250 252 3306 virium
274 3249 368 3308 studia
386 3247 517 3321 profecta
540 3253 623 3320 sunt,
645 3262 719 3320 quae
743 3261 876 3318 magnam
891 3249 1004 3317 partem
1018 3243 1230 3302 recentioribus
1250 3242 1365 3302 demum

146 3352 327 3426 temporibus
345 3352 383 3411 ad
406 3351 568 3410 Catholioos
584 3349 772 3409 Germanicos
792 3349 942 3407 transiisse
964 3348 1100 3407 videmus.
1146 3348 1237 3422 Haec,
1261 3347 1365 3406 scholis

149 3463 181 3515 et
203 3456 440 3516 universitatibus
461 3456 590 3528 exculta,
613 3455 741 3514 emnium
755 3453 870 3526 quidem
887 3453 1113 3511 Protestantium
1136 3455 1254 3526 propria
1272 3458 1366 3528 erant,

148 3562 202 3620 sed
223 3561 347 3634 primum
369 3561 406 3620 ab
427 3559 587 3618 Zolleranis
610 3559 804 3632 principibus,
827 3559 982 3630 conjuncta
1004 3573 1068 3615 cum
1091 3563 1192 3616 vetere
1208 3555 1367 3615 Germano-

149 3682 215 3723 rum
237 3664 344 3722 virtute
364 3663 501 3737 militari,
524 3664 554 3720 in
572 3678 695 3736 magnae
717 3662 865 3735 cujusdam
886 3661 1065 3734 reipublicae
1089 3679 1171 3719 usum
1191 3677 1277 3719 versa
1290 3665 1365 3718 sunt.

148 3769 252 3841 Itaque
286 3769 323 3826 ad
356 3766 566 3827 restituendam
597 3765 772 3825 Germaniae
805 3767 944 3824 unitatem
979 3765 1116 3824 Borussia
1149 3764 1226 3822 baud
1263 3779 1366 3836 parum

150 3873 308 3932 universali
335 3873 386 3932 illa
408 3888 482 3946 quae
505 3871 610 3930 dicitur
631 3871 741 3943 ingenii
771 3870 884 3928 cultura
906 3869 1006 3941 adjuta
1028 3874 1088 3942 est,
1117 3868 1197 3939 cujus
1219 3867 1368 3924 victricem

151 3983 183 4034 et
202 3977 335 4035 invictam
362 3977 419 4034 vim
441 3981 539 4035 nostro
562 3973 677 4033 demum
705 3979 835 4047 tempore
857 3973 993 4046 Europae
1015 3971 1175 4030 innotuisse
1195 3967 1368 4027 Parisieusis

242 4257 266 4322 1)
280 4257 375 4320 Millot,
393 4256 503 4306 histoire
519 4255 648 4320 generale,
667 4251 741 4303 piene
754 4253 845 4318 partie.
860 4251 919 4300 bist.
932 4249 1051 4298 moderna
1063 4247 1138 4297 Paris
1150 4252 1226 4297 1773.
1244 4253 1310 4297 tome
1321 4245 1369 4296 111.

150 4361 176 4408 p.
198 4349 256 4394 176.
292 4345 382 4394 Finem
402 4343 466 4394 facit
486 4343 599 4408 epochae
617 4357 711 4398 nonae,
731 4355 781 4405 qua
800 4339 830 4388 de
849 4337 972 4388 Columbo
991 4341 1016 4384 et
1033 4334 1148 4384 Luthero
1167 4335 1235 4397 agit,
1254 4333 1295 4382 his
1313 4349 1368 4382 ver·

149 4432 204 4481 bis:
233 4430 338 4493 ,Quelle
356 4431 457 4497 origine
482 4429 541 4479 d'uu
561 4431 626 4492 etat,
645 4443 692 4492 que
711 4441 775 4474 nous
794 4441 888 4492 royona
906 4423 929 4473 si
945 4423 1063 4488 puisscnt
1086 4435 1145 4470 sous
1163 4437 1197 4470 un
1217 4419 1297 4484 grand
1315 4419 1370 4470 roi!

150 4519 191 4568 On
210 4524 272 4582 peut
290 4517 343 4568 dire
362 4534 411 4584 que
428 4517 527 4568 Luther
548 4531 577 4566 en
596 4514 679 4580 ajetd
698 4513 736 4563 loe
756 4511 918 4564 fundament!
955 4507 1044 4558 Simile
1062 4507 1161 4572 aliquid
1181 4506 1272 4556 altiore
1283 4506 1368 4555 auimo

149 4604 273 4669 Raphael
291 4605 429 4655 Mariano
447 4604 511 4654 dicit
529 4603 568 4653 l.l.
867 4671 870 4678 Ι

194 4704 408 4750 senrotsnsnnr
422 4706 526 4750 munus
538 4703 660 4747 aarum.
1131 4685 1150 4744 b
