3134 5054
643 325 737 376 Garun
752 326 799 378 xl.
1284 327 1335 382 277

114 541 227 614 daciis,
257 537 403 598 mendane
432 539 599 598 dominandi
621 539 758 613 libidine,
786 541 1007 614 sanguinolenta
1029 541 1168 602 violentia
1190 542 1335 617 probaret,

114 662 151 705 se
176 643 339 706 aDiabolo
362 660 427 704 esse
448 643 610 718 deceptam.
654 643 922 704 Romanocatholici
943 645 1126 706 Lutheranos
1151 663 1210 706 non
1239 647 1334 706 eccle·

116 750 194 808 dam
221 749 409 808 christianam
432 747 485 806 sed
507 747 730 808 abominandam
748 755 857 809 sectam
876 765 941 810 esse
964 749 1119 824 dicebant,
1148 767 1248 810 omnes
1270 749 1333 811 lare

115 855 247 913 omnium
268 857 428 927 temporum
449 853 588 912 haereses
611 869 629 912 a
651 852 774 912 Diabolo
795 855 951 913 seminatas
967 857 1222 928 complectentem
1243 871 1333 928 quare

115 959 191 1032 hos,
210 958 259 1018 uhi
282 955 346 1018 lieri
368 960 476 1032 posset,
500 957 725 1030 exstinguendos
749 974 815 1016 esse
840 963 928 1032 atque
950 959 986 1018 ab
1009 959 1141 1018 omnihus
1163 958 1335 1022 Christianis

116 1067 224 1122 contra
245 1078 295 1122 eos
317 1062 469 1135 Principes
484 1067 516 1122 et
531 1063 730 1136 magistratus,
753 1063 802 1136 qui
817 1063 897 1122 illam
913 1069 1022 1123 sectam
1036 1070 1204 1138 tuerentur,
1225 1065 1334 1124 bellurn

116 1167 289 1240 parandum.
320 1165 368 1224 Ad
390 1165 464 1226 banc
479 1167 655 1226 senentiam
671 1166 805 1226 carolum
819 1167 976 1227 Gaesarem
990 1169 1134 1228 inclinare
1150 1165 1334 1228 manifestum

117 1276 196 1330 erat.
241 1269 295 1329 Gui
316 1270 405 1330 armis
425 1270 620 1330 resistendum
642 1285 700 1330 non
723 1287 788 1330 esse
810 1272 863 1331 sed
885 1273 1054 1346 martyrium
1068 1272 1164 1346 potius
1178 1288 1232 1345 pro
1248 1289 1335 1330 eran·

115 1375 198 1448 gello
228 1375 408 1434 subeundum
429 1374 576 1434 Lutherus
607 1375 691 1434 initio
712 1375 839 1435 Jobarmi
860 1375 990 1436 Electori
1008 1376 1170 1450 persuasit3
1195 1375 1335 1449 paulatim

117 1479 236 1537 demum
263 1479 477 1552 jurisconsultis
503 1480 591 1538 cessit
620 1477 805 1555 docentibus,
838 1480 1026 1555 Imperatori,
1060 1481 1086 1538 si
1115 1484 1261 1554 potestate
1281 1497 1335 1539 sua

116 1581 304 1656 abuteretur,
339 1598 375 1642 ex
405 1585 472 1658 jure
506 1583 622 1657 imperii
638 1567 640 1572 ¹
656 1583 701 1643 las
735 1601 799 1644 esse
832 1586 979 1659 principes
1013 1585 1160 1644 resistere.
1214 1583 1335 1658 Semper
1419 1590 1420 1594 ’

115 1693 217 1747 nmen
239 1687 385 1747 Lutherus
413 1703 466 1762 pro
496 1704 570 1762 pace
598 1689 680 1750 nisus
706 1695 751 1750 est
778 1695 809 1764 et
831 1691 924 1764 quoad
948 1691 1018 1750 vixit
1039 1691 1145 1750 bellum
1168 1708 1221 1764 pro
1243 1691 1333 1750 sacris

115 1792 334 1865 suscipiendum
356 1794 485 1852 evitavit.

206 1897 309 1970 Neque
339 1914 409 1956 vero
444 1898 566 1974 mirum,
601 1898 678 1971 qnod
697 1897 881 1974 Evangelici,
912 1916 930 1958 a
956 1900 1045 1958 tantm
1065 1905 1183 1974 amque
1211 1899 1333 1958 diversis

114 2002 256 2075 perieulis
297 2001 481 2077 circumdati,
528 2003 726 2076 plenissimam
765 2004 844 2062 ibam
885 2005 1079 2063 eonscientiae
1117 2009 1148 2063 et
1183 2004 1333 2077 religionis

114 2105 285 2166 libertatem
318 2107 429 2166 servari
460 2123 519 2166 non
548 2122 634 2180 posse
660 2107 815 2182 putabant,
848 2122 934 2180 qnam
958 2107 1096 2167 Erasmus
1126 2107 1206 2166 velut
1225 2106 1332 2165 sinceri

115 2209 263 2282 evangelii
295 2211 442 2285 propriam
478 2211 573 2270 animo
605 2227 721 2285 semper
754 2211 850 2270 tenuit
880 2217 911 2269 et
945 2227 1036 2283 usque
1067 2210 1105 2269 ad
1134 2211 1216 2269 vitae
1246 2208 1333 2268 finem

115 2314 275 2374 audacibus
303 2331 392 2389 saepe
423 2316 520 2374 verbis
544 2313 684 2376 defendit.
729 2315 813 2374 Hane
834 2315 931 2389 priore
956 2321 1089 2389 tempore
1112 2316 1201 2374 etiam
1223 2314 1332 2373 Luthe-

113 2436 167 2478 rus
188 2418 345 2479 fortissimo
375 2421 599 2494 praedicaverat
628 2425 659 2479 et
687 2420 892 2494 postulaverat
945 2420 1053 2479 Postea
1081 2437 1168 2494 quum
1195 2437 1212 2479 e
1235 2417 1334 2478 Wart-

114 2525 208 2597 hurgo
230 2523 322 2584 redux
344 2529 468 2599 urgente
489 2541 588 2584 rerum
611 2524 780 2584 condolore
804 2525 841 2584 ad
863 2523 1081 2598 gubernandam
1104 2523 1227 2596 quodam
1247 2523 1332 2581 modo

114 2627 272 2688 eeclesiam
302 2629 543 2703 Vitehergensem
576 2633 693 2688 vocatus
727 2635 820 2705 esset,
850 2629 995 2688 intellexit
1027 2629 1199 2703 ecelesiam,
1233 2644 1333 2701 quam·

113 2748 203 2806 quam
244 2734 378 2808 ,proprie
423 2734 461 2794 sit
507 2735 696 2809 congregatio
738 2741 904 2794 sanctorum
944 2739 974 2794 et
1017 2739 1087 2794 dere
1125 2731 1332 2807 eredentinm‘,

112 2843 214 2897 tamon
242 2839 272 2898 in
307 2839 364 2898 hac
392 2839 452 2898 rita
481 2839 568 2898 etiam
598 2839 812 2915 ,paedagogum
841 2839 879 2899 ad
909 2838 1069 2898 Christum‘
1102 2855 1175 2898 esse.
1228 2838 1331 2911 Itaque

111 2941 152 3001 ad
184 2943 391 3002 instituendam
424 2943 456 3002 in
488 2945 540 3004 illa
570 2943 753 3018 disciplinam
782 2943 926 3017 quandam
954 2944 1081 3002 civilium
1110 2943 1331 3016 magistratuum

110 3045 253 3106 auxilium
272 3047 483 3122 repudiandum
502 3065 560 3107 non
582 3063 647 3108 esse
670 3049 792 3106 censuit.
838 3047 921 3118 Quod
945 3052 1011 3121 post
1033 3045 1208 3105 horrendum
1223 3045 1331 3103 bellum

110 3151 308 3226 rusticanum,
333 3168 389 3226 quo
418 3152 541 3212 ardema
564 3151 733 3211 Fridericus
755 3149 877 3225 Sapiens
899 3150 935 3210 de
958 3151 1019 3208 vita
1041 3150 1185 3223 decessit,
1217 3149 1330 3221 liquere

110 3256 239 3315 maxime
260 3255 422 3316 uidebatur.
466 3255 653 3331 Reprimendi
684 3259 770 3315 erant
789 3253 911 3314 fanatici
932 3254 1080 3329 homines,
1109 3254 1158 3327 qui
1180 3268 1236 3326 per
1258 3249 1332 3311 Ger·

111 3360 241 3420 maniam
257 3365 396 3436 vagantes
412 3361 598 3436 evangelicae
612 3360 757 3420 libertatis
770 3365 926 3434 praetextu
943 3359 1094 3419 seditionis
1110 3359 1222 3419 semina
1236 3357 1331 3416 denno

111 3465 299 3539 spargebant.
337 3464 446 3526 Ooaba
466 3465 519 3525 bos
540 3482 618 3540 ,non
637 3465 700 3524 sine
722 3481 812 3524 caasa
834 3465 961 3539 gladium
983 3462 1155 3538 portabant‘
1177 3463 1332 3538 magistra·

112 3577 164 3628 tus
199 3570 307 3628 civiles.
361 3569 475 3629 Deinde
506 3585 576 3629 vero
610 3569 767 3629 eorundem
798 3565 924 3628 officium
952 3568 1104 3628 videbatur
1129 3585 1194 3628 esse
1225 3567 1332 3629 Reum

112 3690 222 3733 nenses
244 3691 357 3748 quoque
377 3690 490 3748 arcere,
512 3674 562 3748 qui
584 3673 637 3749 iis,
661 3689 735 3746 quae
758 3674 789 3732 iu
811 3672 959 3733 Aloandro
981 3673 1195 3748 descripsimus,
1217 3673 1332 3732 auxiliis

112 3777 200 3852 freti,
219 3781 281 3853 jam
303 3779 407 3854 gladiis
430 3785 462 3839 et
482 3779 561 3852 rogis
582 3779 613 3838 in
634 3779 696 3853 pios
719 3779 863 3852 evangelii
886 3776 1068 3838 confessores
1087 3779 1202 3837 saevire
1226 3792 1332 3850 coepe·

112 3887 189 3942 rant.
235 3882 381 3944 Lutherus
408 3889 529 3958 propter
551 3883 722 3957 religionem
744 3883 884 3956 supplicio
906 3871 1078 3955 quemquam
1100 3879 1194 3956 affici,
1216 3897 1331 3954 semper

111 3987 279 4063 prohibuit,
308 3987 360 4048 sed
384 3986 421 4046 ad
448 3987 620 4047 servandam
649 3985 795 4061 publicam
825 3985 1005 4058 disciplinam
1026 3985 1224 4043 Romanenses
1244 3983 1330 4042 exilio

112 4091 240 4151 mutare
270 4109 328 4152 non
351 4091 503 4152 dubitavit
547 4091 681 4165 Denique
713 4091 801 4150 etiam
823 4089 1080 4161 sacramentarios,
1108 4105 1180 4162 quos
1200 4088 1330 4163 vocabat,

111 4195 250 4270 quoniam
272 4213 330 4255 uon
349 4197 549 4257 consentirent
569 4195 606 4256 de
629 4195 762 4256 doctrina
782 4193 943 4270 evangelii,
972 4193 1075 4254 eodem
1096 4193 1180 4252 modo
1202 4198 1329 4252 tractare

112 4299 160 4360 fas
190 4301 373 4360 existimavit.

201 4405 284 4465 Haeo
310 4404 408 4465 omnia
428 4405 552 4466 Erasmo
581 4405 665 4465 valde
687 4403 881 4479 displicuisse,
910 4403 997 4463 immo
1019 4402 1111 4462 dolori
1131 4401 1221 4461 tuime
1243 4399 1330 4458 laoile

109 4509 300 4583 intellegitur.
350 4509 545 4570 Nihilominus
567 4509 649 4584 paci,
679 4515 818 4584 quantum
839 4513 971 4584 poterat,
993 4507 1161 4581 prospicere
1184 4521 1329 4580 nunquam

109 4613 207 4673 desiit.
251 4613 314 4687 Qua
342 4616 374 4675 in
402 4631 436 4675 re
464 4613 563 4689 magni
584 4613 695 4688 aliquid
718 4619 749 4673 et
766 4613 880 4687 pulchri
899 4615 966 4688 jure
989 4614 1165 4686 agnoscitur.
1209 4609 1329 4670 Etenim
