3144 5092
654 292 742 346 Cnrur
759 291 792 344 V.
1302 294 1335 346 77

96 496 201 570 nalis,
229 501 371 573 tanquam
398 494 590 555 orthodoxam
613 494 816 570 defenderant,
844 493 977 553 Tridenti
998 497 1068 570 post
1090 495 1162 554 satis
1185 494 1280 555 levem
1303 513 1338 554 ae

97 603 334 662 tumultuariam
366 595 608 681 disceptationem
636 602 773 661 damnata
805 607 880 677 erat,
913 621 1001 680 quam
1028 621 1091 661 rem
1118 603 1196 662 inter
1223 619 1337 662 reassu-

100 712 247 785 mendaS,
271 730 346 789 quae
369 711 603 785 nominabantur,
627 727 693 770 esse
712 709 835 769 Camlus
859 709 997 769 voluerat.
1041 709 1184 769 Similiter
1206 727 1282 787 quae
1301 709 1338 768 de

99 819 280 878 authentico
312 823 399 878 textu
426 801 564 892 Latino,
582 817 619 876 de
652 817 817 894 septenario
850 822 1097 878 sacramentorum
1129 834 1264 892 numero,
1301 817 1338 876 de

100 925 264 986 indelebili
292 925 476 986 sacerdotum
503 925 670 984 charactere
694 924 860 985 Concilium
888 925 1001 1001 adjecto
1024 925 1210 984 anathemate
1233 942 1338 1001 prope

103 1038 223 1108 suemt,
246 1051 340 1092 novae
362 1051 410 1092 res
433 1037 528 1108 erant,
552 1037 698 1110 quatenus
721 1037 883 1109 anteaper
904 1037 948 1091 tot
970 1032 1070 1092 secula
1093 1050 1153 1091 non
1172 1032 1338 1092 eommunis

102 1141 181 1200 fidei
204 1141 381 1201 christianae
403 1158 484 1217 pars,
509 1140 561 1200 sed
585 1140 749 1199 sententiae
772 1139 966 1217 disputabiles
984 1139 1084 1199 habita
1102 1144 1192 1200 emnt.
1234 1139 1338 1217 Neque

103 1267 187 1308 nova
213 1253 386 1324 argumenta
413 1248 526 1326 prolata
548 1251 643 1322 erant,
673 1265 799 1326 quorum
821 1247 949 1324 pondere
974 1247 1098 1307 Concilii
1127 1247 1244 1307 decreta
1272 1265 1337 1324 pro·

104 1355 158 1415 bis
182 1375 216 1415 ac
238 1355 434 1433 prudentibus
457 1355 530 1415 viris
553 1354 808 1432 persuaderentur.
851 1353 934 1428 Quod
957 1355 993 1414 ad
1018 1355 1124 1414 Curiae
1146 1360 1176 1415 et
1198 1354 1339 1414 ecclesiae

103 1463 348 1522 reformationem
370 1462 488 1538 attinet,
512 1462 670 1522 nonnullas
692 1480 741 1522 res
764 1461 921 1522 admodum
945 1463 1045 1522 foedas
1068 1461 1255 1522 laudabiliter
1273 1480 1338 1520 mri-

107 1576 188 1630 tatas
216 1589 282 1630 esse
308 1571 534 1646 concedebatur,
562 1589 665 1631 verum
692 1570 766 1630 alias
793 1588 853 1630 non
881 1571 981 1630 minus
1009 1571 1191 1631 necessarias
1214 1570 1339 1630 intactas

107 1679 259 1738 mansisse
276 1679 426 1756 apparuit3
451 1697 542 1756 quare
559 1677 770 1754 Lotharingius
790 1677 955 1738 cardinalis
979 1678 1112 1736 omnium
1134 1677 1339 1755 episeopomm

110 1786 294 1846 Gallicorum
326 1786 445 1846 nomine
476 1785 636 1846 declaravit
667 1790 697 1845 et
727 1785 760 1844 in
791 1789 856 1844 acte
884 1785 1010 1845 Concilii
1037 1785 1141 1844 referri
1167 1785 1274 1859 voluit,
1307 1801 1340 1844 se

110 1899 235 1953 cunctos
263 1894 466 1972 imperfectam
493 1893 575 1952 illam
603 1893 841 1952 reformationem
863 1911 924 1952 non
946 1893 1080 1970 accipere
1102 1892 1162 1952 nisi
1186 1896 1339 1968 sperantes

111 2003 188 2074 fore,
224 2007 259 2061 ut
293 2001 352 2078 ipsi
384 2000 542 2060 Pontifices
574 2001 788 2060 efficacioribus
819 1999 958 2060 remediis
990 2000 1140 2060 defectum
1171 1999 1337 2076 implerent

110 2109 180 2168 Pari
208 2108 316 2168 fiducia
338 2109 427 2168 etiam
450 2107 487 2167 de
509 2107 548 2167 iis
570 2125 645 2184 opus
668 2113 743 2182 erat,
771 2125 846 2185 quae
869 2107 1051 2166 emendanda
1074 2107 1140 2184 ipsa
1163 2106 1266 2166 Patres
1290 2106 1339 2166 de-

112 2221 278 2293 creverant;
307 2215 418 2293 quippe
446 2215 583 2274 Pontifici
611 2214 728 2290 legibus
756 2233 934 2292 quemquam
962 2213 1096 2273 solvendi
1123 2213 1340 2290 vetitorumque

111 2325 230 2384 veniam
253 2323 342 2382 dandi
357 2323 408 2398 jus
427 2323 575 2397 manebat,
599 2323 684 2399 cujus
700 2322 777 2399 juris
795 2321 997 2398 largissimum
1014 2327 1103 2400 atque
1122 2320 1340 2382 odiosissimum

114 2433 214 2492 statim
236 2449 326 2491 usum
348 2432 444 2491 facere
466 2429 569 2507 coepit.
611 2430 683 2490 Post
706 2447 774 2488 eum
797 2429 972 2489 severiorem
996 2447 1028 2488 se
1050 2429 1185 2506 praebuit
1202 2429 1275 2488 Pius
1293 2427 1339 2503 V,

113 2539 223 2616 pietate
245 2557 331 2598 caena
353 2538 443 2598 nimis
466 2543 496 2598 et
513 2538 587 2615 proh
605 2537 688 2597 dolor
706 2541 839 2610 omenta,
864 2537 916 2596 sed
935 2537 1049 2597 sincera
1067 2541 1097 2596 et
1115 2537 1229 2596 fervida
1247 2541 1339 2596 aetus.

7 2731 11 2742 .
114 2646 218 2724 Neque
249 2651 351 2722 postea
381 2645 552 2721 defuemnt,
585 2645 637 2723 qui
669 2645 743 2706 bene
775 2645 892 2704 decreta
923 2645 998 2705 bene
1026 2644 1150 2722 exsequi
1179 2644 1339 2704 studerent

114 2753 207 2813 Nemo
233 2759 333 2813 mmen
360 2753 413 2831 qui
440 2759 575 2813 accurate
602 2771 637 2813 ac
659 2753 782 2812 candide
805 2770 867 2812 rem
890 2752 1116 2828 examinaverit,
1144 2752 1255 2812 infitias
1277 2751 1340 2827 ibit,

117 2861 224 2922 multos
246 2862 357 2920 abusus
381 2861 513 2920 Tridenti
536 2862 695 2936 castigatos
718 2860 766 2920 rel
789 2878 906 2938 semper
928 2860 1129 2938 permansisse
1151 2859 1201 2920 vel
1224 2877 1342 2936 semper

117 2969 210 3028 denuo
233 2969 388 3046 hueusque
411 2967 574 3036 emersisse.
622 2967 715 3044 Cujus
740 2968 781 3028 rei
804 2967 976 3044 exemplum
999 2967 1118 3027 venales
1143 2966 1212 3026 illos
1231 2966 1342 3026 Romm

117 3079 229 3137 favores
253 3093 414 3136 memorare
437 3075 561 3149 suffieit,
590 3075 697 3152 quibus
720 3074 856 3150 ingentes
880 3091 967 3152 saepe
989 3075 1074 3134 aulae
1096 3073 1264 3150 pontificiae
1287 3072 1341 3132 im·

118 3203 223 3262 pensae
247 3181 495 3244 sustinebantur.¹
537 3180 619 3256 Quae
641 3182 739 3241 omnia
761 3181 974 3258 quodammodo
997 3179 1203 3258 praevidentes
1225 3179 1341 3257 inipso

120 3292 248 3353 Concilio
276 3291 459 3368 sagacissimi
486 3290 556 3364 viri,
589 3307 647 3367 quo
674 3307 744 3348 rere
771 3293 801 3348 et
829 3288 945 3348 stabilis
972 3287 1140 3347 reformatio
1167 3287 1341 3364 efficeretur,

118 3418 236 3460 necesse
255 3417 321 3460 esse
339 3398 565 3472 intellexerunt,
588 3401 622 3456 ut
640 3395 791 3474 pontificia
813 3401 957 3472 potestas,
980 3413 1055 3474 quae
1074 3395 1169 3471 magis
1188 3395 1342 3473 magisque

121 3507 162 3588 (ut
184 3525 252 3568 cum
272 3505 434 3568 Gallicanis
452 3505 599 3581 theologis
617 3505 783 3582 loquamur)
803 3504 835 3563 in
853 3503 1018 3564 absolutam
1037 3503 1237 3564 monarchiam
1256 3504 1342 3580 dege·

121 3620 282 3690 cenaverat,
303 3633 356 3692 pro
375 3615 483 3674 veteris
504 3613 646 3674 eeclesiae
664 3611 801 3689 exemplo
820 3617 850 3671 et
867 3629 906 3671 ex
920 3611 1045 3672 decretis
1061 3610 1185 3672 Concilii
1200 3611 1342 3672 Constan-

120 3723 220 3783 tiensis
243 3723 332 3783 certis
355 3721 532 3801 quibusdam
554 3721 664 3780 finibus
687 3719 985 3780 circumscriberetur.
1027 3719 1071 3779 Ea
1093 3723 1223 3795 potestas
1245 3723 1279 3776 nt
1297 3719 1342 3776 in·

122 3831 238 3891 definite
260 3836 436 3904 remaneret,
461 3829 567 3890 Curiae
590 3827 720 3888 asseclae
744 3832 876 3902 strenue,
899 3826 989 3886 immo
1006 3825 1136 3902 furiose,
1159 3826 1341 3902 nitebantur;

121 3939 154 3998 de
180 3957 214 3998 ea
241 3956 294 4014 per
322 3942 366 3996 tot
390 3937 515 3997 concilii
542 3954 636 3996 annos
664 3941 788 4012 utraque
816 3951 898 4011 pars,
926 3934 1016 4012 idque
1043 3933 1123 3993 haud
1144 3951 1209 3992 raro
1231 3932 1342 3992 tumul·

122 4045 300 4119 tuosissime‚
332 4044 555 4120 digladiabatur.
607 4041 703 4117 Qruue
730 4042 851 4101 Petrum
883 4059 975 4116 nnus,
1008 4041 1211 4118 Espensaeus,
1242 4045 1344 4118 postea

19 4149 24 4158 '
123 4153 151 4212 in
172 4149 389 4211 commentariis
412 4151 449 4210 de
472 4149 598 4227 epistola
620 4149 656 4208 ad
680 4147 781 4208 Titum
804 4147 935 4226 scripsit:
965 4148 1059 4222 ,Haec
1081 4147 1134 4207 illa
1156 4152 1203 4207 est
1220 4146 1342 4222 Helena,

124 4277 192 4337 quae
228 4275 324 4335 nuper
355 4257 488 4318 Tridenti
520 4256 689 4317 obtinuit.‘²
742 4255 888 4316 Viderunt
919 4255 1060 4316 nimirum
1091 4253 1253 4330 Pontificii,
1291 4253 1343 4332 qui

226 4505 252 4572 1)
272 4503 310 4557 Cf.
330 4503 431 4557 Wolrer
450 4503 497 4556 das
516 4501 707 4556 linanznesen
726 4501 774 4556 der
791 4500 898 4556 Piibste.

224 4593 252 4666 2)
271 4593 347 4647 Edm.
358 4592 474 4648 Richorii
484 4591 545 4646 hist.
556 4591 733 4647 Conciliorum
744 4590 907 4662 generalium
922 4591 973 4660 (ed.
984 4589 1073 4645 Calon.
1085 4589 1166 4660 1681)
1175 4589 1223 4658 IV,
1234 4589 1250 4642 2
1264 4605 1289 4658 p.
1300 4587 1343 4644 92.
