3144 5092
788 262 876 317 Carus
894 262 927 318 V.

351 467 434 526 Inter
456 470 500 526 tot
522 484 591 526 vero
613 465 698 524 illius
720 464 861 542 temporis
883 464 965 524 rixas
988 467 1018 524 et
1040 463 1187 524 tumultus
1210 470 1334 542 propter
1358 465 1487 542 religio
1561 505 1562 516 ,

245 593 313 634 nem
336 578 466 649 exortos,
495 591 645 633 summum
672 572 782 647 vnum,
810 572 898 632 ctiam
926 572 981 632 hac
1004 589 1041 631 ex
1065 577 1148 649 parte
1170 571 1312 632 Leibnitii
1337 573 1486 645 similem

245 683 282 742 de
309 681 431 742 victrice
458 681 604 760 quondam
633 681 734 739 futura
760 679 883 738 veritate
910 679 1006 758 deque
1033 678 1216 740 restituenda
1238 679 1388 740 eeclesiae
1411 700 1487 740 curn-
1562 751 1563 772 Χ

245 789 343 849 cordia
369 807 522 866 nunquam
549 788 701 848 dubitasse
729 805 820 864 supra
846 787 984 846 vidimus
1029 786 1069 846 llt
1093 786 1231 864 quoniam
1254 805 1379 847 omnem
1402 789 1487 847 veri-
1563 856 1564 865 ἶ

245 901 335 956 tatem
367 897 446 956 inter
473 914 505 956 se
532 895 687 956 cohaerere
713 912 748 954 ac
776 913 830 954 sua
857 912 890 954 se
918 893 1108 971 simplicitate
1135 894 1266 954 indicare
1293 899 1325 954 et
1352 896 1488 973 probare
1561 896 1564 987 l

245 1004 373 1082 putavit,
401 1004 490 1063 etiam
516 1003 670 1062 rectiorem
697 1006 727 1062 et
754 1002 849 1078 magis
876 1001 994 1060 virilem
1022 1002 1193 1077 systematis
1221 1000 1325 1061 mundi
1349 1003 1487 1080 ejusque

245 1112 346 1188 legum
364 1111 612 1187 intellegentiam,
630 1110 701 1170 licet
719 1110 803 1170 utin
821 1109 995 1169 mortalibus
1013 1127 1166 1186 uunquam
1184 1110 1361 1186 perlectam,
1383 1111 1487 1170 multo
1563 1122 1564 1151 ³

245 1225 345 1279 tamen
375 1218 483 1278 melius
515 1236 604 1296 quam
635 1217 769 1294 dispersa
799 1235 881 1276 nunc
912 1217 998 1294 quasi
1029 1217 1172 1276 infantiae
1203 1218 1322 1294 generis
1350 1217 1485 1277 hnmani
1563 1202 1564 1289 l

246 1326 360 1386 somnia
387 1343 456 1386 cum
482 1325 562 1386 veris
590 1325 755 1402 spiritualis
781 1325 867 1402 regni
893 1323 987 1383 divini
1014 1323 1131 1400 legibus
1154 1325 1310 1384 convenire
1334 1343 1394 1402 pro
1419 1345 1486 1385 cer-

245 1434 361 1492 tissimo
389 1433 499 1493 habuit
546 1431 702 1510 Quumque
730 1432 942 1507 dissonantiae,
969 1436 1003 1492 ut
1029 1432 1071 1490 ita
1093 1432 1203 1506 dicam,
1231 1432 1263 1491 in
1286 1432 1422 1494 diversis
1446 1435 1485 1494 de

246 1541 387 1617 religione
401 1541 561 1600 christiana
575 1539 730 1600 sententiis
744 1541 846 1600 obviae
859 1539 1061 1599 tristissimam
1074 1545 1105 1600 et
1119 1539 1304 1615 singulorum
1317 1540 1484 1600 hominum

247 1653 277 1707 ot
298 1648 502 1708 universarum
526 1647 655 1724 partium
677 1647 889 1725 civitatumque
912 1648 1088 1708 discordiam
1107 1665 1208 1707 secum
1226 1647 1368 1708 tulissent
1386 1653 1483 1726 atque

247 1756 323 1815 hanc
340 1755 452 1832 perfide
470 1755 604 1815 foventes
615 1754 744 1815 Jesuitae
755 1756 817 1832 jam
831 1754 920 1814 fatale
939 1755 1014 1814 illud
1031 1755 1144 1814 bellum
1162 1756 1369 1830 concitassent,
1388 1757 1482 1833 cujus

247 1862 381 1922 miserias
408 1882 426 1922 a
448 1861 576 1940 Keplero
604 1881 658 1940 per
681 1862 858 1922 decennium
886 1863 949 1922 sive
972 1862 1066 1922 oculis
1089 1862 1153 1922 sive
1175 1863 1296 1922 auribus
1318 1869 1480 1940 perceptas

246 1989 301 2032 uos
328 1974 428 2031 nostro
451 1988 522 2030 sevo
544 1970 597 2029 vix
619 1988 722 2030 omnes
745 1969 963 2047 superavimus,
991 1970 1044 2030 ille
1066 1975 1166 2030 tamen
1188 1988 1356 2048 nunquam,
1385 1972 1478 2030 sicuti

247 2078 388 2156 permulti
410 2077 476 2152 alii,
499 2077 552 2156 qui
574 2083 647 2138 tunc
668 2078 748 2155 apud
765 2077 861 2138 varias
879 2081 983 2154 gentes
1001 2077 1129 2138 demisso
1148 2078 1246 2138 auimo
1264 2079 1302 2136 ad
1321 2078 1478 2155 scepticis-

246 2204 328 2244 mum
351 2185 465 2262 delapsi
489 2188 572 2260 sunt,
596 2185 645 2245 vel
662 2185 699 2246 de
717 2185 901 2262 providentia
918 2185 1020 2244 divina
1036 2185 1085 2244 vel
1102 2185 1140 2245 de
1158 2185 1284 2246 ecclesia
1301 2185 1477 2260 christiana

246 2293 295 2354 vel
322 2293 359 2353 de
385 2293 481 2370 patria
504 2292 678 2354 Germanica
704 2293 879 2370 desperavit.
931 2291 1014 2366 Quod
1041 2297 1137 2368 amnt,
1167 2293 1219 2372 qui
1246 2297 1344 2352 tantas
1368 2311 1477 2371 exspe

247 2399 389 2460 stationes
411 2405 445 2459 ut
467 2400 548 2476 aegri
572 2400 687 2460 somnia
708 2400 888 2475 deriderent,
916 2399 947 2458 id
970 2419 1008 2460 ne
1031 2393 1153 2459 minime
1177 2400 1297 2478 quidem
1320 2418 1391 2459 eurn
1413 2419 1477 2460 rno-

247 2508 340 2566 uebat.
391 2508 580 2567 Adorabilem
611 2507 707 2585 ipsius
734 2508 790 2567 Dei
822 2507 997 2586 sapientium
1023 2507 1072 2566 vel
1103 2526 1121 2566 a
1148 2507 1328 2567 doctissimis
1360 2508 1475 2582 multis,

247 2614 299 2691 qui
330 2613 536 2689 aestimantur,
567 2613 736 2674 huminibus
773 2633 894 2692 prorsus
926 2615 1067 2692 ignorari,
1099 2615 1190 2674 immo
1223 2614 1346 2674 stultam
1373 2615 1474 2675 baberi

247 2720 427 2780 meminerat.
473 2720 571 2780 Etiam
597 2721 641 2796 id,
669 2721 747 2798 quod
774 2739 855 2782 nunc
881 2722 1062 2785 eruditorum
1088 2722 1243 2782 nominum
1269 2722 1474 2782 auctoritatem

248 2845 376 2906 sequens
404 2828 492 2888 etiam
519 2829 628 2906 vulgus
651 2828 739 2889 facile
760 2829 903 2906 admittit,
931 2834 1053 2905 terram,
1082 2849 1170 2908 quam
1193 2835 1227 2889 ut
1251 2829 1473 2890 stabilissimam

247 2935 326 2996 oculi
348 2936 514 3012 intuentur,
542 2935 671 3014 duplicis
699 2937 816 3013 generis
840 2942 922 2998 motu
945 2937 1165 3014 perimmensa
1188 2937 1284 3015 spatia
1305 2937 1472 2998 incredibili

247 3043 396 3104 celeritate
419 3045 502 3120 ferri,
524 3043 698 3104 incredibile
720 3049 792 3104 tuno
815 3049 845 3105 et
866 3045 1026 3104 absurdum
1049 3045 1152 3105 multis
1170 3044 1381 3105 eruditissimis
1401 3045 1471 3105 viris

247 3151 408 3212 videbatur.
455 3150 535 3226 Quos
557 3149 705 3230 Keplerus
727 3153 776 3213 bis
799 3153 897 3212 verbis
918 3153 957 3212 ad
980 3152 1129 3228 Tychonis
1152 3153 1189 3212 de
1212 3152 1308 3212 Brahc
1331 3153 1471 3230 epistolae

247 3259 410 3336 marginem
443 3260 601 3338 adscriptis
628 3260 760 3338 repellit:
799 3259 879 3335 ,Non
906 3265 952 3320 est
978 3260 1139 3320 absurdum
1165 3260 1263 3320 Deum
1290 3260 1323 3319 in
1352 3261 1471 3321 conditu

247 3371 346 3428 tantae
372 3367 460 3427 molis
488 3367 706 3428 demonstrasse
733 3387 819 3428 suam
845 3369 1102 3447 omnipotentiam
1130 3386 1195 3428 neo
1223 3367 1295 3427 Deo
1318 3369 1469 3428 mundus

247 3491 396 3550 magnus
418 3479 487 3550 est,
516 3476 579 3535 sed
600 3494 664 3536 nos
688 3477 815 3536 mundo
837 3475 982 3553 purvi.‘1
1023 3474 1122 3536 Simili
1144 3475 1253 3552 injmia
1275 3475 1332 3535 Dei
1354 3475 1468 3554 sapien-

131 3599 136 3608 ·
247 3581 320 3640 tiam
341 3581 374 3640 in
396 3581 566 3642 admiranda
588 3583 693 3643 mundi
715 3583 842 3643 visibilis
861 3587 892 3643 ot
909 3583 1068 3644 invisibilis
1086 3582 1291 3644 convenientia
1308 3583 1467 3643 exhibitam

247 3690 283 3748 ab
310 3689 479 3750 horninibus
507 3690 635 3768 ignorari
662 3709 697 3750 ac
719 3690 820 3767 sperni
842 3690 1024 3769 deplorabat;
1049 3709 1138 3769 quam
1161 3691 1336 3768 sapientiam
1360 3691 1388 3750 si
1411 3709 1468 3752 om-

247 3814 301 3856 nes
321 3797 481 3858 Christiani
499 3799 600 3858 verius
618 3802 813 3878 agnoscerent
830 3802 860 3858 et
878 3799 1019 3873 colerent,
1044 3797 1162 3858 facilius
1185 3799 1262 3858 inter
1280 3815 1330 3858 eos
1350 3799 1467 3858 acerbae

246 3905 376 3982 partium
398 3905 467 3966 lites
490 3909 742 3983 componerentur.
785 3905 939 3983 Sperabat,
962 3907 1025 3966 fore
1047 3911 1179 3984 tempus,
1202 3923 1261 3984 quo
1279 3905 1392 3983 pudore
1410 3907 1467 3966 sul·

247 4013 307 4072 fusi
334 4013 469 4073 homiues
496 4013 626 4089 agnituri
654 4017 754 4072 essent
781 4031 908 4074 errorem
931 4031 1019 4074 suum
1042 4019 1072 4074 et
1094 4031 1180 4074 caeca
1202 4013 1348 4074 debellata
1370 4029 1467 4091 super·

248 4119 367 4180 stitione
394 4138 528 4198 vanoque
555 4124 638 4180 metu
665 4119 798 4197 deposito
824 4121 1002 4197 confessuri,
1032 4125 1140 4181 sartam
1167 4125 1333 4198 tectamque
1362 4120 1467 4180 servari

247 4227 365 4306 utrique
388 4233 418 4287 et
436 4227 604 4305 Scripturas
625 4232 655 4287 et
672 4227 801 4288 Naturae
824 4228 899 4289 libro
921 4229 1075 4288 veritatem
1098 4247 1183 4288 susm
1205 4233 1295 4306 atque
1317 4229 1467 4288 auctorita-

211 4391 213 4396 ,
247 4338 320 4409 tem,
339 4335 455 4412 sibique
472 4335 509 4395 de
527 4339 653 4413 utroque
670 4340 770 4414 aperto
790 4341 890 4396 esseut
907 4337 1095 4414 gratulabari3
1114 4341 1187 4396 tunc
1201 4336 1320 4396 demum
1334 4335 1468 4396 fiduciam

338 4579 364 4646 1)
385 4578 451 4646 llpp.
470 4595 495 4646 p.
517 4578 576 4632 104.
