3134 5054
238 301 290 356 252
723 306 826 356 Psurrs
845 309 957 358 Pnroxrs

238 521 340 594 Neque
364 521 488 580 dubitari
511 526 618 596 potest,
637 521 716 595 ‘quin
740 521 857 597 Glapio,
888 523 1017 583 Luthero
1041 526 1103 598 jam
1125 524 1243 599 propius
1266 525 1453 600 muentante,

238 625 331 685 subito
354 625 391 684 ad
414 626 554 702 Siekingii
578 643 675 686 arcem
698 644 733 687 eo
757 628 876 687 consilio
897 627 1046 702 proiectus
1070 629 1121 704 sit,
1151 634 1184 688 nt
1204 631 1285 688 illum
1308 646 1328 688 a
1348 629 1453 690 firmis·

237 731 308 790 simo
329 731 519 790 Wormatiam
544 731 671 791 intrandi
698 732 845 806 proposito
867 749 922 806 per
943 731 1123 808 Sickiugium
1145 733 1318 794 deterreret
1370 735 1453 807 Quod

236 836 382 908 inceptum
403 835 427 894 si
450 834 630 909 succederet,
653 853 739 910 quam
762 837 992 910 inexspectatum
1010 836 1146 909 gaudium
1162 836 1309 897 Alcandro
1329 839 1452 912 aliisque

236 939 465 999 Romanensibus
488 940 629 998 allaturus
651 946 742 1014 essct,
765 939 852 1000 facile
871 941 1025 1000 intellexit.
1061 942 1164 1016 Itaque
1180 943 1257 1017 apud
1272 942 1451 1016 Siclringium

142 1090 143 1094 ,
236 1043 471 1119 praeclarissima
493 1043 529 1103 da
544 1044 688 1119 Luthero,
712 1045 808 1118 qualia
831 1061 918 1120 supra
940 1047 1176 1121 memoravimus,
1199 1048 1294 1120 ample
1316 1049 1452 1121 largiter-

236 1167 291 1222 que
314 1149 438 1222 locutus,
468 1147 622 1207 fortissimo
650 1149 741 1222 equiti
767 1151 925 1224 persuasit,
954 1150 1103 1226 utillum,
1134 1149 1232 1210 oblato
1255 1151 1285 1209 in
1306 1169 1360 1210 sua
1381 1167 1450 1210 arce

235 1253 363 1326 refugio,
393 1269 447 1327 per
474 1254 591 1311 missum
617 1253 760 1311 Buccrum
788 1255 930 1313 acerrime
953 1253 1171 1329 dehortaretur,
1202 1271 1240 1314 ne
1260 1255 1450 1315 Wormatiam

235 1358 371 1432 intraret,
403 1357 453 1415 ubi
476 1361 572 1431 spreto
594 1358 673 1416 salvo
697 1357 840 1418 conductu
864 1375 922 1418 non
944 1359 1046 1434 aliter,
1068 1365 1156 1432 atque
1179 1361 1275 1420 Husso
1298 1360 1450 1434 qnondam,

236 1461 396 1519 certissima
412 1478 487 1520 mors
502 1461 531 1519 ei
545 1467 649 1534 parata
666 1471 753 1522 esset.
781 1463 949 1522 Invitationi
964 1462 1094 1522 additum
1112 1471 1166 1539 est,
1189 1463 1297 1522 habere
1317 1463 1451 1524 Caesaris

149 1645 152 1650 Ι
235 1563 429 1624 consessorem
451 1559 508 1644 (sic
523 1567 600 1625 enim
614 1571 682 1625 tnnc
697 1559 862 1649 dicebant),
885 1583 961 1641 quae
983 1585 1048 1627 cum
1063 1567 1194 1628 Luthero
1215 1568 1253 1627 de
1273 1569 1450 1642 grauissimis

235 1669 405 1744 quibusdum
432 1669 519 1729 rebus
550 1670 626 1744 apud
648 1669 828 1746 Sicldnginm
857 1672 951 1732 amice
982 1673 1264 1732 sermonicinaretnr.
1310 1672 1449 1733 Fortasse

234 1773 294 1833 illic
321 1775 394 1832 clam
414 1773 561 1833 Aloandro
584 1775 629 1833 vir
650 1777 862 1836 versutissimus
885 1794 921 1836 cx
943 1793 997 1836 sua
1019 1781 1050 1836 et
1069 1777 1184 1836 Eresrui
1203 1783 1301 1836 monte
1325 1795 1389 1836 cum
1412 1796 1448 1837 eo

233 1879 309 1953 ipso,
340 1893 425 1952 quem
452 1878 533 1953 Papa
561 1880 872 1955 excommunicaverat,
900 1881 999 1940 nescio
1031 1897 1087 1954 quo
1116 1881 1236 1940 consilio
1262 1879 1447 1941 familiariter

233 1988 349 2042 acturus
382 1988 453 2042 erat
510 1983 568 2044 Sed
600 1984 745 2043 Lutherus
775 1985 889 2044 Bucero
918 1985 1106 2045 Wormatiam
1137 1984 1192 2044 sibi
1226 1985 1351 2044 eundum
1381 2003 1446 2046 esse

232 2089 397 2162 respondit3
431 2087 472 2148 ibi
503 2089 541 2148 ad
571 2089 789 2162 colloquendum
822 2107 886 2148 cum
919 2089 1085 2150 consessore
1115 2105 1148 2148 se
1178 2095 1342 2164 promptum
1373 2089 1444 2150 iore.

232 2191 345 2251 Dehine
366 2192 403 2252 ad
426 2193 543 2254 comitia
565 2210 697 2253 reversus
720 2192 823 2268 Glapio
846 2195 1010 2253 eandssime
1032 2195 1113 2252 illum
1133 2194 1269 2268 evitavit,
1292 2195 1445 2268 colloqinm

231 2296 418 2370 detrectavit,
442 2299 548 2372 qnippe
572 2297 648 2372 ‹puod
670 2315 748 2358 nnnc
768 2299 870 2358 inutile
890 2304 982 2374 esset3
1007 2304 1099 2358 totum
1126 2299 1287 2373 adjutorem
1310 2316 1343 2359 se
1365 2299 1445 2358 dedit

231 2401 378 2461 Alcandro
401 2403 439 2460 ad
460 2403 682 2477 prohibendum,
714 2403 865 2476 quominus
892 2421 927 2462 ex
950 2403 1065 2476 publica
1090 2403 1262 2462 auctoritate
1286 2403 1346 2462 ulla
1367 2405 1444 2462 seria

231 2502 316 2564 fieret
352 2522 417 2563 cnm
452 2505 580 2564 Luthoro
609 2506 789 2581 disceptatio.
834 2507 889 2580 Qui
920 2513 1072 2582 postquam
1100 2506 1215 2579 publice
1245 2505 1361 2567 auditus
1390 2512 1444 2579 est,

231 2608 395 2667 reluctante
417 2607 543 2668 Caesare
567 2610 695 2668 nonnulli
717 2610 833 2684 quidem
854 2610 1005 2686 Principes
1034 2611 1208 2686 effecerunt,
1236 2616 1269 2669 ut
1295 2609 1331 2670 de
1355 2610 1443 2671 rebus

233 2711 402 2784 quibusdam
425 2715 615 2772 controversis
638 2715 731 2772 amica
754 2732 818 2774 eum
839 2716 891 2774 illo
913 2715 1075 2789 disquisitio
1096 2711 1195 2790 fieret3
1218 2713 1271 2776 sed
1286 2714 1317 2773 id
1331 2716 1444 2789 privata

231 2821 342 2875 tantum
369 2817 543 2878 auctoritate
565 2817 674 2877 iactum
696 2835 773 2892 esse,
804 2820 867 2893 ipse
888 2821 933 2878 vir
955 2819 1091 2893 egregius
1112 2818 1231 2878 Elector
1253 2819 1442 2896 Trevirensis,

231 2937 357 2980 summus
388 2924 449 2998 ejus
479 2923 522 2981 rei
551 2921 663 2997 fautor,
693 2923 838 2983 Alcandro
867 2925 1036 2996 gravissime
1060 2942 1126 2984 eum
1148 2925 1311 2998 increpanti
1333 2924 1441 2984 diserte

230 3025 398 3086 declaravit
451 3026 585 3086 Ceterum
615 3033 684 3087 tunc
715 3029 807 3087 amice
837 3029 1013 3102 postulatum
1043 3034 1088 3088 est
1115 3045 1134 3087 a
1161 3028 1304 3104 Luthero,
1335 3033 1368 3090 ut
1394 3030 1440 3088 uel

231 3129 349 3190 Caesari
377 3137 407 3192 et
435 3133 557 3205 imperio
587 3134 634 3193 vel
655 3130 751 3192 futuro
775 3132 903 3192 Concilio
922 3133 1061 3208 judicium
1086 3133 1261 3206 descriptis
1285 3134 1344 3192 suis
1366 3149 1441 3191 com·

230 3236 375 3312 mitteret3
398 3237 474 3312 quod
494 3238 619 3298 libenter
641 3255 672 3298 se
696 3239 839 3298 facturum
858 3238 945 3312 dixit,
968 3237 1120 3298 dummodo
1135 3253 1171 3297 ex
1186 3239 1277 3298 Sacra
1292 3237 1442 3311 Scriptura

229 3342 274 3398 vel
305 3341 464 3401 rationibus
498 3343 665 3402 clarissimis
695 3349 726 3402 et
758 3343 939 3402 evidentibus
966 3342 1075 3402 decisio
1098 3339 1182 3401 fieret
1205 3359 1301 3415 neque
1323 3359 1357 3402 ex
1379 3343 1440 3401 sola

229 3445 404 3504 auctoritate
434 3447 647 3520 ecclesiastiea3
677 3446 707 3504 id
737 3465 805 3507 vero
831 3447 1001 3522 promittere
1029 3448 1153 3506 illinon
1174 3452 1316 3520 poterant.
1360 3446 1438 3517 Quae

230 3547 366 3606 univorsa
396 3549 502 3622 agendi
522 3553 610 3625 ratio,
641 3567 726 3624 quam
756 3553 842 3626 longe
868 3552 908 3611 ab
940 3567 977 3610 ea
1006 3552 1148 3626 abfuerit,
1181 3567 1266 3625 quam
1288 3550 1439 3611 Erasmunr

228 3651 359 3710 omnibus
382 3651 502 3711 intentis
523 3654 631 3716 viribus
655 3654 871 3716 commendasse
893 3657 1029 3730 vidimus,
1051 3655 1138 3716 facile
1160 3660 1250 3730 patet.

315 3755 506 3816 Nihilominus
528 3759 605 3818 haud
626 3775 743 3833 prorsus
766 3760 876 3820 frustra
896 3761 1035 3822 Erasmus
1057 3763 1136 3822 uisus
1159 3766 1211 3822 est.
1256 3759 1373 3819 Etenim
1394 3759 1438 3817 illi

228 3865 347 3938 ejusque
376 3864 556 3938 auctoritati,
586 3880 671 3936 quam
704 3865 808 3924 absens
840 3870 870 3925 et
898 3882 952 3940 per
974 3867 1082 3939 scripta
1110 3870 1141 3925 et
1161 3881 1216 3939 per
1238 3869 1283 3923 tot
1304 3865 1380 3922 viros
1399 3863 1437 3922 ab

226 3969 345 4042 ingenio
379 3971 441 4043 ejus
474 3969 519 4028 uel
548 3969 641 4041 magis
673 3971 719 4029 uel
752 3972 846 4030 minus
875 3971 1038 4045 pendentes
1073 3970 1216 4044 exercuit,
1252 3968 1282 4027 id
1314 3967 1437 4028 maxime

227 4079 377 4148 acceptum
398 4071 549 4133 ferendum
570 4079 718 4149 putamus,
740 4076 815 4148 quod
829 4075 974 4135 Lutherus
994 4076 1038 4134 bis
1054 4074 1331 4148 excommunicatus,
1353 4089 1438 4146 quum

226 4177 264 4236 ad
286 4177 467 4250 perdendum
489 4195 553 4237 enm
573 4178 720 4254 Pontifex,
744 4180 773 4237 in
796 4181 882 4238 rebus
899 4180 1010 4238 italicis
1034 4177 1169 4253 gerendis
1189 4178 1295 4237 cedens
1310 4176 1437 4252 Caesari,

225 4282 280 4341 sibi
303 4282 358 4355 ipsi
381 4282 462 4354 quasi
484 4282 542 4340 rim
565 4284 725 4359 intulisset,
747 4289 846 4344 tamon
868 4287 957 4344 invito
976 4285 1040 4359 ipso
1056 4284 1161 4343 Carolo
1183 4284 1304 4356 ejusque
1319 4297 1439 4356 magna-

224 4386 301 4445 tibus
329 4387 465 4460 Hispanis
495 4389 651 4448 arcessitus
680 4394 710 4448 et
739 4390 836 4462 aliquo
866 4389 951 4450 modo
978 4386 1133 4448 honorifice
1162 4386 1278 4446 auditus
1306 4393 1357 4446 est
1403 4386 1440 4444 ld

102 4481 106 4487 ’
226 4491 309 4548 multi
332 4491 447 4563 <pridem
470 4509 506 4550 cx
528 4494 632 4566 populo
656 4493 829 4552 Germanico
852 4495 1037 4568 flagitabant,
1066 4492 1117 4551 sed
1143 4493 1288 4550 incassum
1309 4489 1442 4564 flagitas-

232 4599 311 4671 sent,
342 4595 397 4653 nisi
427 4596 675 4662 consentientibus
706 4603 736 4660 et
764 4598 873 4672 aliquid
899 4604 978 4658 certe
996 4597 1175 4671 Wormetiae
1203 4595 1365 4666 valentibus
1394 4595 1445 4671 iis,
