3202 5058
671 323 763 372 Garun
780 323 813 372 11.
1313 321 1347 372 47

129 532 248 618 utatur)
273 538 432 596 normanis
460 536 625 608 apostolicis
657 535 763 595 litteris
789 533 910 593 extortis
937 535 1033 607 potius
1061 549 1146 606 quam
1171 534 1351 607 impetratis‘

131 642 190 699 His
216 641 313 700 verbis
338 641 531 714 impotentem
559 639 738 698 desultarum
768 641 857 698 etiam
883 637 1020 696 adversm
1042 635 1197 695 Pontifices
1225 639 1351 696 animum

132 746 253 818 oblique
280 741 463 818 significavit.
515 743 605 815 Quem
627 743 740 802 illorum
770 744 896 802 animum
919 748 950 801 et
970 743 1034 816 ipse
1054 749 1114 800 tum
1131 743 1193 814 jam
1215 748 1352 816 expertus

88 921 92 924 ,
134 855 220 924 erat,
242 856 303 908 tum
325 850 434 924 largius
456 865 523 908 mox
542 853 720 922 experturus.

227 953 341 1028 Optime
372 953 489 1027 quidem
518 957 639 1012 noverat
673 959 741 1011 tunc
775 952 914 1026 temporis
947 951 1034 1009 variis
1067 951 1098 1009 in
1127 951 1215 1009 terris
1245 951 1351 1022 injuste

134 1061 204 1117 illos
227 1075 262 1116 ae
284 1057 355 1117 dure
379 1057 500 1116 tractari
522 1071 679 1130 eorumque
702 1055 883 1115 adversarios
905 1055 1013 1128 passim
1028 1056 1098 1113 satis
1113 1055 1210 1128 pravis
1225 1055 1352 1113 consiliis

134 1160 216 1223 duci.
269 1161 300 1221 Si
329 1165 362 1220 et
391 1162 422 1220 id
450 1161 565 1235 publice
597 1161 786 1234 declarasset,
818 1165 849 1218 et
872 1159 1049 1218 Jesnitarum
1067 1157 1178 1232 flagitia
1199 1159 1246 1217 rel
1271 1175 1355 1232 aper·

135 1269 198 1326 tius
222 1267 410 1341 castigasset,
437 1266 562 1324 nobilius
593 1281 659 1324 enm
682 1269 768 1338 atque
795 1265 971 1323 christianae
993 1263 1128 1338 religioni
1152 1263 1357 1338 congruentius

136 1371 281 1430 iacturum
312 1369 402 1430 fuisse
439 1371 658 1430 existimaveris.
703 1368 762 1428 Sed
793 1375 853 1428 tam
874 1369 1000 1441 ingenue
1027 1373 1058 1427 et
1078 1368 1248 1442 simpliciter
1277 1369 1356 1440 loqui

137 1477 229 1534 etiam
260 1475 359 1548 optimi
382 1475 480 1548 Papae
510 1475 637 1548 politicis
673 1473 834 1532 rationibus
862 1488 950 1546 saepe
977 1473 1173 1547 prohibentur.
1218 1472 1253 1531 ld
1274 1477 1357 1532 certo

137 1581 190 1639 ille
213 1580 373 1653 perspexit,
395 1579 466 1639 lieet
485 1579 663 1638 Jesuitarum
682 1577 788 1652 singuli
810 1577 892 1636 multi
915 1577 1022 1650 integri
1044 1583 1143 1636 essent
1165 1583 1196 1636 et
1217 1593 1356 1636 summam

137 1685 275 1758 injuriam
303 1684 409 1758 passim
436 1688 623 1758 paterentur,
654 1688 753 1742 tamen
783 1683 947 1741 universam
976 1683 1146 1742 societatem
1179 1698 1232 1740 sua
1263 1682 1357 1755 culpa,

139 1769 229 1862 paam
256 1803 292 1846 ex
315 1788 509 1847 monumentis
531 1787 562 1845 in
585 1787 727 1846 Vaticano
749 1787 927 1846 conservatis
949 1785 1105 1860 diligenter
1125 1786 1188 1858 ipse
1211 1787 1357 1846 examina-

138 1899 239 1966 verat,
266 1893 392 1950 omninm
421 1892 526 1966 ubique
552 1891 640 1951 etiarn
662 1891 898 1964 probissimorum
917 1889 1145 1949 Christianorum
1172 1891 1269 1949 odium
1292 1905 1359 1948 con·

139 1995 274 2056 traxisse.
320 1997 411 2068 Quam
434 1998 548 2070 culpam
569 1995 691 2055 historia
713 1997 777 2068 ipso
798 1995 881 2068 Papa
900 1995 946 2055 vel
967 1995 1097 2054 severius
1115 1993 1267 2067 iudicabit

231 2101 348 2160 Etenim
363 2101 545 2160 Jesuitismus
560 2101 724 2173 ubicunqne
738 2097 888 2157 Romanae
910 2099 1053 2158 ecclesiae
1069 2099 1185 2157 nomine
1207 2085 1383 2172 imperium'

141 2206 313 2278 exercebat,
343 2205 482 2278 quidquid
505 2206 536 2263 in
557 2205 610 2264 illa
629 2220 798 2278 perversum
820 2219 855 2261 ac
873 2207 1038 2275 corruptum
1061 2206 1137 2276 erat,
1164 2201 1202 2260 ad
1220 2217 1359 2260 summum

142 2311 258 2368 culmen
279 2310 419 2383 provexit
464 2309 568 2384 Itaque
589 2314 673 2384 gesta
695 2307 847 2382 tyrannide
871 2323 924 2366 sna
944 2323 1013 2366 vere
1035 2305 1176 2376 Romana,
1199 2305 1268 2364 dom
1290 2307 1360 2366 insi·

142 2415 254 2473 diosam
281 2414 507 2474 fraudulentiam
537 2413 574 2472 ad
600 2413 690 2472 robur
711 2411 855 2486 quoddam
874 2412 984 2486 ingenii
1009 2417 1040 2470 et
1062 2411 1197 2470 eximiam
1219 2412 1249 2470 in
1272 2411 1360 2470 variis

143 2520 270 2594 negotiis
292 2520 451 2582 sollertiam
475 2518 621 2594 adjungit,
642 2519 731 2577 habet
753 2517 863 2591 aliquid
886 2517 964 2590 quod
983 2517 1086 2575 mirum
1101 2517 1132 2576 in
1151 2515 1265 2576 modurn
1281 2521 1361 2576 vete·

144 2641 210 2682 rum
234 2622 408 2698 Caesarum,
439 2623 579 2697 imprimis
604 2623 779 2681 Tiberianae
815 2621 999 2696 tyrannides,
1030 2637 1082 2680 nos
1113 2621 1360 2683 commonefaciat.

145 2728 224 2787 Satis
253 2735 324 2787 nota
346 2733 413 2786 sunt
434 2727 611 2786 Jesuitarnm
633 2725 772 2800 artificia,
802 2743 860 2785 non
882 2732 995 2785 tantum
1018 2725 1056 2784 ad
1076 2726 1178 2800 jugum
1199 2727 1361 2786 hominibus

145 2831 351 2905 imponendum
373 2847 474 2891 verum
504 2832 593 2890 etiam
628 2830 665 2891 ad
697 2847 799 2890 eorum
820 2837 933 2890 mentes
955 2831 985 2888 iu
1008 2830 1143 2889 servilem
1164 2829 1295 2890 habitum
1317 2831 1361 2888 in·

146 2935 296 2995 ducendas
318 2943 350 2994 et
380 2935 545 2995 educandas
568 2933 712 3010 adhibita,
735 2935 814 2994 idem
835 2937 968 3008 suspicax
990 2935 1102 2994 animus
1124 2935 1162 2994 od
1183 2933 1363 2994 innitendum

146 3039 326 3099 delatoribus
356 3045 487 3113 promtus
517 3041 547 3098 in
576 3040 668 3113 iisque
690 3041 791 3112 quovis
819 3039 914 3112 pretio
945 3038 1049 3097 callide
1076 3039 1266 3098 subornandls
1287 3054 1363 3096 surn-

147 3161 225 3202 mam
259 3143 441 3216 gnbemandi
468 3143 641 3218 sapientiam
670 3144 868 3216 conspiciens,
897 3143 985 3200 insita
1011 3141 1165 3200 simulandi
1186 3141 1365 3200 consuetudo

148 3247 291 3320 singulari
321 3264 525 3321 suspensorum
557 3253 587 3307 et
618 3226 776 3320 ancipitum
805 3262 970 3304 sermonum
996 3251 1060 3304 arte
1083 3243 1207 3318 quadm
1227 3245 1282 3304 sibi
1304 3245 1365 3319 pla·

149 3368 236 3424 cens,
267 3351 429 3425 intrepidus
457 3351 596 3411 subdolae
619 3351 804 3426 pervicaciae
831 3350 921 3424 vigor,
950 3350 1073 3409 saevitia
1090 3365 1193 3424 pressa
1211 3349 1365 3424 interdum,

149 3473 216 3516 mox
245 3457 350 3514 iterum
371 3471 542 3531 erumpens,
573 3457 714 3529 aqueus
741 3456 786 3515 vel
810 3455 997 3529 turpissimae
1019 3451 1158 3528 perfidiae
1179 3455 1225 3514 vel
1248 3455 1364 3529 sangni-

149 3561 252 3619 nariae
275 3561 456 3620 crudelitatis
471 3561 611 3635 facinore,
633 3561 683 3619 ubi
698 3560 872 3634 assequendi
895 3559 1007 3619 consilii
1028 3575 1116 3620 eausa
1131 3577 1252 3620 necesse
1267 3559 1365 3618 existi-

149 3665 299 3738 mabatur,
321 3666 369 3722 vix
391 3681 517 3738 unquam
540 3665 706 3726 abhorrens.
751 3667 886 3726 Secretas
908 3664 1043 3724 libidines
1065 3681 1150 3724 nemo
1169 3665 1365 3738 justusjudex

151 3769 287 3828 universo
309 3769 404 3829 ordini
427 3770 541 3828 crimini
563 3769 657 3843 dabit,
682 3771 763 3844 cujus
785 3769 918 3830 conditor
940 3768 1080 3842 ejusmodi
1102 3770 1226 3828 maxime
1245 3751 1367 3842 peecata

150 3873 290 3932 institutis
312 3873 372 3932 suis
393 3879 583 3948 praevertere
607 3891 717 3932 summo
738 3891 826 3948 opere
841 3874 959 3934 studuit
1003 3873 1106 3946 Neque
1129 3879 1228 3932 tamen
1250 3871 1367 3930 silentio

149 3977 456 4052 praetermittendum,
486 3979 664 4052 singulorum
685 3978 863 4038 Jesuitarum
890 3995 959 4038 vere
983 3975 1117 4036 infandas
1146 3981 1274 4035 secretas
1303 3975 1368 4034 libl-

148 4080 234 4140 dines
263 4082 352 4141 variis
381 4081 558 4155 temporibus
580 4083 611 4142 in
638 4084 733 4142 lucem
764 4089 926 4157 protractas
958 4082 1080 4141 allorum
1108 4081 1259 4155 similium,
1291 4097 1366 4154 qnae

149 4184 228 4245 lama
250 4185 432 4262 ferebantur,
454 4183 541 4247 fidem
563 4193 646 4246 tanto
669 4187 782 4246 facilius
805 4187 881 4262 apud
900 4187 1006 4245 multos
1028 4185 1147 4258 iecisse,
1169 4191 1277 4259 quanto
1298 4185 1366 4246 levi·

149 4307 218 4350 ores
248 4307 284 4350 ac
306 4293 450 4366 turpiores
473 4291 619 4352 doctrinas
642 4293 825 4353 celeberrimi
853 4293 966 4350 illorum
988 4291 1144 4364 scriptores
1166 4290 1203 4350 de
1227 4291 1368 4364 eJusmodi

150 4395 240 4454 rebus
260 4397 431 4469 saepissime
454 4393 646 4471 sparserant¹
683 4397 749 4458 Una
766 4397 798 4455 in
820 4412 853 4456 re
869 4395 1011 4456 Caesares
1033 4393 1148 4468 quidam
1162 4395 1286 4454 Romani
1296 4397 1367 4455 lesu

241 4565 267 4629 1)
289 4563 373 4627 Woll,
392 4565 545 4614 Geschichto
564 4565 607 4614 der
619 4565 735 4615 Josuiten
752 4565 828 4616 1236
843 4582 881 4626 ss;
900 4569 963 4626 aso,
985 4563 1072 4626 11oa;
1092 4564 1132 4614 ΙΙΙ
1143 4569 1193 4616 aab
1205 4581 1237 4616 ss.
1266 4565 1365 4628 Huber,

149 4648 195 4699 dar
213 4650 442 4701 Jesuiten-Orden
462 4667 486 4716 p.
497 4657 529 4701 96
542 4668 566 4715 s;
586 4667 611 4716 p.
625 4657 674 4702 311
686 4669 705 4702 s.
732 4653 798 4704 Paul
816 4652 880 4704 Bert
898 4652 914 4702 l.
931 4667 951 4701 c.
972 4667 997 4718 p.
1015 4657 1062 4702 131
1077 4667 1112 4706 as.
