3156 5056
657 311 750 362 Osrnr
767 310 814 361 IX.
1297 311 1348 366 215

129 523 248 582 nescire
277 523 320 582 sit
348 523 417 596 quid
448 523 556 596 cogitet
582 525 698 597 videns,
727 525 879 585 veritatem
910 527 1108 599 evangelicam
1134 527 1346 600 apertissimam

125 628 192 700 jam
214 626 330 701 publice
351 629 418 704 plus
440 634 557 688 centum
580 630 663 688 annis
685 635 753 690 ante
777 635 907 689 exustam
931 647 985 704 pro
1008 631 1145 690 damnata
1166 631 1269 689 haberi
1291 648 1347 690 nec

131 732 225 790 licere
249 733 302 792 hoc
327 731 468 793 confiteri.
513 733 585 808 ,Vae
609 733 738 794 torrael‘
768 731 887 808 inquit¹
931 736 1005 810 Ipsis
1028 751 1100 795 vero
1122 735 1229 795 talibus
1251 736 1347 795 verbis

129 835 291 896 Lutherum
328 838 448 900 Bobemi
485 855 610 914 poenam
645 841 839 914 promeruisse
878 840 1083 899 lloobstrateni
1120 845 1151 898 et
1188 839 1347 900 Prieriates

128 943 289 1016 jactabant

220 1046 316 1107 Tanta
351 1047 510 1123 mendacii,
553 1050 708 1124 avaritiae,
751 1049 918 1123 tyrannides
958 1050 1094 1120 colluvie,
1136 1050 1217 1122 cujus
1252 1064 1348 1122 pauca

131 1153 267 1226 exempla
281 1151 422 1226 dedimus,
440 1153 746 1213 antichristianismum
760 1154 929 1226 Romanum,
945 1171 1030 1228 quern
1045 1154 1167 1214 Sanetus
1182 1152 1347 1212 Bernardus

130 1261 300 1316 nascentem
331 1257 535 1332 castigaverat,
567 1259 604 1318 ed
632 1258 778 1333 fastigium
799 1259 943 1332 quoddam
964 1265 1146 1332 provectum,
1176 1259 1207 1316 in
1230 1258 1347 1316 famosis

130 1363 256 1421 maxime
285 1361 530 1434 indulgentiarum
558 1364 759 1424 defensoribus
782 1364 968 1424 manifestum
990 1365 1094 1437 fuisse,
1125 1365 1219 1424 nullus
1240 1365 1346 1439 probus

132 1473 164 1525 et
186 1465 358 1526 antistianus
380 1467 520 1527 historiae
543 1468 732 1542 investigator
754 1469 841 1528 hodie
859 1467 1038 1528 infitiabitur.
1083 1469 1137 1528 His
1154 1470 1243 1544 igitur
1258 1469 1347 1529 rebus

130 1570 225 1643 magis
260 1573 407 1644 magisque
442 1573 607 1647 indignatos
645 1573 791 1632 Lutherus
825 1589 902 1631 anno
934 1573 1085 1632 millesimo
1117 1575 1348 1648 quingentesimo

130 1675 268 1734 vicesimo
302 1674 374 1734 dnos
407 1675 523 1736 libellos
557 1679 730 1751 composuit,
771 1677 873 1750 quibus
908 1693 994 1751 quum
1027 1678 1152 1752 primum
1185 1679 1348 1738 nniversam

133 1780 289 1839 ecelesiam
315 1778 444 1839 funditus
471 1778 685 1841 reformandam
712 1798 777 1842 esse
804 1783 1008 1856 contenderet,
1036 1783 1124 1842 etiam
1149 1784 1348 1844 vehementius

130 1901 218 1958 quam
235 1885 279 1958 iis,
298 1901 373 1958 qnae
389 1890 479 1945 antea
493 1887 665 1962 scripserat,
682 1889 848 1960 aequalium
864 1889 975 1946 animos
990 1889 1128 1946 excitavit
1142 1893 1172 1947 et
1187 1889 1348 1960 commovit,

131 1989 256 2048 alterum
284 1989 321 2048 ad
345 1988 499 2050 Caesarem
527 1991 766 2064 nobilitatemque
789 1991 992 2050 Germanicam
1020 1993 1057 2050 de
1085 1992 1234 2056 christiani
1257 1997 1349 2049 status

133 2093 337 2153 emendatione
354 2095 507 2169 scriptum,
531 2095 655 2153 alterum
670 2095 706 2154 de
722 2096 892 2169 captivitate
908 2094 1097 2168 Babylonica,
1119 2111 1176 2168 qua
1195 2095 1349 2154 eeclesiam

132 2214 151 2256 a
177 2198 258 2256 coms
284 2199 424 2257 inclusam
453 2215 517 2259 esse
540 2199 675 2259 ostendit.
721 2199 798 2271 Quos
826 2199 955 2274 libellos,
987 2200 1044 2257 nisi
1066 2200 1116 2272 qui
1138 2199 1246 2271 justam
1268 2199 1349 2257 illam

133 2301 363 2377 indignationem
393 2303 620 2376 comprehendat
651 2319 685 2363 ao
717 2305 840 2376 sentiat,
876 2309 958 2362 recte
984 2303 1117 2377 jndieare
1146 2319 1205 2361 non
1232 2302 1347 2375 poterit

130 2405 179 2464 Ad
207 2407 315 2478 justam
347 2413 378 2466 et
406 2413 535 2466 sanctam
564 2409 637 2467 iram
667 2409 698 2467 in
729 2409 860 2482 homine,
890 2415 934 2468 tot
962 2405 1088 2466 infandis
1115 2405 1348 2466 adversariorum

132 2510 283 2569 cdnmniis
312 2511 428 2585 obruto,
459 2512 569 2586 aliquid
598 2513 702 2572 furoris
732 2513 898 2587 Teutonici,
928 2529 985 2586 quo
1013 2511 1158 2570 nonnullis
1184 2511 1256 2569 locis
1284 2510 1348 2584 ipse

131 2615 258 2674 sobriam
276 2616 379 2689 judicii
402 2617 625 2690 temperantiam
646 2625 842 2692 transgressus
866 2623 923 2692 est,
946 2617 1104 2677 accessisse
1119 2631 1172 2674 nos
1186 2631 1245 2674 non
1259 2629 1348 2687 nega-

131 2735 204 2777 mus.
249 2719 306 2778 Sed
331 2720 470 2793 qnidquid
500 2721 640 2796 ejusmodi
669 2727 727 2797 est,
759 2723 937 2796 apostolicae
964 2721 1096 2780 veritatis
1119 2726 1149 2778 et
1171 2719 1348 2778 christianae

131 2823 305 2898 prudentiae
329 2822 564 2898 fortitudinisque
585 2825 741 2886 luminibus
763 2827 850 2900 longe
866 2831 1027 2900 superatur.
1062 2823 1228 2884 Indefessus
1245 2821 1348 2882 eodem

133 2943 210 2986 anno
233 2933 264 2986 et
283 2929 404 2988 verbum
418 2928 475 2988 Dei
497 2929 610 3002 publice
632 2930 826 3005 praedicavit,
848 2937 879 2988 et
899 2931 1028 3004 insignes
1047 2927 1184 3002 quosdam
1207 2929 1349 2986 baeatus

133 3031 251 3105 scripsit
269 3031 364 3105 plebis
378 3030 575 3092 aedificationi
589 3035 637 3108 pie
652 3035 856 3093 inservientes:
880 3034 916 3092 de
932 3035 1062 3107 pluribus
1076 3032 1203 3106 psalmis,
1219 3030 1256 3089 de
1266 3028 1350 3087 bonis

134 3135 287 3210 operibus,
308 3136 345 3195 de
360 3137 515 3212 decalogo,
535 3137 572 3196 de
587 3137 725 3196 libertate
742 3137 890 3196 christiani
905 3137 1037 3196 hominis.
1074 3135 1194 3210 Scripsit
1207 3131 1350 3193 nobilissi-

133 3255 212 3298 mam
234 3257 349 3313 quoqne
369 3243 521 3315 epistolam
543 3243 622 3300 illam
645 3242 684 3301 ad
705 3241 835 3300 Leonem
849 3241 886 3300 X.
908 3257 1001 3315 snpra·
1016 3246 1217 3314 memoratam,
1240 3240 1271 3298 in
1294 3256 1350 3312 qua

133 3361 168 3402 se
185 3345 224 3403 ab
241 3345 325 3404 initio
345 3361 479 3419 sperasse
494 3345 638 3420 declarat,
663 3346 726 3406 fore
742 3352 775 3405 nt
789 3347 913 3419 gratiam
929 3348 991 3420 ejas
1007 3346 1108 3419 iniret,
1130 3361 1217 3418 quum
1232 3349 1350 3404 strenue

135 3453 167 3508 et
190 3449 298 3508 acriter
320 3450 451 3524 pulsaret
474 3466 638 3526 carcerem,
660 3468 716 3524 quo
740 3467 758 3510 a
781 3449 869 3509 Curia
890 3451 953 3524 ipse
975 3450 1109 3510 Pontifex
1131 3465 1196 3508 oum
1216 3450 1352 3509 universa

135 3553 261 3612 ccclesia
282 3554 409 3613 inclusus
432 3561 527 3630 esset3
555 3563 651 3615 aetum
674 3557 752 3614 enim
777 3572 841 3616 esse
864 3556 902 3615 de
925 3536 1027 3630 Curia,
1056 3555 1162 3629 quippe
1184 3570 1259 3628 quae
1283 3571 1351 3614 con-

135 3657 202 3717 silia
233 3657 355 3732 odisset,
388 3659 542 3719 reformari
576 3665 736 3734 metueret,
768 3660 897 3720 furorem
927 3651 1085 3734 impietatis
1116 3675 1186 3718 suae
1217 3660 1351 3734 mitigare

135 3762 284 3836 nequiret,
315 3761 440 3836 denique
462 3764 619 3838 Babylonis
642 3766 860 3840 apocalyptieac
884 3767 977 3824 instar
998 3763 1190 3824 insanabilem
1212 3779 1244 3822 se
1266 3778 1351 3836 prae·

136 3865 229 3924 beret.
274 3865 389 3925 Curiam
420 3869 497 3952 enirn
528 3869 617 3928 etiam
647 3877 715 3928 tuno
745 3885 764 3928 a
789 3868 888 3943 Papae
916 3886 975 3927 non
1004 3874 1116 3927 tantum
1145 3882 1271 3940 persone
1299 3867 1351 3925 sed

137 3971 226 4029 etiam
255 3987 376 4030 munere
407 3974 562 4046 separavit.
607 3973 719 4047 Quippe
751 3978 782 4031 et
811 3973 1008 4046 episcopatum
1037 3977 1068 4031 et
1096 3971 1244 4030 Romanae
1275 3969 1352 4028 sedis

135 4075 291 4149 primatum
310 4091 369 4134 non
392 4077 454 4136 tolli
476 4077 528 4136 sed
545 4077 699 4136 reformari
721 4077 824 4150 voluit,
860 4077 1009 4148 utrimque
1029 4078 1097 4149 jure
1120 4075 1259 4148 humano,
1282 4090 1351 4147 qua-

137 4187 222 4238 tenus
243 4180 423 4254 reipublicae
446 4182 622 4241 christianae
643 4181 833 4254 conduceret,
857 4185 981 4239 servato.
1026 4179 1110 4252 Quod
1129 4179 1269 4251 quomodo
1291 4175 1352 4238 elfi-

137 4283 270 4342 ciendcm
294 4300 358 4344 esse
382 4292 511 4361 putaret,
543 4286 640 4346 libello
664 4286 715 4344 illo
737 4283 774 4344 de
799 4283 980 4344 emendando
1003 4289 1080 4343 statu
1102 4283 1259 4342 christiano
1281 4283 1353 4342 satis

137 4393 272 4448 accurate
295 4389 519 4464 demonstravit,
542 4390 578 4450 de
597 4389 764 4451 reficiendis
783 4389 882 4450 multis
902 4389 1047 4466 variisque
1062 4387 1173 4448 damnis
1189 4387 1351 4466 siugulatim

231 4605 257 4676 1)
277 4607 363 4658 Brisa
384 4613 409 4671 1,
426 4613 485 4660 rae,
