3144 5092
219 189 256 242 82
766 188 853 244 Caror
871 189 904 242 V.

1529 291 1530 328 l

220 391 396 452 dunensem
419 392 606 470 episcopum3
629 409 769 470 perverse
791 391 1020 467 machinantem,
1043 391 1206 452 sententias
1224 390 1478 469 conquirentem
1528 424 1532 496 ἶ

219 504 250 560 et
271 503 388 560 tantun
411 499 468 560 sibi
490 499 599 560 laberis
622 499 836 577 imponentem,
859 517 894 560 ac
917 499 1077 560 siderite
1094 498 1331 576 periclitaretur.
1374 499 1477 558 Anda
1531 562 1532 573 ,

219 607 347 686 Vargas,
381 625 414 668 se
441 608 514 668 satis
541 625 600 667 non
627 606 812 684 intellegere,
845 607 897 686 qui
924 607 1007 668 Deus
1034 611 1094 666 tam
1121 607 1253 667 enormia
1280 607 1343 666 diu
1369 609 1476 684 pese't
1528 571 1532 659 l

219 733 312 794 aequo
335 715 433 776 animo
455 714 573 776 intueri.
1132 735 1137 748 ·
1528 723 1532 760 l

326 821 372 883 De
403 823 469 901 ipsa
501 841 569 882 vero
601 822 827 899 congregatione
858 822 923 897 illa,
961 822 1010 882 cui
1042 822 1203 882 intererant
1233 821 1472 891 Pretestantes
1529 830 1532 896 ,

219 931 377 1009 episcopus
400 929 556 990 Auriensis
584 930 704 1007 scripsit
731 931 769 990 ad
793 931 1029 990 Atrebateusem:
1064 929 1172 1006 ,Hodie
1199 929 1293 1006 legati
1318 929 1470 988 Maurici
1529 1005 1530 1012 ἵ

219 1043 249 1098 et
275 1037 501 1114 Wirtenbargici
536 1037 569 1098 in
600 1037 688 1115 pleno
711 1037 871 1098 ‘Conventa
897 1037 1049 1112 dixerunt,
1086 1037 1164 1115 quod
1196 1053 1251 1096 nes
1285 1036 1327 1096 de
1369 1039 1470 1097 refer-
1529 1018 1532 1095 ‘a

219 1145 347 1206 mationa
374 1145 434 1223 ipsi
461 1145 558 1206 dicere
585 1163 728 1205 veremur.
753 1179 795 1188 -
823 1145 905 1205 Inter
932 1145 1033 1222 pejora
1055 1144 1197 1222 quaedam
1219 1147 1264 1204 tot
1287 1143 1469 1205 laudabilia

219 1253 418 1332 protulerunt,
450 1257 485 1312 ut
516 1253 679 1314 cavendum
711 1257 827 1313 tantum
854 1256 945 1329 esset,
978 1270 1016 1313 ne
1042 1252 1170 1330 populus
1198 1252 1266 1326 hoc,
1302 1253 1467 1330 quidquid

219 1365 293 1435 erat,
321 1360 515 1436 intellegeret.
561 1360 702 1438 Episcopi
730 1379 798 1420 varo
825 1355 920 1420 nostri
946 1360 1023 1419 nihil
1045 1359 1140 1437 magis
1163 1364 1322 1437 exoptant,
1355 1379 1466 1438 quam,

218 1471 253 1526 ut
283 1466 375 1526 libera
407 1467 463 1527 sibi
491 1467 528 1527 de
555 1485 732 1546 quacunque
758 1486 791 1528 re
818 1467 964 1528 sentiendi
990 1473 1121 1545 potestas
1148 1467 1387 1545 relinqueretur.
1427 1503 1465 1510 -

219 1572 279 1652 Spe
300 1591 403 1634 omnes
426 1574 588 1650 efferimur,
612 1575 638 1635 si
661 1593 700 1636 ex
722 1581 789 1636 voto
812 1575 963 1652 contingat
980 1575 1113 1651 libertas,
1135 1593 1188 1652 pro
1206 1573 1270 1634 Dec
1288 1593 1349 1634 nos
1372 1594 1465 1652 prae

219 1681 401 1742 sterilissima
423 1699 559 1760 quaeque
581 1683 744 1744 effecturos.
769 1718 811 1728 -
834 1683 899 1744 Hoc
921 1701 1089 1744 asseverare
1110 1682 1216 1756 audeo,
1244 1683 1371 1742 cunctis
1399 1701 1463 1742 me

218 1789 347 1850 dicinam
369 1795 492 1866 restare,
516 1790 543 1850 si
565 1789 651 1850 modo
673 1791 801 1851 liberum
824 1791 864 1852 sit
882 1790 1117 1852 Protestantibus
1139 1790 1176 1849 ad
1199 1789 1339 1865 singula,
1364 1798 1462 1868 prout

217 1916 272 1976 par
294 1903 352 1973 est,
379 1897 574 1975 respondera‘
621 1897 661 1958 Et
683 1898 839 1959 Mdvenda
865 1898 1052 1959 adeundam
1075 1898 1248 1976 episcopum
1270 1897 1461 1957 Atrebate-rr-

218 2023 294 2065 sem:
323 2005 447 2081 ,Dicrmt
474 2005 710 2066 reformationem
737 2007 895 2084 praecipue
923 2011 1059 2084 spectare
1083 2023 1159 2084 quae
1185 2007 1293 2082 petunt
1316 2003 1459 2064 Wirten-

217 2111 341 2192 bergici,
375 2131 431 2173 nec
457 2113 572 2190 ingrata
594 2113 666 2173 haec
692 2130 758 2173 esse
780 2113 925 2173 Patribus.
971 2113 1084 2174 Horum
1107 2112 1186 2172 enim
1209 2110 1353 2189 plerique
1378 2113 1457 2172 bono

216 2219 315 2280 animo
338 2224 422 2296 suut,
446 2221 525 2299 quod
547 2239 565 2279 a
587 2220 824 2281 Protestantibus
846 2219 918 2280 talia
940 2221 1152 2298 producantru,
1181 2237 1256 2297 quae
1279 2219 1343 2296 ipsi
1370 2219 1457 2280 salva

215 2327 393 2388 verecundia
415 2328 547 2404 prolerre
569 2345 630 2386 nen
652 2327 829 2405 poterant‘1
1531 2326 1532 2331 ’

322 2433 388 2493 Jam
411 2452 480 2494 sero
502 2435 539 2493 ad
563 2434 688 2494 Consilii
711 2436 826 2495 exitam
848 2435 933 2496 nobis
955 2435 1139 2495 redeundum
1161 2438 1215 2494 est
1261 2431 1320 2508 Qui
1344 2453 1452 2513 quem-

216 2540 375 2598 admodum
402 2539 480 2600 alius
503 2557 625 2617 prorsus
649 2541 810 2618 exstiterit,
838 2547 927 2621 atque
948 2541 1097 2602 Pontificii
1119 2545 1297 2614 metuerant,
1321 2543 1450 2602 nobilis·
1529 2573 1530 2576 ¹

216 2644 284 2705 simi
321 2645 432 2724 quique
468 2647 628 2706 multamm
664 2649 797 2725 gentium
835 2649 892 2708 viri
925 2654 1125 2728 speraverant,
1167 2649 1446 2710 demonstravimus

216 2750 313 2826 Quare
336 2753 452 2813 decreta
474 2753 539 2831 ejus
562 2755 742 2816 aPontifice
764 2757 936 2817 confirmata
957 2756 1058 2835 plures
1076 2755 1230 2834 Principes
1254 2761 1285 2816 et
1307 2755 1446 2818 civitates
1531 2782 1532 2825 l

214 2879 268 2939 pro
292 2877 346 2921 sua
367 2865 451 2939 parte
474 2862 646 2922 confirmare
668 2863 853 2938 dubitabant,
876 2864 925 2924 vel
947 2864 1165 2942 quodpropter
1181 2863 1334 2924 metricam
1352 2882 1444 2942 papa-

215 2968 277 3029 lem
303 2970 500 3045 arrogantiam
520 2970 589 3048 jura
611 2971 755 3048 quaedam
777 2971 877 3032 civilia
898 2971 1059 3049 periclitari
1081 2971 1264 3048 viderentur,
1292 2970 1341 3030 vel
1364 2972 1443 3049 qued

214 3077 247 3136 iu
274 3076 443 3138 nationibus
471 3079 630 3138 fnrstratoe
653 3078 718 3156 spei
741 3079 784 3138 ira
807 3079 955 3156 consopiri
979 3078 1076 3138 subito
1099 3097 1160 3138 non
1182 3082 1291 3156 posset
1338 3077 1388 3138 Sic
1410 3079 1441 3137 in

215 3183 361 3261 Hispania
388 3185 504 3245 decreta
530 3186 583 3245 illa
610 3186 670 3246 nisi
697 3186 788 3246 salvis
815 3185 906 3262 Regis
931 3186 1048 3263 juribus
1076 3186 1248 3246 confirmata
1274 3203 1335 3245 non
1361 3193 1438 3260 sunt,

214 3291 248 3349 in
271 3289 369 3350 Gallia
395 3291 466 3352 licet
489 3293 646 3370 permultis
669 3311 738 3354 cum
762 3293 851 3354 Curia
874 3294 993 3371 saepius
1016 3294 1191 3370 urgentibus
1213 3311 1365 3370 nunquam
1386 3293 1437 3352 illa

214 3397 375 3474 publicata,
408 3417 506 3477 neque
532 3401 564 3460 id
591 3400 671 3478 apud
698 3399 842 3476 Venetos,
874 3400 1041 3476 Helvetios,
1073 3401 1208 3478 [lagaros
1235 3401 1353 3460 factum
1401 3399 1435 3458 ln

215 3503 371 3565 Germania
399 3511 494 3566 smum
516 3506 665 3567 Romanae
691 3507 834 3568 ecclesiae
860 3507 970 3568 addicti
997 3525 1068 3567 mox
1092 3507 1225 3568 Concilio
1253 3525 1286 3567 se
1309 3506 1435 3583 subjece

212 3616 290 3672 runt
342 3611 400 3672 Sed
426 3613 628 3674 Perdinandus
656 3614 776 3690 Caesar,
809 3615 865 3674 etsi
896 3621 983 3675 antea
1009 3615 1146 3674 Pontifici
1174 3617 1317 3689 cesserat,
1354 3613 1433 3673 inax-

213 3723 379 3798 spectatum
413 3719 536 3781 Concilii
570 3719 685 3782 exitum
715 3721 877 3798 aegerrime
908 3721 986 3782 tulit
1041 3720 1195 3780 Diversum
1227 3723 1263 3780 ab
1295 3738 1330 3780 ee
1360 3721 1433 3780 riam

212 3827 322 3904 eligere
358 3827 397 3887 ad
419 3828 564 3888 ecclesiae
595 3829 799 3890 condicionem
830 3829 1055 3903 emendandam,
1091 3845 1196 3905 pacem
1226 3828 1432 3888 restituendam

211 3935 349 3994 institriit
394 3935 522 4013 Propius
549 3936 657 3996 iterum
687 3937 726 3995 ad
753 3935 997 3997 Ratisbonensem
1024 3935 1211 3995 concordiam
1238 3935 1288 3995 cui
1316 3936 1431 3996 Carolus

210 4043 301 4102 irater
328 4061 474 4103 summam
496 4043 700 4103 auctoritatem
722 4045 909 4120 attribuerat,
936 4041 1025 4104 etad
1048 4043 1255 4118 Augustarum
1278 4043 1430 4102 confessu-

210 4167 280 4210 nem
306 4150 443 4229 accessit3
475 4152 508 4211 in
535 4151 590 4211 hac
617 4151 698 4211 anim
726 4151 806 4211 haud
832 4151 874 4210 ita
895 4150 990 4210 multu
1012 4148 1173 4210 catholicae
1196 4149 1347 4210 decuiuae
1366 4167 1428 4210 cen·

318 4395 345 4463 1)
363 4393 541 4449 inveniuntur
562 4395 614 4449 loci
637 4411 720 4464 supra
742 4395 844 4450 laudati
862 4395 901 4450 in:
924 4394 1005 4449 Minu.
1029 4392 1055 4447 le
1073 4393 1187 4462 lassor,
1210 4393 1318 4448 Latmos
1336 4395 1361 4450 et
1375 4395 1425 4449 mi·

207 4481 305 4536 moires
323 4483 357 4536 de
376 4482 419 4536 ir.
438 4483 471 4536 de
489 4483 592 4550 Vargas
610 4485 661 4537 etc.
699 4483 748 4536 Ed.
768 4483 857 4538 latina
