3188 5086
672 308 765 369 Oaros
782 310 819 369 11.
1313 321 1348 381 97

134 529 250 589 studuit
295 529 498 605 Trepidabuut
511 531 621 604 passim
634 528 778 590 Pontificii
800 537 894 608 metu,
916 533 1039 608 nequid
1055 543 1156 597 contm
1172 539 1351 602 desciturum

133 634 281 694 oansffium
316 640 348 694 et
382 635 491 694 mortui
522 635 621 709 Papae
655 635 858 695 irrevocabilia
890 637 1010 698 decreta
1043 639 1136 702 lieret.
1193 643 1251 705 Sed
1283 661 1351 705 mox

133 735 178 796 his
204 739 389 814 respirandi,
420 739 479 798 illia
502 739 677 814 desperandi
699 755 787 800 causa
812 741 916 802 iterum
948 742 1018 802 data
1050 751 1103 806 est.
1149 746 1243 806 Tanto
1273 749 1351 810 euim

15 917 16 920 Ἴ
132 842 219 902 animi
241 847 273 903 at
294 844 409 918 ingenii
430 843 533 904 robore
555 861 592 904 ns
607 843 670 902 Leo
690 843 805 918 quidem
825 845 976 919 praeditus
999 853 1078 924 erat,
1097 857 1143 924 ut,
1166 852 1214 910 ubi
1237 854 1351 925 gravio-

132 945 209 1006 ribua
227 945 266 1008 de
293 947 385 1007 rebus
408 954 557 1024 ageretur,
583 964 658 1008 nova
680 948 774 1008 subito
797 955 862 1022 post
884 949 966 1010 Pium
989 953 1037 1012 via
1060 955 1223 1032 incederet,
1244 955 1352 1017 aedom

132 1053 325 1126 antiquiorem
351 1052 495 1112 ecciesiae
527 1052 659 1112 morbum
688 1054 869 1128 perspiceret
898 1061 985 1129 atque
1014 1062 1192 1120 attrectaret
1244 1059 1350 1131 Quam-

130 1171 215 1228 quam
236 1157 395 1216 nonnullas
415 1157 613 1217 liberaliorum
635 1157 750 1217 illorum
766 1157 979 1218 catholicorum
994 1164 1154 1223 tententiae
1169 1163 1350 1242 laudaverat,

130 1267 229 1322 tamen
251 1263 426 1338 probissimo
450 1263 554 1336 cuique
577 1263 819 1338 sagacissimoque
839 1279 985 1338 uunquam
1007 1269 1158 1343 concessit,
1180 1275 1351 1344 praesentes
1373 1341 1377 1348 ι

131 1367 230 1427 turbas
254 1367 471 1428 ecclesiasticas
491 1383 625 1442 magnam
647 1373 761 1441 partem
783 1369 881 1427 curiae
895 1367 1044 1430 Romanae
1067 1373 1152 1445 culpa
1174 1379 1252 1434 ortas
1275 1389 1350 1436 ease.

129 1469 208 1532 Mira
235 1473 442 1532 historicarum
463 1487 560 1530 remum
582 1471 748 1545 ignorantia
771 1489 871 1531 eorum
894 1471 999 1532 fabulis
1022 1475 1162 1553 credidit,
1190 1479 1239 1552 qui
1259 1480 1351 1540 socia·

128 1576 244 1636 lismum
271 1577 389 1651 absque
418 1591 548 1636 enorum
578 1582 706 1636 monstra
741 1593 759 1636 a
785 1578 876 1636 seculi
907 1579 982 1638 sexti
1010 1579 1114 1640 decimi
1143 1583 1349 1644 reformatione

127 1679 309 1742 derivabant
360 1681 529 1740 luveterata
554 1697 625 1740 suae
654 1681 797 1740 ecclesiae
826 1681 931 1740 damna
957 1699 1015 1742 non
1042 1687 1198 1760 perspexit.
1249 1683 1296 1746 Ac
1325 1690 1351 1748 si

128 1783 200 1859 quid
232 1786 343 1846 metius
372 1801 498 1859 uuquam
527 1785 654 1860 viderat,
680 1787 800 1846 meliore
827 1785 976 1846 Pontificis
1002 1789 1098 1849 animo
1128 1791 1231 1850 fortior
1260 1793 1350 1852 etiam

127 1907 206 1950 nuuc
229 1889 380 1950 &mnae
404 1888 510 1950 Curiae
539 1889 659 1949 baditio
689 1895 762 1950 erat.
812 1890 858 1950 lb
884 1897 1068 1952 antecessore
1091 1911 1143 1954 suo
1165 1895 1227 1956 falli
1248 1899 1349 1958 nescio

127 1993 280 2054 declarato
301 2011 360 2054 non
379 1995 477 2054 omnia
498 1995 574 2054 bene
597 2001 682 2069 gesta
704 2011 768 2055 esse
791 1994 871 2054 clare
890 1996 1048 2071 intellexit3
1071 1998 1123 2057 sed
1138 2000 1349 2073 imprudentem

129 2104 162 2159 et
184 2099 384 2173 blasphemam
410 2099 624 2174 arrogantiam,
651 2115 708 2172 qua
738 2099 789 2158 ille
812 2105 855 2158 tot
876 2098 954 2158 mala
976 2099 1152 2161 christianae
1171 2103 1349 2176 reipublicae

126 2202 285 2278 attulerat,
313 2217 460 2278 nunquam
485 2203 557 2263 satis
583 2203 783 2263 considerasse
806 2203 936 2276 videtum
969 2203 1030 2262 vita
1059 2203 1226 2265 defunctam
1248 2223 1348 2282 repre·

127 2307 261 2368 bendere
288 2308 408 2382 impium
439 2307 640 2382 existimabat,
676 2313 776 2368 tacere
807 2308 844 2368 de
875 2323 910 2366 eo
940 2308 1125 2384 indecorum,
1157 2311 1264 2386 quippe
1297 2329 1349 2386 pro

127 2413 230 2472 curiae
259 2413 326 2473 stilo
354 2413 471 2487 saepius
497 2413 607 2473 mentio
636 2412 713 2472 illius
742 2411 877 2473 facienda
899 2419 977 2488 erat;
1001 2415 1099 2487 itaque
1119 2415 1285 2476 immodicas
1303 2416 1350 2476 Pii

127 2516 248 2592 laudes,
272 2517 309 2576 ab
332 2517 531 2577 adulatoribus
553 2517 741 2593 decantatas,
771 2519 851 2577 auxit
872 2517 942 2578 Leo.
989 2517 1141 2579 Sentiebat
1158 2519 1274 2594 quidem
1296 2537 1349 2596 pro

126 2639 203 2697 pace
234 2639 300 2682 cnm
328 2623 546 2696 magistratibus
579 2622 712 2682 civilibus
742 2621 924 2683 restituenda
954 2623 1063 2697 aliquid
1099 2624 1155 2684 sibi
1185 2623 1349 2687 iaciendum

128 2744 215 2801 esse,
235 2725 323 2802 idque
347 2744 432 2802 quam
453 2729 622 2802 celerrime,
641 2728 775 2802 quoniam
797 2733 918 2802 propter
939 2728 1046 2788 bellum
1067 2713 1180 2804 pridem
1202 2732 1348 2806 inceptum

128 2833 267 2892 decenae
288 2832 428 2906 jacebant
449 2833 528 2892 baad
549 2847 662 2907 paucae
688 2831 847 2907 ecclesiae,
878 2833 977 2892 invitis
1000 2833 1071 2907 ipsis
1092 2834 1151 2893 illis
1173 2835 1348 2910 magistrati·

127 2937 198 3010 bus,
227 2951 300 3010 quoa
332 2935 403 2996 Pius
439 2953 492 3011 pro
518 2936 668 2996 iracundia
702 2952 755 2995 saa
783 2935 855 2996 ialso
887 2937 1004 3010 saepias
1030 2945 1232 3014 accusaverat,
1266 2941 1350 3013 quasi

128 3041 250 3101 diruere
272 3041 427 3101 ecclesiam
446 3040 749 3100 Romanocatbolioam
771 3041 801 3099 in
824 3045 922 3100 mente
943 3039 1094 3101 habereut.
1129 3041 1191 3113 Quo
1215 3043 1349 3118 celerius,

128 3144 202 3219 quid
232 3145 291 3205 illia
317 3144 397 3204 hand
426 3145 533 3220 injuria
559 3145 642 3205 iratis
670 3143 760 3218 probe
789 3143 909 3203 concedi
935 3149 1046 3218 posset,
1080 3151 1200 3219 propter
1225 3145 1349 3206 salutem

129 3249 294 3308 animarum
315 3250 411 3323 palam
431 3249 531 3309 dicere
553 3249 707 3308 honestum
730 3247 841 3306 fuisset
886 3247 945 3308 Sed
963 3263 1016 3321 pro
1034 3246 1139 3307 Ouriae
1153 3265 1208 3308 usn
1230 3249 1349 3324 negotia

129 3353 270 3412 inchoata
281 3353 444 3414 cuncmndo
458 3353 576 3414 trahere
591 3353 742 3413 decentius
757 3357 787 3411 et
802 3351 951 3412 sublimius
965 3353 1128 3426 putabatur.
1172 3353 1348 3428 Nuparrime

130 3457 247 3516 demum
270 3457 393 3532 epistola
404 3457 442 3518 ad
457 3455 693 3517 Germanicorum
707 3457 907 3530 episcoporum
922 3455 1179 3518 ineruditissimum
1201 3458 1270 3520 data
1284 3459 1346 3520 Leo

129 3561 282 3621 contemno
311 3567 372 3637 est,
401 3562 479 3637 quod
501 3567 589 3622 autea
610 3560 858 3621 Pederboruensis
884 3568 917 3621 ut
937 3563 1115 3622 certissimus
1133 3563 1177 3622 Pii
1201 3565 1347 3638 interpres

129 3665 296 3740 praefracte
318 3673 489 3742 negaverat,
511 3681 595 3740 posse
618 3661 728 3740 aliquid
751 3681 859 3741 eorum,
882 3681 957 3740 quae
979 3667 1061 3727 novis
1082 3667 1194 3743 legibus
1218 3667 1349 3728 civilibus

129 3771 312 3846 praescripta
337 3777 449 3846 essem,
483 3773 564 3830 salva
591 3771 769 3830 comedentis
792 3769 864 3830 fieri.
909 3770 991 3844 Quod
1018 3772 1042 3830 si
1073 3771 1152 3844 prius
1181 3785 1349 3832 concessum

131 3881 224 3950 amet,
258 3876 349 3934 multa
373 3874 498 3935 tortasse
529 3875 719 3935 ecclesiarum
749 3874 855 3934 damna
884 3875 978 3934 averti
1008 3875 1177 3948 potuissent
1227 3873 1286 3933 Sed
1311 3889 1349 3932 ne

129 3995 208 4038 nunc
229 3978 346 4053 quidem
368 3979 441 4039 illud
463 3980 540 4040 serio
562 3995 597 4038 ac
619 3980 747 4052 sincere,
777 3977 828 4037 sed
851 3978 974 4052 periculi
994 3983 1091 4036 astute
1111 3976 1239 4036 faciendi
1262 3991 1351 4036 causa

128 4083 309 4142 declaratam
332 4089 386 4145 est
430 4085 541 4144 lterum
564 4083 714 4158 apparuit,
735 4080 851 4142 Curiam
866 4097 915 4141 res
930 4081 968 4140 ad
982 4081 1154 4154 religionem
1168 4080 1351 4154 pertinentes

128 4203 188 4246 non
207 4187 351 4262 spirituali
373 4188 530 4261 prudentia
551 4187 603 4248 sed
624 4185 771 4246 mundano
790 4191 926 4246 tractare.
971 4183 1055 4244 Unde
1074 4187 1138 4259 jam
1158 4184 1272 4258 pridem
1288 4201 1353 4246 sae·

127 4292 249 4366 pimime
271 4290 382 4351 iactum
406 4297 467 4368 est,
489 4297 522 4352 ut
544 4293 635 4352 etiam
655 4291 785 4350 melioris
802 4288 908 4349 indolis
923 4285 1094 4364 Pontifices,
1113 4305 1201 4362 quum
1223 4289 1350 4365 indignis

127 4393 308 4456 administms
330 4397 361 4455 iu
390 4403 520 4472 tompore
547 4395 687 4457 resistere
713 4411 772 4454 uon
801 4393 974 4468 valuissent,
1004 4393 1034 4451 in
1069 4393 1194 4467 publicis
1223 4393 1350 4468 negotiis

126 4501 254 4574 turpiter
275 4499 431 4562 mendaces
453 4517 488 4562 ac
508 4501 628 4562 fallaces
650 4499 950 4575 deprehenderentur.
998 4496 1097 4558 Etiam
1118 4497 1194 4572 Leo,
1216 4513 1292 4572 quae
1317 4498 1349 4556 tn

126 4605 207 4666 hunc
230 4603 348 4665 modam
376 4607 585 4681 ministri-ejus
606 4603 781 4681 praesertim
808 4603 841 4663 iu
866 4601 954 4664 rebus
976 4601 1103 4678 Belgicis
1135 4601 1348 4678 commiserant,

173 4719 383 4764 Sablottuaunl
395 4719 500 4766 &mua
512 4719 634 4766 redivina
941 4743 945 4752 ·
1108 4709 1126 4765 7
