3144 5092
656 335 743 390 Gerar
761 335 795 388 V.
1304 335 1338 390 93

88 538 229 598 nantias
257 573 299 581 —
327 538 454 598 assumit
485 538 566 598 enim
599 537 825 597 similitudinem
855 556 892 597 ex
919 536 1033 597 musica
1059 541 1122 597 arte
1150 571 1192 580 -
1220 537 1339 596 tandem

91 651 309 706 conventurae
332 649 445 722 esseut,
468 645 500 704 id
522 645 714 705 manifestum
737 663 803 705 esse
825 645 858 703 in
880 649 1043 720 systemate
1065 644 1183 718 mundi,
1206 645 1243 703 ad
1262 644 1339 722 quod

93 753 222 813 rectius
254 753 513 830 contemplandum
547 753 727 830 Copemicus
763 751 842 810 viam
880 752 1045 829 stravisset;
1083 750 1210 811 visibilis
1241 757 1340 810 autem

94 860 216 920 mundi
244 860 334 920 finem
360 878 427 920 esse
449 859 594 919 mundum
611 847 788 920 'rationalem
811 863 841 920 et
862 859 1017 936 moralem,
1045 859 1132 936 cujus
1155 859 1340 918 dissonantes
1422 897 1425 904 ·

96 967 197 1045 quasi
220 985 320 1042 sonae,
343 967 376 1027 in
398 972 517 1046 peceato
541 973 570 1027 et
592 967 671 1027 malo
692 985 747 1027 nos
770 967 965 1042 offendentes,
989 967 1049 1026 nisi
1067 966 1268 1044 redemptione
1287 983 1340 1043 per

99 1074 265 1134 Christum
293 1075 370 1134 facta
396 1075 430 1134 in
456 1093 557 1134 veram
584 1074 806 1134 consonantiam
833 1073 942 1134 resolvi
969 1092 1030 1133 non
1057 1091 1158 1151 posse;
1188 1073 1265 1133 hanc
1287 1073 1340 1132 ali·

100 1187 261 1260 quatenus
288 1181 391 1259 perfici
415 1182 478 1258 jam
505 1183 537 1241 in
565 1182 714 1259 praesenti
742 1186 842 1242 nosne
865 1181 1048 1256 condicione,
1076 1180 1250 1258 plenissime
1272 1198 1341 1240 vero

101 1294 351 1349 consummatum
373 1289 409 1348 iri
432 1289 464 1348 in
487 1290 565 1350 vitae
588 1294 802 1367 postmortem
823 1290 939 1348 futruae
957 1288 1058 1365 gloria.
1101 1286 1197 1362 Quare
1215 1293 1341 1366 ,patrem

102 1397 275 1455 luminum‘
298 1397 469 1472 celebravit,
494 1398 558 1474 ,qui
580 1397 695 1457 lumine
716 1401 839 1456 naturae
862 1396 1040 1456 desiderium
1063 1396 1096 1454 iu
1118 1395 1203 1455 nobis
1226 1413 1341 1473 promo·

103 1508 179 1563 reat
202 1503 327 1564 luminis
349 1505 460 1580 gmtiae
482 1509 517 1564 ut
539 1523 592 1582 per
614 1505 645 1565 id
668 1505 700 1564 in
722 1505 825 1564 lumen
847 1504 957 1580 gloriae
979 1521 1035 1563 nos
1058 1501 1266 1563 sansana*

220 1611 284 1671 Hae
316 1611 508 1688 cogitationes
540 1617 642 1690 postea
673 1630 780 1688 magno
807 1611 948 1671 Leibnitii
980 1611 1100 1687 ingenio
1129 1610 1248 1688 longius
1275 1629 1341 1688 pro-

108 1718 221 1778 ductae
253 1723 283 1778 et
314 1718 351 1777 ad
384 1718 555 1794 systematis
586 1718 784 1796 philosophici
817 1719 942 1778 formam
967 1718 1101 1778 redactae
1129 1723 1207 1778 sunt.
1258 1716 1341 1792 Quod

109 1825 261 1902 Keplerus
284 1825 321 1885 ad
344 1826 402 1885 alia
425 1826 524 1886 studia
545 1827 691 1902 intentuS,
714 1831 863 1904 praestare
885 1844 982 1904 neque
1004 1825 1099 1886 voluit
1120 1844 1217 1904 neque
1237 1826 1341 1903 potuit.

109 1933 282 1993 admiscuit
317 1933 407 1993 etiam
442 1933 598 2008 nonnulla,
635 1952 710 2012 quae
746 1952 837 2012 quum
875 1933 1094 2010 imaginationis
1125 1933 1221 2010 magle
1253 1951 1342 2011 quam

111 2057 233 2100 severas
256 2039 377 2100 rationis
400 2040 529 2100 indolem
552 2059 623 2117 prae
646 2042 823 2115 nescirent,
846 2059 906 2100 non
925 2040 996 2100 satis
1015 2040 1176 2118 prudenter
1193 2040 1343 2099 interdum

112 2147 149 2206 ab
173 2165 208 2207 eo
230 2147 344 2224 prolata
367 2152 450 2222 aunt,
474 2165 652 2224 quamquam
674 2147 740 2224 ipse
763 2148 910 2226 quondam
933 2147 1065 2224 scripsit:
1093 2147 1203 2222 ,Ludo,
1227 2147 1280 2207 aed
1301 2147 1343 2206 ita

112 2259 148 2313 ut
171 2273 220 2314 me
242 2255 345 2314 ludere
367 2273 427 2314 non
450 2254 630 2314 obliviscar.²
674 2253 780 2332 Neque
802 2259 901 2314 tamen
923 2259 1002 2315 recte
1022 2255 1179 2331 judicaret,
1206 2254 1258 2332 qui
1282 2271 1343 2314 cre·

114 2361 210 2436 deret,
234 2361 321 2420 illum
343 2362 381 2421 de
403 2361 588 2439 gravissimis
611 2379 686 2440 quas
708 2357 841 2421 diximus
860 2361 1081 2439 questionibus
1100 2380 1135 2422 ac
1152 2361 1343 2439 problematis

115 2469 158 2528 ita
188 2468 321 2528 locutum
353 2487 431 2544 esse,
464 2464 549 2547 quasi
581 2475 615 2528 ut
646 2469 872 2529 mathematicus
901 2468 998 2528 studia
1025 2475 1056 2529 et
1082 2469 1287 2547 philosophica
1313 2475 1344 2529 et

116 2576 281 2653 theologica
312 2577 490 2654 primoribus
522 2581 638 2636 tantum
670 2577 761 2636 labris
788 2576 944 2653 attigisset.
996 2575 1075 2651 Quin
1102 2577 1193 2636 immo
1220 2582 1344 2654 utraque

118 2683 304 2758 adulescens,
341 2688 376 2743 ut
407 2683 472 2762 ipse
502 2687 640 2758 testatur,
672 2701 765 2762 aeque
796 2689 885 2762 atque
916 2689 1010 2744 artem
1040 2684 1198 2760 musciam,
1230 2684 1344 2761 ingenti

120 2791 279 2868 cupiditate
311 2791 469 2869 amplexus
501 2796 561 2866 est,
592 2791 670 2850 nihil
702 2791 860 2852 admodum
887 2791 925 2850 de
951 2792 1129 2852 astronomia
1155 2791 1188 2850 in
1215 2791 1345 2868 speciem

122 2897 272 2958 sollicitus.
328 2899 439 2959 Aderat
469 2898 589 2976 quidem
620 2899 788 2975 ingenium,
820 2917 876 2959 nec
908 2899 1078 2959 diffuculter
1108 2899 1285 2976 geometrica
1315 2903 1345 2958 et

121 3005 323 3081 astronomica,
352 3024 427 3084 quae
455 3005 662 3083 suppeditabat
689 3005 759 3065 ordo
787 3005 967 3081 scholarum,
995 3006 1135 3084 capiebat.
1182 3005 1240 3066 Sed
1262 3011 1346 3064 eraut

123 3113 172 3171 illa
197 3113 363 3175 necessaria
390 3113 501 3187 sardia,
528 3111 619 3170 animi
647 3111 869 3171 inclinationem
894 3112 931 3170 ad
953 3129 986 3172 se
1008 3130 1078 3188 prae
1100 3111 1206 3171 ceteris
1229 3129 1268 3170 ne
1290 3110 1344 3169 mi-

123 3219 199 3279 nime
230 3219 351 3298 quidem
381 3219 535 3279 trahentia.
586 3219 634 3278 Ad
665 3219 832 3280 obeundum
864 3218 1093 3278 astronomicum
1125 3235 1234 3278 munus
1262 3235 1345 3294 prae-

125 3333 270 3404 ceptorum
302 3327 473 3387 auctoritate
507 3326 592 3404 quasi
624 3329 765 3386 extrusus
797 3330 855 3401 est,
892 3325 1064 3385 instructior
1094 3325 1132 3384 ad
1163 3324 1195 3383 id
1225 3324 1345 3401 ingenio

126 3453 209 3513 quam
236 3434 372 3510 seientia,
403 3433 592 3512 multumque
619 3437 812 3510 protestatus,
845 3451 878 3492 se
907 3433 973 3509 jure
1006 3450 1060 3492 suo
1091 3433 1129 3492 ad
1159 3431 1241 3491 aliud
1268 3431 1346 3491 vitae

127 3559 214 3618 genus
242 3559 429 3619 nequaquam
456 3541 567 3601 cedere.
613 3539 712 3600 Etiam
739 3539 897 3600 acrioribus
924 3541 1106 3618 temporibus
1130 3539 1228 3600 studia
1249 3557 1346 3617 neque

127 3649 325 3728 philosophica
356 3667 454 3727 neque
485 3647 651 3725 theologica
682 3665 803 3726 prorsus
834 3665 967 3726 unquam
999 3647 1106 3708 omisit.
1157 3647 1277 3707 Praeter
1304 3664 1346 3720 ea,

128 3775 196 3835 quae
218 3757 255 3816 ad
278 3756 496 3833 chronologiam
518 3756 657 3817 biblicam
679 3757 841 3834 pertinent,
865 3756 954 3816 etiam
976 3755 1158 3814 harmoniam
1181 3753 1346 3830 evangelio·

128 3883 188 3922 rum
219 3864 398 3941 composuit,
430 3864 516 3940 cujus
548 3863 677 3923 edendam
708 3867 742 3922 ut
769 3861 916 3940 Keplerus
947 3861 1030 3940 prius
1062 3879 1163 3921 curam
1195 3859 1348 3920 habuisset

130 3989 211 4059 quam
246 3971 383 4047 alterius,
420 3989 496 4049 quae
532 3971 636 4030 mundi
669 3970 801 4030 ordinem
834 3969 976 4047 explicat,
1013 3969 1204 4029 vehementer
1235 3967 1348 4044 optavit

130 4077 275 4139 Florianus
299 4077 448 4140 Omsius.³
492 4075 591 4138 utiam
616 4096 692 4156 quae
714 4077 751 4138 de
773 4077 1040 4155 praedestinatione
1063 4081 1093 4137 et
1115 4075 1152 4136 de
1175 4093 1266 4136 coena
1288 4075 1347 4134 De

131 4186 196 4245 mini
218 4187 351 4265 scripsit,
374 4187 410 4245 ab
432 4185 536 4246 amicis
558 4184 725 4245 laudantur.

230 4451 256 4520 1)
277 4449 343 4520 Opp.
362 4450 388 4504 V
407 4449 467 4504 323.

228 4539 255 4608 2)
274 4539 340 4609 Epp.
359 4556 385 4608 p.
400 4539 461 4591 411.

228 4629 256 4699 3)
275 4629 377 4683 Ibidem
395 4645 420 4698 p.
436 4626 497 4684 638.
