3176 5064
272 241 305 298 18
814 239 902 296 (11111
919 239 955 294 IL
1023 277 1028 286 ·

1128 333 1227 342 ..—

269 441 315 501 Tu
338 442 407 501 vide
426 441 502 519 jam,
525 443 557 502 in
580 460 656 522 quac
678 447 811 519 tempora
832 441 1033 502 inciderimus.
1078 440 1173 501 Nemo
1196 444 1243 500 cst
1264 441 1418 514 inventus,
1447 441 1505 517 qni

268 566 360 608 ausus
389 549 430 609 sit
456 549 489 608 in
516 567 605 610 causa
631 555 692 610 tam
719 551 795 611 bona
822 567 854 609 se
881 553 1038 626 patronum
1066 553 1223 626 praestare.
1273 547 1506 608 Franciseonius

268 656 382 732 aderat,
405 656 457 716 sed
479 657 576 718 noluit
598 657 630 717 in
652 658 803 718 adlatam
825 657 929 717 acerba
950 656 1108 718 incmrere.
1154 655 1260 716 Manus
1278 655 1505 730 conjuratorum

268 781 429 841 permagna
451 770 509 840 est,
536 765 622 842 plebs
644 783 779 826 aceensa:
807 764 991 842 utquisque
1013 764 1046 822 in
1067 781 1123 824 nos
1144 763 1334 824 acerbissime
1356 762 1504 823 crudelis·

269 871 401 949 simeque
423 871 566 950 loquitur,
589 873 631 932 ita
653 891 743 951 quam
764 872 893 931 maxime
915 871 985 948 pius
1007 869 1169 932 11111111.ιι

375 997 422 1057 Ex
454 998 584 1058 oratione
616 998 764 1072 videmus,
800 1001 985 1058 accusatores
1016 996 1099 1056 nisos
1131 1014 1197 1056 esse
1228 995 1330 1056 libello
1363 996 1502 1074 quodam,

269 1121 358 1182 quem
379 1105 483 1164 Italico
507 1123 641 1166 sermone
664 1105 829 1182 scripserat
875 1096 946 1164 Hic‘
959 1105 1013 1163 vix
1040 1103 1166 1164 dubitari
1193 1108 1292 1180 potest
1318 1105 1393 1180 quin
1420 1104 1502 1162 idem

269 1212 367 1274 sitae
389 1217 530 1272 tractatis
552 1213 605 1272 ille
632 1213 841 1272 celeberrimus
872 1211 960 1272 titulo
986 1211 1149 1289 insignitus
1181 1212 1231 1287 ,de
1258 1212 1401 1271 beneficio
1427 1211 1500 1270 Jesu

270 1319 878 1397 (1111111111111111111111(111111111111.ι2
924 1317 981 1393 Qui
1005 1319 1070 1379 sine
1092 1318 1362 1380 111111111111111
1384 1319 1501 1396 ingenti

268 1427 482 1504 exemplarium
504 1446 626 1488 numero
649 1446 703 1506 per
724 1427 842 1487 Italiam
864 1426 1049 1502 dimulgatus,
1072 1427 1233 1486 11111111
1257 1431 1287 1486 et
1305 1426 1377 1485 Polo
1397 1425 1501 1486 (lardi-

268 1534 386 1596 nalibus
417 1539 538 1612 propter
569 1535 745 1596 1111111111
776 1539 807 1595 11
838 1534 999 1594 utilitatem
1031 1551 1219 1611 summopere
1250 1533 1430 1608 celebratus,
1463 1535 1501 1592 ab

268 1641 397 1702 Antonio
415 1642 581 1702 Flaminino
604 1647 705 1702 contra
723 1641 949 1731 celumniatores
967 1642 1121 1716 defensus,
1143 1646 1247 1718 postea
1264 1641 1320 1700 sub
1336 1641 1431 1700 Panlo
1446 1640 1499 1699 IV.

267 1767 345 1826 papa
362 1749 399 1809 ab
407 1749 636 1827 inquisitoribus
654 1753 736 1809 tanta
754 1749 885 1810 sollertis
901 1749 965 1834 igni
985 1749 1111 1809 traditus
1130 1753 1189 1824 est,
1211 1753 1301 1808 utne
1319 1765 1414 1806 unum
1432 1749 1499 1824 qni-

268 1855 335 1916 dem
358 1857 510 1934 exemplar
532 1875 688 1935 superesse
709 1857 871 1933 videretur,
893 1857 925 1916 id
948 1857 1026 1935 quod
1045 1857 1149 1918 Ranlre
1167 1861 1197 1916 et
1214 1855 1370 1930 11111111)γ
1387 1872 1499 1914 memo

266 1968 334 2024 ratu
355 1963 565 2041 dignissimum
587 1983 653 2026 esse
675 1969 863 2026 censuerunt
908 1963 1013 2042 Nuper
1034 1981 1103 2025 vero
1126 1963 1173 2022 vir
1198 1963 1419 2022 emditissimus
1441 1963 1500 2022 Ba-

267 2071 391 2148 bington
422 2071 557 2132 libellmu
592 2091 631 2134 ex
663 2072 837 2150 exemplari,
876 2072 954 2150 quod
985 2072 1080 2132 Italus
1112 2071 1231 2149 quidam
1260 2069 1499 2148 Cantabrigiensi

268 2178 463 2240 bibliothecae
485 2179 562 2239 dono
585 2180 734 2257 quondam
756 2180 888 2254 dederat,
911 2180 1008 2239 denuo
1030 2179 1201 2256 publicavit

374 2304 419 2365 De
450 2304 554 2365 eodem
579 2304 671 2380 igitur
699 2305 809 2382 scripto
832 2305 983 2365 Palearius
1010 2305 1043 2363 in
1070 2305 1201 2364 oratione
1228 2321 1283 2364 sua
1310 2303 1384 2364 haec
1410 2303 1498 2364 dicit:

269 2409 359 2485 ,Sunt
380 2412 515 2472 homines
538 2412 648 2488 acerbi,
671 2411 751 2488 duri,
775 2411 939 2488 criminosi,
966 2411 1045 2489 apud
1073 2429 1148 2490 quos
1175 2429 1214 2471 ne
1240 2429 1349 2488 parens
1377 2411 1499 2488 quidem

268 2523 299 2577 et
312 2518 393 2578 Deus
412 2519 518 2578 salutis
536 2523 655 2579 nostrae
674 2520 824 2595 0111111111,
847 2519 980 2580 omnium
998 2519 1144 2596 gentium,
1168 2519 1300 2578 omnium
1319 2519 1498 2596 populomm

268 2626 347 2700 Rex,
370 2626 451 2684 omni
469 2643 508 2686 ex
530 2631 614 2703 parte
635 2626 750 2686 laudari
772 2631 882 2703 potest:
906 2627 993 2704 cnjus
1016 2645 1054 2687 ex
1075 2631 1170 2686 1111111
1192 2631 1304 2704 quanta
1326 2625 1499 2686 comm0da³

267 2732 357 2791 111111
380 2732 441 2792 sint
462 2732 591 2793 hnmano
614 2734 728 2810 generi,
757 2751 849 2811 quum
876 2734 933 2794 hoc
959 2735 1025 2812 ipso
1054 2751 1131 2794 anno
1153 2733 1271 2794 Thusre
1299 2734 1497 2812 scripsissem,

267 2839 414 2916 objectum
436 2839 494 2900 fuit
516 2840 549 2899 in
571 2841 765 2902 accusatione.
813 2839 890 2915 Quid
917 2842 973 2902 hoc
999 2841 1152 2919 indignius
1179 2841 1238 2902 dici
1261 2845 1312 2900 aut
1335 2840 1496 2918 excogitari
1581 2841 1582 2861 ¹

267 2949 382 3026 potest?
427 2947 550 3024 Ajebsm
573 2966 640 3025 ego,
662 2949 699 3008 ab
722 2966 769 3025 ec,
791 2949 824 3008 in
847 2967 905 3026 quo
928 2947 1068 3009 divinitas
1091 2950 1216 3024 inesset,
1244 2949 1306 3008 vita
1333 2967 1402 3008 cum
1430 2965 1498 3008 1111-

267 3055 358 3132 guine
388 3073 442 3133 pro
473 3055 570 3116 salute
597 3059 698 3116 nostra
725 3061 787 3116 tam
813 3061 946 3118 amanter
971 3057 1106 3135 profusa,
1138 3056 1216 3116 nihil
1242 3073 1298 3117 nos
1325 3057 1432 3116 debere
1458 3055 1498 3115 de

267 3163 440 3224 coelestium
462 3164 616 3225 voluntate
638 3164 786 3240 dubitare,
814 3165 913 3224 omnia
934 3165 1020 3225 nobis
1047 3164 1208 3242 hanquilla
1230 3181 1264 3224 ac
1287 3163 1387 3242 quieta
1408 3181 1498 3241 posse

266 3271 414 3348 polliceri:
438 3272 620 3332 affirmabam
638 3289 677 3332 ex
694 3272 894 3332 monumentis
911 3271 1129 3350 antiquissimis
1147 3277 1178 3332 et
1195 3271 1383 3346 certissimis,
1406 3271 1496 3330 tinem

266 3379 412 3439 malorum
429 3397 495 3440 esse
513 3381 638 3454 factum,
661 3383 762 3439 111111
776 3397 893 3440 omnem
906 3379 1034 3440 deletam
1047 3379 1098 3456 iis,
1118 3380 1170 3457 qui
1183 3380 1281 3440 animo
1295 3379 1327 3438 in
1343 3379 1496 3439 Christum

267 3487 443 3546 crucifixum
461 3487 608 3562 conversi,
632 3487 697 3562 ejus
714 3487 785 3546 fidei
803 3505 836 3546 se
853 3488 1072 3564 permitterent,
1094 3487 1314 3564 acquiescerent
1330 3485 1496 3564 promissis,

268 3609 322 3669 spe
344 3591 426 3670 pleni
448 3593 603 3653 haererent
625 3593 658 3651 in
680 3609 753 3669 uno,
777 3594 829 3671 qui
852 3594 956 3655 fallere
978 3593 1074 3655 nescit
1096 3593 1282 3672 opinionem.t

375 3875 402 3945 1)
422 3873 488 3944 Opp.
508 3891 533 3944 p.
552 3873 637 3930 4701.

376 3981 403 4051 2)
422 3981 561 4036 Assentior
578 3981 629 4036 hae
648 3981 675 4036 in
693 3998 722 4036 11
740 3982 798 4038 viro
816 3982 969 4038 doctissimo
987 3982 1101 4052 Young
1124 3982 1219 4052 (honio
1237 3980 1357 4038 Paleario
1375 3981 1402 4052 I,
1423 3983 1493 4052 321).

268 4071 307 4124 Cf.
327 4071 407 4126 eh'am
425 4073 489 4126 nota
506 4073 598 4126 nostra
614 4071 683 4126 inira
701 4073 827 4142 apposita

376 4179 403 4248 3)
422 4178 496 4233 Haec
520 4178 602 4234 latine
626 4179 847 4235 circumscribunt
865 4179 947 4235 libelli
965 4179 1073 4234 titulum
1091 4179 1217 4236 Italicum
1239 4178 1296 4249 ,del
1319 4179 1446 4234 beneficio
1467 4179 1494 4232 di

268 4268 351 4322 Giesu
361 4268 466 4324 Christo
482 4269 615 4324 crociflssc
629 4285 707 4324 verso
721 4269 731 4322 i
749 4270 900 4324 christiani*
918 4301 952 4310 -
973 4269 1129 4340 congruunt
1146 4269 1224 4339 plane
1243 4285 1305 4323 cum
1320 4268 1401 4323 libelli
1416 4285 1493 4339 argu·

268 4359 357 4412 mento
376 4375 444 4428 qnae
463 4361 619 4428 sequuntur.
653 4359 741 4426 Quare
759 4359 810 4413 nisi
823 4359 960 4414 Palcarius
974 4361 1104 4414 tractatus
1118 4358 1190 4414 illius
1204 4361 1297 4413 auctor
1310 4361 1394 4428 esset,
1413 4358 1493 4413 111111

268 4448 419 4518 scripsisset
436 4449 557 4518 ejusdem
575 4465 685 4519 prorsus
704 4449 818 4504 similem
841 4450 933 4504 eodem
951 4451 1083 4520 tempore,
1107 4465 1160 4520 quo
1178 4448 1223 4504 illc
1241 4449 1358 4519 primum
1376 4449 1493 4504 venetiis

268 4539 355 4592 editus
373 4543 415 4594 est
433 4540 467 4608 (a.
489 4539 576 4608 1542).
614 4537 690 4606 Quod
710 4539 767 4592 veri
786 4537 871 4592 simile
890 4555 941 4594 non
960 4543 1009 4593 est.
