3176 5064
243 272 277 326 16
784 270 872 324 Carus
889 269 925 324 ΙΙ.

175 531 182 548 ,
241 470 323 546 Quae
344 472 418 532 mihi
441 490 559 550 quoque
581 472 638 532 hoc
661 471 726 532 loco
750 472 916 532 exscribere
938 471 1033 532 liceat
1081 471 1134 546 ,lot
1156 473 1291 547 omnino,
1318 471 1388 532 sia
1417 471 1489 530 Deo

241 584 312 640 sunt
334 580 445 654 omnia,
468 599 486 638 a
508 599 566 658 quo
589 598 646 639 non
672 584 787 639 tantum
810 585 939 640 mentem
961 585 992 640 et
1014 581 1123 640 bonum
1145 579 1301 656 ingenium
1317 579 1399 653 dari,
1428 579 1489 640 sed

241 687 332 750 vitam
355 706 444 764 quam
467 688 597 747 vivimus
624 691 654 747 et
677 688 816 764 spiritum
839 705 928 765 quem
955 687 1091 747 ducimus
1114 687 1200 747 nobis
1222 686 1366 764 impertiri
1392 687 1489 745 vide-

241 813 322 870 mus,
351 813 405 855 cur
426 813 481 854 nos
504 799 565 854 tam
588 795 699 871 injuste
721 795 801 854 avan
825 794 918 854 simus
941 799 993 854 aut
1015 799 1076 853 tam
1099 795 1199 854 odiose
1221 795 1326 868 invidi,
1351 798 1385 852 ut
1414 799 1487 852 stu-

241 902 333 962 diosis
361 903 502 961 bonarum
529 902 649 978 artium,
683 903 735 979 qui
758 903 819 961 Deo
847 907 919 961 sunt
944 901 1155 980 acceptissimi,
1174 907 1248 962 'non
1275 901 1486 961 concedamus

242 1028 288 1084 ea,
320 1015 396 1087 quae
427 1011 454 1069 si
486 1011 611 1069 edantur
642 1009 728 1069 nobis
759 1010 870 1086 gloriae
902 1027 969 1069 esse
995 1015 1026 1069 et
1052 1009 1132 1068 alliIs
1164 1009 1304 1086 prodesse
1333 1015 1484 1086 possrmt,

146 1121 149 1130 '
242 1118 345 1179 obesse
367 1122 446 1177 certe
468 1117 611 1176 neminil‘
656 1117 713 1177 His
736 1117 828 1193 igitur
850 1117 995 1194 piissimis
1018 1117 1115 1194 ipsius
1138 1117 1226 1178 Aonii
1249 1117 1347 1176 verbis
1369 1116 1484 1177 allatis

242 1224 382 1284 Lacerius
414 1225 683 1298 commentationis,
716 1243 806 1302 quam
836 1224 874 1283 de
905 1243 940 1284 eo
973 1225 1105 1302 scripsit,
1137 1225 1228 1283 finem
1259 1224 1336 1283 facit
1387 1222 1483 1298 Quae

242 1333 341 1392 omnia
372 1331 397 1391 si
425 1332 493 1408 qula
526 1350 597 1390 sana
628 1337 728 1391 mente
759 1332 1000 1406 consideraverit,
1032 1333 1191 1390 attouibrm
1222 1350 1292 1390 eum
1322 1331 1483 1391 redditura

243 1443 328 1516 puto,
351 1443 453 1516 utpote
475 1439 527 1516 qui
551 1439 583 1498 in
605 1439 749 1515 ejusmodi
769 1439 899 1500 Jesuitae
917 1439 1016 1498 anima
1031 1439 1118 1515 juxta
1136 1457 1321 1499 communem
1340 1457 1481 1514 sensum,

243 1547 328 1605 bonis
364 1546 472 1606 litteris
508 1547 679 1621 educatum,
716 1547 802 1624 quasi
838 1547 937 1606 loerrm
974 1547 1122 1624 quendam
1158 1552 1274 1624 torpore
1306 1547 1481 1622 pharisaico

243 1654 402 1713 obductrun
429 1659 460 1713 et
485 1655 522 1713 ab
549 1655 629 1712 omni
652 1655 781 1714 humano
806 1672 896 1714 sensu
918 1654 1049 1714 allecum
1076 1654 1271 1732 conspexerit
1317 1655 1479 1730 Ejusmodi

243 1761 378 1820 homines
401 1778 455 1821 suo
478 1765 609 1838 tempore
631 1761 776 1836 Voltario,
804 1761 985 1822 Jesuitarum
1008 1762 1141 1837 alumno,
1169 1762 1293 1840 ejusque
1321 1761 1479 1822 sodalibus

243 1869 339 1946 ipsam
379 1869 570 1929 christianam
611 1869 786 1946 religionem
822 1873 990 1946 suspectam
1026 1874 1116 1946 atque
1151 1869 1278 1928 invisam
1310 1869 1477 1930 reddidere

244 1977 438 2036 Detestabiles
469 1977 584 2036 fructus
615 1977 748 2053 ejusdem
775 1977 913 2036 horrendi
947 1977 1083 2053 spiritus,
1116 1995 1205 2053 quem
1231 1977 1268 2034 ab
1296 1976 1358 2036 illis
1385 1978 1478 2053 quasi

243 2101 312 2143 vere
344 2085 539 2144 christianum
570 2085 710 2144 acenr'me
741 2084 859 2144 defendi
891 2085 1042 2159 videbant,
1078 2084 1110 2142 in
1143 2083 1314 2143 Odasianae
1345 2083 1478 2144 familiae

243 2192 427 2269 aliorumque
454 2192 524 2252 fatis
547 2194 584 2252 ob
606 2192 738 2252 omnium
760 2192 929 2269 aequalium
952 2191 1052 2252 oeulos
1075 2192 1274 2251 versabantur.
1326 2193 1476 2266 Ceterum,

243 2300 323 2377 quod
345 2300 383 2360 ad
405 2305 498 2360 artem
520 2301 660 2377 pertinet,
684 2317 743 2377 qua
761 2299 880 2376 Lojolae
903 2299 1044 2376 discipuli
1066 2299 1177 2359 nobilia
1195 2317 1229 2358 eo
1247 2299 1476 2376 perversissima

244 2407 471 2484 permiscebant,
499 2425 560 2466 non
586 2407 664 2467 rnale
695 2407 761 2484 ipse
788 2406 940 2466 Voltarius
968 2424 1103 2467 summus
1130 2406 1263 2466 omniurn
1295 2407 1475 2484 scriptorum

243 2515 452 2574 Jesuitioorum
474 2514 537 2572 dux
559 2519 679 2574 vocatus
702 2513 772 2574 est¹
799 2549 837 2558 —
861 2513 921 2574 Sed
943 2515 979 2573 ab
1001 2514 1058 2573 hac
1075 2514 1270 2590 digressione,
1293 2532 1391 2592 neque
1407 2513 1474 2572 lorr-

244 2621 366 2697 ginqua,
389 2626 423 2680 ut
445 2621 562 2698 opinor,
585 2639 681 2699 neque
703 2621 816 2697 inutili,
839 2622 876 2681 ad
898 2622 1082 2699 propositum
1105 2639 1206 2681 meum
1228 2622 1323 2681 redeo.

350 2728 387 2788 In
419 2728 473 2787 Pio
495 2727 532 2788 V.
560 2728 591 2787 id
623 2728 837 2788 auneissimum
870 2747 936 2789 esse
967 2747 985 2788 a
1016 2747 1132 2788 summo
1165 2729 1307 2806 scriptore
1338 2733 1473 2788 notatum

244 2839 301 2911 est,
335 2836 413 2913 quod
444 2835 639 2912 inquisitores
670 2837 759 2896 etiam
791 2855 894 2896 causas
926 2843 995 2896 aute
1026 2836 1128 2896 decem
1159 2836 1208 2896 vel
1239 2835 1347 2912 viginti
1378 2853 1472 2895 annos

243 2943 383 3003 dImIssas
405 2961 555 3003 resumere
577 2949 666 3021 atque
687 2948 819 3020 repetere
839 2945 987 3020 jusserit}
1032 2943 1082 3004 Sic
1103 2943 1256 3002 Palearius
1284 2961 1401 3020 quoquo
1424 2944 1472 3002 sui

244 3051 337 3112 seculi
359 3069 437 3110 anno
459 3051 591 3112 LXVIII
613 3050 772 3112 Mediolani
795 3052 955 3111 earundem
977 3069 1076 3110 rerum
1103 3050 1212 3110 iterum
1237 3055 1394 3110 accusatus
1417 3055 1471 3124 est,

244 3178 369 3237 quaurm
392 3160 461 3237 plus
484 3159 591 3237 viginti
613 3164 682 3219 ante
704 3159 790 3218 annis
810 3158 904 3218 Serae
927 3157 1080 3217 absolutus
1103 3158 1207 3217 fuerat
1252 3159 1473 3216 Accusarerant

244 3285 312 3326 eum
330 3267 394 3327 illic
416 3267 478 3326 bini
501 3268 650 3342 monaehi,
673 3285 742 3327 cum
765 3265 904 3343 plurimis
927 3264 1066 3324 fratribus
1085 3265 1149 3324 suis
1167 3265 1247 3324 haud
1265 3264 1376 3342 optima
1393 3263 1472 3341 apud
1581 3267 1582 3306 l

245 3374 390 3434 Senenses
423 3375 501 3433 fama
532 3373 678 3450 insignes,
710 3375 763 3434 sed
790 3373 859 3433 freti
888 3377 1091 3432 sacrosanctae
1118 3371 1324 3449 Inquisitionis
1351 3371 1471 3444 ariinio,

245 3499 320 3557 quae
342 3485 414 3540 tunc
436 3483 492 3541 sub
514 3481 722 3558 profanissimo
745 3499 821 3558 papa
838 3479 996 3540 Paulossl.
1016 3498 1070 3557 per
1089 3479 1233 3539 Caraffam
1251 3479 1337 3539 novis
1355 3479 1471 3556 legibus
1581 3529 1582 3534 ,

245 3587 376 3647 stabilita
397 3588 509 3647 recenti
526 3589 626 3648 furore
647 3605 711 3648 rem
733 3605 818 3647 suam
840 3606 927 3664 agere
949 3591 1091 3665 coeperat
1137 3587 1224 3647 Hane
1245 3587 1351 3647 acriter
1373 3605 1470 3663 repre

244 3695 374 3755 hendere
405 3713 497 3755 ausus
524 3695 675 3755 Palearius
706 3694 867 3755 orationem
898 3713 952 3772 pro
985 3713 1017 3755 se
1049 3695 1115 3772 ipso
1147 3694 1305 3771 scripserat
1332 3699 1362 3753 et
1389 3693 1471 3771 typis

244 3821 417 3880 expressam
439 3803 576 3863 ediderat
622 3802 800 3862 Plenissime
819 3801 912 3861 vietor
930 3802 1036 3877 evasit,
1059 3801 1307 3879 applaudentibus
1327 3800 1471 3876 piissimis

245 3911 515 3988 eruditissimisque
541 3909 626 3986 viris,
658 3910 796 3988 inprImis
824 3909 960 3969 Sadoleto
989 3909 1151 3984 Cardinali,
1185 3909 1236 3986 qui
1261 3909 1323 3986 jam
1350 3913 1382 3968 et
1408 3909 1473 3986 ipso

244 4019 474 4096 Inquisitoribus
512 4024 668 4096 suspectus
705 4018 808 4077 fuerat
867 4016 972 4095 Neque
1008 4017 1079 4076 inde
1116 4015 1249 4076 Paleario
1290 4015 1368 4074 mala
1404 4019 1473 4075 nota

245 4125 415 4186 adhaesisse
446 4126 570 4186 videtur.
625 4125 702 4184 Nam
732 4123 1027 4185 honorificentissime
1058 4123 1096 4184 ad
1133 4124 1275 4184 bonarum
1306 4123 1472 4182 litterarum
1581 4109 1582 4124 ³

354 4391 380 4460 l)
399 4389 437 4444 Le
456 4387 563 4460 general
586 4390 619 4444 do
643 4391 703 4444 tous
725 4405 774 4444 nos
797 4391 906 4443 auteurs
926 4419 959 4428 -
979 4386 1103 4442 dissitas.
1140 4385 1287 4442 Hamann’s
1305 4385 1407 4440 Werke
1425 4385 1472 4454 IV,

246 4479 306 4534 205.
344 4479 382 4533 CI.
402 4495 470 4548 quae
489 4495 571 4548 supra
589 4479 660 4534 diota
677 4481 741 4533 sunt
758 4479 784 4548 I,
803 4495 828 4548 p.
839 4479 865 4531 4.

353 4568 380 4636 2)
399 4568 503 4637 Raoire,
523 4569 619 4622 Gesob.
639 4569 687 4622 der
704 4567 802 4621 Piibsto
821 4568 845 4622 6.
861 4567 915 4634 cd,
934 4567 960 4634 I,
980 4566 1040 4620 233.
