3194 5042
261 271 313 326 174
798 268 886 323 Garun
904 267 952 322 VI.

259 473 400 532 haustum
421 472 464 531 ita
485 469 651 549 proposuit,
679 471 720 530 ud
742 469 812 530 inde
834 470 909 530 falsa
931 471 969 530 de
991 469 1226 530 Protestantibns
1248 471 1352 548 opinio
1376 472 1413 530 in
1438 477 1497 530 tur-

259 579 362 639 bidum
384 583 414 639 et
436 579 588 639 indoctum
611 577 816 656 episcoporum
839 594 962 637 sucrum
984 577 1094 653 vulgus
1116 577 1301 638 mdnndaret,
1349 576 1444 651 Quod
1468 585 1499 636 ut

259 691 399 765 appareat
429 689 524 746 totum
555 685 654 746 locum
687 684 737 745 hic
767 685 940 745 exscribam
991 685 1038 745 Ibi
1069 689 1227 764 postquam
1253 685 1335 763 Papa
1364 685 1499 745 salutem

259 794 400 855 ecclesiae
428 793 664 877 inThomistica
690 792 823 854 doctrina
849 793 976 870 positam
1004 797 1048 852 tot
1069 791 1247 852 testimoniis
1270 793 1499 866 monachomm,

259 901 487 976 academiarum,
511 901 702 976 Pontificum,
727 899 925 960 Consiliorum
948 901 1137 960 confirmasse
1161 900 1219 960 sibi
1242 901 1326 960 vistis
1343 907 1405 974 est,
1433 901 1500 960 lan·

259 1011 412 1070 dationum
438 1009 593 1070 cumulum
620 1008 652 1067 in
679 1009 795 1068 huncce
821 1008 943 1067 modum
971 1006 1054 1067 tacit:
1083 1007 1249 1082 ,Postremo
1276 1007 1348 1068 haec
1372 1027 1500 1086 quoque

261 1117 360 1195 palma
382 1117 445 1177 viro
467 1115 690 1194 incomparabili
713 1120 862 1175 reservata
884 1115 1050 1190 videbatur,
1073 1120 1108 1174 ut
1129 1115 1166 1174 ab
1188 1114 1264 1191 ipsis
1282 1114 1423 1175 catholici
1445 1135 1498 1176 no-

260 1225 351 1284 minis
374 1223 550 1284 adversariis
569 1222 722 1300 obsequia,
744 1222 912 1300 praeconia,
935 1221 1158 1314 admirationem
1178 1226 1375 1300 extorqueret
1414 1221 1497 1282 Nam
1575 1301 1576 1312 ,

260 1331 447 1410 exploratum
470 1335 529 1407 est,
553 1331 630 1391 inter
652 1329 865 1390 haeretioamnn
888 1329 1051 1390 lechonem
1072 1330 1164 1390 duces
1186 1347 1246 1389 non
1268 1330 1414 1404 defuisse,
1441 1332 1495 1408 qui

261 1439 361 1517 palam
382 1439 602 1517 profiterentur,
627 1437 741 1498 sublata
760 1437 854 1498 semel
873 1455 890 1497 e
907 1437 1005 1497 medio
1019 1437 1156 1524 ¹doctrina
1174 1436 1303 1498 Thomas
1320 1437 1494 1514 equinatis,
1576 1483 1577 1502 ,

261 1565 293 1608 se
321 1545 408 1607 facile
434 1564 523 1624 pesse
549 1564 626 1606 cum
654 1545 819 1605 omnibus
846 1545 999 1605 catholicis
1026 1544 1193 1605 doctoribus
1225 1545 1348 1604 subire
1374 1551 1495 1604 certa·

260 1672 338 1714 men
370 1658 405 1714 et
435 1654 583 1714 vincere
609 1657 644 1714 et
671 1652 862 1713 ecelesiam
890 1652 1080 1730 dissipare.
1131 1652 1233 1712 Inanis
1261 1651 1383 1730 quidem
1412 1669 1494 1730 spes,

261 1762 313 1823 sed
335 1760 537 1821 testimonium
560 1778 620 1821 non
642 1761 752 1820 insne‘.

367 1867 435 1928 Non
461 1868 613 1928 divinabat
639 1867 732 1945 Papa,
765 1885 854 1946 quam
881 1868 970 1928 inane
996 1867 1062 1945 ipse
1088 1867 1137 1928 his
1163 1867 1321 1952 verborum
1348 1867 1495 1946 ampullis

261 1975 465 2036 testimonium
492 1975 599 2036 ederet.
647 1975 739 2052 Cujus
766 1976 810 2034 rei
837 1980 898 2034 tam
922 1975 1073 2052 singulare
1096 1993 1184 2054 quam
1208 1981 1322 2035 certum
1344 1975 1494 2035 iudicium

261 2084 374 2144 inscius
393 2084 458 2161 ipse
475 2082 585 2160 adjicit.
626 2083 674 2142 Ad
692 2083 781 2142 verba
800 2083 879 2142 enim
903 2082 968 2157 illa,
991 2081 1091 2160 qualia
1113 2083 1149 2142 ab
1172 2083 1385 2142 haereticorum
1408 2083 1493 2142 duci-

262 2192 318 2251 bus
340 2192 420 2251 dicta
441 2209 507 2251 esse
530 2190 694 2265 contendit,
723 2207 769 2266 ,se
792 2189 880 2250 facile
901 2207 990 2268 posse
1012 2208 1081 2250 oum
1103 2189 1240 2250 omnibus
1263 2189 1418 2250 catholicis
1440 2189 1493 2249 do-

264 2299 394 2359 ctoribus
413 2299 511 2359 subice
529 2300 690 2359 certamen‘
714 2302 782 2372 ete,
806 2297 837 2356 in
856 2297 988 2374 margine
1010 2297 1069 2357 duo
1087 2297 1207 2358 nomina
1223 2297 1364 2357 adscribit
1382 2297 1494 2358 lineola

261 2406 339 2466 inter
370 2423 402 2466 se
434 2407 603 2482 conjuncta:
642 2405 912 2480 ,Besa-Bucerus‘,
946 2423 1021 2482 quae
1050 2405 1184 2482 legentes
1216 2403 1327 2464 multos
1354 2405 1491 2466 indoctos

262 2514 427 2574 sacerdotes
450 2531 504 2589 pre
526 2513 617 2573 unius
640 2513 697 2572 viri
720 2511 838 2572 nomine
861 2512 1012 2572 habituros
1031 2529 1097 2572 esse
1115 2511 1297 2572 crediderim.
1339 2511 1493 2586 Quomodo

261 2621 326 2698 ipse
349 2620 409 2680 Leo
432 2620 612 2697 paucissima
634 2621 723 2680 rerba
744 2619 797 2678 illa
819 2619 921 2679 eadem
943 2620 980 2680 ah
1002 2625 1128 2698 auoque
1150 2620 1214 2680 viro
1241 2619 1386 2698 prodiisse
1413 2621 1494 2680 serio

210 2743 212 2746 ·
261 2731 346 2804 putet
372 2725 495 2786 difficile
521 2727 603 2786 dictu
631 2732 689 2801 est,
717 2727 917 2786 certissimum
939 2745 1026 2802 sero,
1054 2728 1143 2786 verba
1169 2727 1223 2786 illa
1249 2745 1346 2804 neque
1372 2745 1390 2786 a
1412 2727 1494 2787 Beas

261 2851 359 2912 nsque
386 2853 404 2893 a
431 2833 557 2908 Bucero,
591 2833 703 2912 quippe
730 2834 782 2912 qui
810 2835 965 2894 ecelesiam
991 2853 1052 2894 non
1078 2835 1224 2912 dissipare
1251 2834 1303 2894 sed
1334 2835 1494 2894 restituere

261 2941 421 3018 voluerint,
444 2941 523 3001 diota
545 2959 677 3020 unquam
699 2959 772 3002 esse.
818 2941 924 3002 Jubeat
946 2941 1098 3002 ministros
1121 2947 1151 3002 et
1178 2959 1279 3001 servos
1302 2959 1372 3002 suos
1392 2941 1493 3001 omnia

261 3050 355 3110 Bezas
373 3053 404 3110 et
422 3049 528 3110 Buceri
551 3049 662 3126 scripta
680 3049 816 3110 evolvere
834 3055 864 3110 et
881 3049 1063 3128 perquirere,
1087 3067 1121 3109 ea
1144 3067 1220 3128 quae
1238 3049 1302 3109 illic
1324 3049 1404 3109 diota
1422 3067 1492 3110 esse

260 3157 419 3218 affirmavit
441 3175 593 3234 nunquam
617 3157 777 3217 invenient
823 3157 929 3234 Itaque
950 3157 1052 3234 biceps
1074 3157 1127 3216 illc
1150 3155 1418 3232 ,Besa-Bucams‘,
1441 3157 1492 3217 eui

261 3281 354 3324 unum
377 3265 515 3342 idemque
537 3265 661 3324 verbum
683 3265 865 3338 attribuitur,
889 3281 989 3323 merus
1012 3264 1135 3339 mythus
1157 3269 1216 3340 est,
1240 3281 1329 3342 quem
1351 3263 1413 3324 Leo
1435 3283 1491 3342 pro

261 3371 400 3431 historiae
427 3370 593 3448 ignorantia
619 3389 678 3449 qua
699 3371 813 3430 laborat
836 3371 986 3448 specimen
1009 3371 1182 3431 historicum
1206 3389 1273 3432 esse
1295 3375 1387 3448 putat
1435 3371 1491 3431 Oe·

260 3483 357 3538 terum
384 3497 445 3537 non
471 3496 575 3538 recens
601 3496 670 3538 eum
697 3479 800 3539 lictum
826 3479 977 3554 existimo,
1010 3479 1063 3538 sed
1090 3497 1129 3539 ex
1155 3483 1388 3539 commentorum
1411 3479 1491 3554 ejus·

260 3585 339 3645 medi
367 3586 591 3663 promptuariis,
619 3585 727 3664 quibus
754 3586 886 3646 Romana
912 3585 1037 3646 eeclesia
1063 3586 1206 3662 abundat,
1239 3591 1427 3664 praepostere
1453 3587 1491 3646 ab

260 3692 312 3752 illo
336 3697 366 3753 et
383 3692 543 3752 infeliciter
565 3693 781 3772 depromptum.
826 3693 991 3754 Infeliciter
1013 3693 1091 3768 dico,
1115 3694 1185 3772 quia
1207 3693 1321 3754 inscius
1343 3711 1403 3754 non
1426 3699 1490 3754 tan-

260 3806 325 3860 tum
354 3799 512 3860 nebulonis
539 3801 694 3878 cujusdam
720 3805 807 3861 vetus
834 3801 1020 3861 mendacium
1050 3800 1134 3860 velut
1159 3802 1286 3876 recoxit,
1317 3819 1422 3860 verum
1448 3802 1491 3860 ita

261 3907 352 3968 simul
378 3907 570 3968 falsissimam
592 3907 882 3986 insulsissimamque
909 3909 1035 3969 indoctis
1058 3907 1206 3986 episcopis
1229 3909 1293 3968 sais
1320 3909 1489 3986 opinionem

260 4016 375 4092 injecit,
408 4015 492 4094 quasi
524 4015 594 4076 talis
622 4015 740 4094 qualem
771 4015 896 4076 ridicule
926 4015 1061 4094 depingit
1092 4016 1212 4075 omnine
1243 4019 1323 4076 esset
1354 4016 1386 4074 in
1409 4015 1489 4092 judi-

260 4123 354 4184 oando
377 4123 489 4183 Thema
510 4123 742 4184 Protestantium
764 4124 851 4200 ratio,
879 4141 969 4202 quam
995 4141 1117 4201 prorsus
1139 4122 1228 4183 aliam
1255 4141 1373 4200 semper
1395 4123 1489 4184 luisse

261 4247 352 4307 supra
391 4231 666 4292 demonstravimus.
726 4230 808 4306 Quae
847 4233 946 4291 omnia
983 4231 1151 4293 Christiano
1187 4236 1217 4291 et
1254 4230 1489 4292 Christianorum

260 4337 378 4398 doctore
404 4337 614 4414 indignissima
640 4338 793 4416 evitasset,
825 4339 996 4415 dummodo,
1024 4357 1100 4418 quae
1126 4339 1163 4399 ad
1189 4338 1362 4399 universum
1389 4339 1489 4399 orbem

259 4444 570 4506 Romanocatholicum
592 4446 757 4524 scriptume
780 4451 853 4524 erat,
876 4447 1041 4508 accuratius
1063 4452 1150 4508 antea
1172 4451 1202 4508 et
1223 4445 1394 4524 religiosius
1416 4465 1489 4525 pon·

260 4551 400 4614 derasset.
