3202 5058
166 440 203 486 tas
223 432 370 492 Catholiea‘
399 443 529 496 veterem
556 441 776 512 Inquisitiouem
802 449 834 498 ut
863 441 1000 512 ,sublime
1022 441 1209 514 perlectioms
1237 443 1351 502 uncinis

163 539 349 606 maulam·
370 541 518 614 celebrat,
543 544 618 616 qnod
634 545 798 618 quicunque
814 553 955 618 spernat
975 547 1169 604 mereamim
1189 561 1350 604 exeommu-

160 639 283 700 nicationi
298 661 365 704 snae
384 649 514 718 corporis
532 647 702 707 verberibus
719 655 749 708 et
767 651 886 722 capitali
900 667 996 723 poena
1010 649 1148 708 adhibitis
1165 651 1221 708 τίω
1240 651 1349 710 addae

158 751 261 820 retent,
280 750 338 808 sire
359 751 521 824 philosophi
543 754 605 811 sive
625 754 754 827 theologi
766 761 850 824 sut,
873 756 934 812 sire
950 753 1149 814 Ptotettanteu
1168 756 1228 812 rire
1244 753 1350 814 Catho-

155 848 213 920 lici,
234 861 344 912 cunctes
365 855 505 914 aduersus
527 857 622 915 Deum
645 859 773 916 rebelles
792 875 857 918 esse
880 857 1038 918 declarat¹
1085 857 1153 916 lude
1169 859 1350 930 intellegitur

153 953 216 1024 quid
236 957 285 1014 sibi
303 959 425 1017 voluerit
445 961 513 1019 Pius
531 961 597 1034 lx,
616 979 704 1034 quum
725 963 905 1022 tanim
926 963 1042 1036 ingemo
1060 963 1216 1034 matus
1238 962 1349 1034 syllaho

152 1073 199 1114 suo
222 1061 418 1122 condemnaret
441 1065 516 1122 hanc
537 1066 647 1123 thesin:
670 1066 822 1140 ,Ecclesia
844 1069 887 1126 ris
909 1065 1080 1124 inlerendae
1102 1071 1274 1138 petesutm
1290 1081 1348 1124 uon

61 1203 62 1228 l
151 1161 245 1236 habet,
273 1183 365 1240 neque
398 1174 572 1241 potestatem
596 1171 684 1228 ullam
710 1171 914 1244 temporalem,
937 1169 1080 1228 dhecmm
1109 1175 1139 1228 et
1160 1169 1349 1230 mdirectmf

60 1271 61 1292 l
150 1265 258 1326 Scilicet
283 1288 336 1343 pro
364 1273 441 1330 uirili
465 1281 551 1347 parte
579 1275 637 1332 vim
658 1273 769 1334 inferre
791 1275 947 1334 haereticis
976 1274 1037 1346 ipse
1062 1271 1185 1332 volebat.
1228 1273 1349 1344 Ingenio

57 1393 59 1440 4
148 1371 195 1428 illo
217 1375 385 1450 inspiratus,
414 1377 439 1435 si
465 1380 617 1452 potuisset,
640 1381 710 1438 lieet
732 1379 830 1438 indole
854 1378 1083 1452 bempnisdmus,
1106 1383 1263 1436 mammet
1279 1376 1349 1436 hae·

147 1477 247 1536 reticos
276 1497 338 1537 cum
373 1489 472 1541 macte
506 1501 558 1542 sno
591 1483 644 1542 Pio
666 1485 718 1559 V.,
750 1501 835 1558 quem
865 1499 1010 1556 nunquam
1042 1497 1078 1554 ,a
1107 1482 1245 1541 limitibus
1277 1497 1347 1540 suae

145 1585 290 1653 ΝΜ
310 1587 482 1646 τεεθωεείεεθι
505 1587 615 1648 diserte
630 1587 795 1648 affimavit.
828 1587 904 1646 lllnd
920 1587 998 1646 enim
1013 1584 1077 1646 heri
1091 1585 1176 1644 hodie
1192 1603 1250 1646 nou
1264 1601 1348 1658 posse

144 1684 275 1746 dolebant
295 1688 400 1762 ubique
421 1691 601 1750 Jesuitarmn
624 1694 795 1766 coryphaei,
819 1693 868 1765 cini
890 1708 954 1750 oum
981 1707 1092 1750 ueneno
1110 1707 1162 1748 sno
1185 1691 1273 1748 etiam
1296 1705 1350 1760 per

143 1791 283 1850 austriam
309 1801 341 1852 et
363 1794 549 1854 Germaniam
574 1799 746 1870 serpebant,
775 1797 920 1856 rabiosam
943 1797 1116 1854 sententiam
1137 1793 1221 1853 modo
1243 1793 1348 1852 oallide

143 1897 281 1970 celantes,
313 1900 397 1958 modo
427 1901 567 1960 audacter
592 1904 749 1976 jactantes.
794 1900 842 1960 Sic
871 1901 1002 1960 Viennae
1031 1899 1209 1958 Schraderns
1234 1897 1349 1956 lesnita

142 2000 332 2076 praedicarit,
365 2021 424 2063 non
458 2012 571 2064 tantum
604 2008 730 2080 ammas,
767 2006 820 2064 sed
855 2007 942 2062 etiam
975 2009 1095 2076 corpora
1125 2003 1257 2074 subjecta
1283 2017 1348 2060 esse

142 2104 307 2166 eeclesiae.²
362 2110 410 2168 Sic
442 2110 519 2184 apud
552 2112 692 2170 Borussoe
729 2111 885 2170 Rhenanus
918 2107 1154 2168 Schneemannns
1184 2105 1350 2179 deploravit

141 2211 292 2273 ,nahum
312 2214 480 2288 hominnm,‘
499 2231 557 2289 qna
577 2213 676 2288 fieret,
707 2223 739 2272 ut
761 2215 818 2290 ‚vis
840 2213 976 2286 physicae
999 2226 1212 2284 poenarumque
1234 2215 1348 2282 tempo·
1460 2245 1472 2270 e

139 2314 255 2386 ralinm,
281 2333 401 2389 quarum
424 2321 469 2391 jus
492 2337 584 2392 penes
606 2321 761 2380 ecclesiam
785 2323 879 2390 esset,
910 2317 956 2374 vix
978 2330 1084 2388 parvae
1104 2315 1244 2389 reliquiae
1267 2313 1349 2372 adhi-

138 2419 200 2476 beri
237 2422 383 2495 possent3‘
419 2423 631 2483 commendarit
675 2429 774 2482 tamen
818 2421 910 2480 instes
949 2427 980 2478 et
1016 2419 1130 2480 similia
1188 2417 1350 2480 Hauriehat

138 2525 281 2596 sapientia
308 2528 428 2586 consilia
450 2545 503 2586 sun
524 2547 560 2588 ex
583 2529 680 2586 aulica
702 2528 800 2602 Papae
823 2525 1024 2600 ephemeride,
1046 2541 1152 2600 magna
1172 2527 1223 2586 illa
1244 2525 1350 2584 veneni

136 2627 258 2702 fabrica,
280 2631 330 2688 ubi
347 2631 502 2692 fortissime
519 2635 662 2692 ecclesiae
679 2635 727 2706 jus
743 2631 918 2690 vindicatum
934 2636 998 2688 erat
1019 2631 1173 2704 ,operandi
1195 2633 1225 2692 in
1240 2633 1351 2703 eosqui

135 2733 346 2806 subjectionem
368 2737 485 2809 spiritns
508 2743 693 2812 recusarent,
715 2737 828 2796 scilicet
838 2735 981 2794 multandi
1004 2752 1053 2794 eos
1068 2736 1159 2806 honis,
1183 2735 1349 2798 macerandi

133 2839 345 2910 privationibus
382 2847 412 2900 et
446 2843 582 2916 jeiuniis,
612 2841 761 2916 affligendi
796 2857 914 2899 earcere
947 2845 978 2898 et
1005 2839 1171 2900 fustibus.‘⁸
1221 2842 1351 2914 Scriptor

134 2941 247 3000 addere
280 2961 338 3002 non
371 2945 569 3020 dubitaverat,
602 2948 679 3020 ,sine
714 2945 854 3020 ejusmodi
895 2946 1022 3004 externis
1050 2947 1165 3004 auxiliis
1196 2946 1349 3006 ecelesiam

133 3039 265 3124 (scilieet
290 3043 386 3130 suam)
413 3067 471 3108 non
496 3050 602 3110 dmare
629 3067 715 3124 pesse
744 3066 834 3122 usque
861 3048 898 3106 ad
925 3049 1196 3110 consummationem
1229 3049 1350 3120 seculi3‘

133 3151 241 3223 quibus
274 3153 370 3212 verbis
397 3171 429 3212 se
451 3155 683 3220 emmanitatis
712 3153 887 3212 christianae
913 3148 970 3210 fida
992 3167 1113 3210 vaenum
1144 3169 1207 3212 esse
1237 3151 1350 3210 conlea-

133 3272 186 3312 sns
205 3262 258 3313 eet
300 3258 403 3330 Itaque
425 3257 583 3333 Pontifieii,
618 3265 650 3318 nt
670 3275 750 3318 suam
775 3255 929 3316 ecclesiam
952 3261 1163 3332 sustentarent,
1186 3257 1348 3330 ubicunque

132 3360 232 3418 adhuc
258 3368 408 3434 poterant,
439 3362 509 3422 diris
539 3365 596 3422 illis
629 3363 744 3422 auxiliis
766 3361 930 3422 utebantur.
975 3359 1009 3420 ld
1029 3361 1116 3420 etiam
1138 3363 1169 3424 in
1192 3361 1349 3422 Germania

131 3467 215 3523 intra
247 3469 486 3526 monasteriorum
517 3469 695 3542 quorundam
729 3473 759 3526 et
790 3467 905 3528 aedium
942 3467 1117 3528 clericalium
1150 3487 1246 3530 muros
1275 3469 1348 3528 olant

132 3570 244 3628 sactum
274 3587 339 3630 esse
367 3573 481 3631 dicitnr.
531 3573 565 3631 In
593 3573 735 3646 Hispania
762 3577 793 3630 et
819 3572 905 3630 Italia
930 3572 1073 3646 prioribus
1096 3572 1142 3632 Pii
1174 3573 1349 3648 tenporibus

131 3673 273 3733 adversus
296 3693 362 3750 eos,
385 3679 434 3750 qui
449 3677 648 3750 evangelicam
668 3677 829 3736 doctrinam
846 3677 970 3751 amplexi
987 3685 1079 3750 erant,
1100 3677 1264 3738 foedissimo
1287 3691 1350 3734 oue

130 3795 203 3838 cere
227 3785 257 3837 et
281 3781 487 3840 crudelissimis
509 3781 707 3841 vexationibus
726 3781 841 3854 publice
857 3781 1087 3840 animadversum
1103 3787 1156 3840 ost.
1194 3779 1239 3838 Ad
1262 3779 1346 3838 tinem

224 4087 249 4152 1)
270 4087 364 4138 Civilia
382 4093 440 4138 catt.
462 4092 529 4138 teet
549 4087 570 4138 1.
590 4104 616 4154 p.
635 4091 698 4150 5553
722 4091 788 4136 tuot
810 4085 882 4136 VIIl.
901 4103 925 4150 p.
946 4089 1004 4136 288.

222 4175 249 4239 2)
269 4175 410 4234 Schrader,
429 4176 473 4224 dar
490 4175 571 4224 Pahst
588 4175 640 4224 und
658 4175 698 4224 die
716 4173 852 4223 modernam
870 4171 947 4226 Idoen
961 4187 986 4236 p.
1007 4173 1048 4220 tl.

221 4261 249 4326 ³)
269 4261 439 4323 ,Meltandoli
457 4261 524 4312 nelle
542 4269 673 4324 susanae,
694 4258 866 4311 munerandoli
884 4273 931 4308 oon
949 4253 1090 4322 privationi
1108 4271 1121 4306 e
1139 4255 1251 4322 dlpiunl,
1280 4257 1345 4308 attt-

126 4347 236 4415 gendoli
256 4365 304 4398 eon
327 4363 426 4399 carcere
445 4365 458 4399 e
478 4349 617 4400 battiture.‘
654 4347 709 4400 Cir.
730 4347 795 4398 Catt.
816 4349 883 4396 tiit
906 4343 964 4396 v11.
988 4361 1013 4410 p.
1033 4347 1083 4392 608
1102 4359 1136 4394 ns.
1172 4344 1346 4396 Sehnsemann

126 4439 172 4487 in:
196 4436 320 4486 summes
345 4437 490 4487 uusblaria
507 4435 673 4490 LaathlI.
694 4439 760 4484 1867
777 4449 802 4498 p.
818 4437 895 4484 lbra.
930 4431 967 4482 Gi.
986 4431 1068 4482 lanus
1087 4437 1159 4496 p.10
1176 4447 1211 4482 aa.
1247 4431 1346 4496 Huber,

127 4525 176 4574 dor
195 4523 421 4574 sauricen-orden
440 4539 464 4590 p.
486 4527 545 4574 ili.

1085 4603 1132 4672 4*
