3176 5064
644 329 732 384 Curua
750 330 799 384 ΠΙ.
1301 334 1336 388 33

102 423 360 433 ς-αῄ--οῄ
544 425 555 430 -
562 424 607 430 --
617 424 715 430 -—-—-.
987 427 1172 434 —----.-—.—-
1177 427 1335 434 ..—--——.-

216 531 372 604 Quaeritur
399 531 475 606 illic,
503 550 542 590 an
569 531 646 591 inter
673 533 825 592 ministros
853 533 998 609 evangelii
1026 533 1143 593 ordines
1172 541 1201 593 et
1228 535 1337 610 gradus

102 657 174 699 esse
197 656 318 698 necesse
338 639 385 698 eit.
433 637 642 698 Consideratnr
665 657 765 698 eomun
791 640 950 714 sententia,
974 641 1025 718 qui
1048 645 1182 715 monent,
1206 645 1338 718 ,propter

103 747 261 806 hominum
290 746 407 806 diversa
439 747 516 804 dona
543 746 763 824 multorumque
790 747 1021 808 imbecillitatem
1049 748 1244 808 necessariam
1272 766 1338 808 esee

105 853 322 930 inspectionem
344 853 475 930 aliquam
497 853 730 930 prudentiorem,
759 859 893 930 oportere
914 872 981 914 esee
1003 859 1082 915 certa
1104 855 1168 915 loca
1191 860 1221 914 et
1243 860 1337 916 certas

106 979 249 1038 personae
273 961 405 1034 idoneae,
434 961 471 1019 ad
500 979 573 1038 quae
602 961 719 1038 negotia
745 962 911 1022 referantur
938 968 967 1022 et
990 962 1042 1022 illa
1064 963 1128 1022 loca
1150 963 1285 1039 personis
1308 969 1338 1023 et

106 1070 213 1146 opibus
237 1069 278 1127 ita
301 1069 446 1128 instructa
468 1086 535 1128 esse
558 1075 703 1145 oportere,
727 1073 761 1128 ut
784 1087 853 1147 spes
876 1071 929 1146 sit,
952 1075 1096 1148 quantum
1119 1071 1249 1130 humana
1270 1070 1337 1130 dili-

106 1177 207 1253 gentia
231 1176 376 1252 provideri
400 1176 507 1252 possit,
531 1177 675 1252 ejusmodi
699 1177 820 1254 politiae
839 1177 942 1238 multis
961 1177 1071 1238 seculis
1089 1195 1244 1238 mansuras
1262 1196 1336 1238 esse.

107 1282 205 1356 Quare
228 1283 296 1342 illos
319 1283 409 1358 velle,
432 1283 586 1360 episcopos
609 1301 676 1344 esee
695 1289 836 1362 tanquam
855 1285 980 1361 gradum
999 1303 1089 1362 supra
1106 1285 1237 1363 reliquos
1255 1303 1338 1362 pree-

106 1391 234 1466 byteroe.
285 1390 441 1467 Episcopis
468 1409 537 1450 vero
565 1409 640 1468 opus
663 1409 730 1451 esse
752 1392 852 1468 aliqua
878 1393 1044 1469 frequentia
1070 1393 1222 1452 doctorum
1245 1393 1338 1452 homi-

106 1516 180 1556 num
208 1497 244 1556 ad
272 1497 484 1556 ordinationem
507 1503 586 1558 recte
609 1499 814 1573 exercendam,
838 1499 875 1558 ad
894 1500 1044 1574 examina,
1066 1500 1102 1559 ad
1122 1500 1337 1560 iustitutionem

107 1605 350 1680 ordinandonrm,
382 1606 418 1664 ad
447 1606 658 1682 visitationem,
690 1606 727 1665 ad
751 1607 876 1684 judicia,
908 1607 1045 1683 consilia,
1077 1608 1114 1666 ad
1142 1608 1338 1684 scribendum,

106 1713 146 1772 ad
169 1713 343 1790 legationem
366 1713 403 1772 ad
426 1714 555 1789 synodos
579 1733 631 1774 eeu
660 1714 796 1790 concilia,
826 1715 904 1775 sicut
927 1716 1094 1790 Athanasii,
1123 1715 1240 1786 Basilii,
1267 1719 1338 1776 Am-

107 1821 212 1895 brosii,
237 1821 398 1897 Augustini
417 1825 448 1880 et
470 1821 614 1880 similium
632 1821 830 1882 ordinationes
853 1823 958 1900 plenae
982 1823 1092 1882 luerint
1114 1822 1338 1900 occupationum

108 1933 139 1986 et
161 1927 270 1986 multas
293 1928 433 1988 ecclesias
456 1928 628 2005 complexae
651 1928 717 1988 sint.
768 1929 838 1989 Ideo
866 1947 986 1990 censere
1009 1929 1139 1989 eruditos
1158 1929 1226 1988 illos
1245 1929 1338 1990 homi-

108 2053 176 2109 nes,
200 2035 364 2094 necessario
383 2040 567 2111 praesentem
583 2035 716 2113 politiam
735 2036 939 2113 episcoporum
958 2036 1141 2096 retinendam
1160 2054 1239 2113 esee3
1263 2055 1339 2113 quae

109 2143 136 2200 si
159 2142 365 2219 dissiparetur,
388 2147 556 2203 secuturam
579 2161 646 2202 esse
669 2143 830 2202 barbariem
854 2147 884 2202 et
907 2143 1032 2202 multam
1054 2143 1239 2203 vastitatem.t

217 2249 330 2324 Quibus
363 2251 500 2310 omnibus
532 2250 642 2310 similia
673 2251 815 2310 Emsmus
844 2251 907 2326 jam
944 2251 1037 2312 multo
1068 2256 1137 2310 ante
1168 2251 1362 2328 protulerat.-

108 2358 157 2416 Ad
179 2358 252 2418 haec
274 2358 366 2434 igitur
388 2358 418 2416 in
442 2357 542 2418 libello
566 2375 655 2435 quem
678 2357 808 2418 diximus
832 2358 1039 2435 respondetur:
1069 2357 1144 2434 ,Neo
1166 2359 1252 2418 uobis
1275 2359 1338 2436 pla-

109 2471 178 2525 cent
209 2465 417 2542 dissipationes
450 2465 619 2542 politianrm
645 2471 697 2525 aut
725 2466 984 2542 gubernationum,
1016 2471 1047 2526 et
1073 2466 1160 2526 raldo
1193 2471 1339 2543 optamus,

110 2578 144 2631 ut
171 2573 301 2650 episcopi
329 2577 359 2632 et
386 2573 516 2650 collegae
543 2573 764 2650 gubernationis
791 2574 1009 2634 ecclesiasticae
1036 2592 1104 2634 vere
1131 2573 1242 2633 iaciant
1269 2592 1341 2633 suae

111 2681 271 2740 vocationis
303 2681 406 2740 officia.
460 2681 500 2740 nt
531 2681 561 2740 in
594 2699 629 2741 eo
660 2699 731 2742 casu
768 2680 918 2741 offerimus
955 2681 1169 2742 oboedientiam
1200 2685 1339 2755 nostram,

110 2771 249 2847 uidelicet
280 2789 306 2848 ei
338 2788 475 2848 desinent
502 2807 568 2848 esse
600 2790 699 2848 hostes
726 2808 813 2849 verae
845 2789 1007 2865 doctrinae,
1039 2808 1128 2866 quam
1161 2789 1341 2866 profitemur,

110 2913 166 2954 nco
188 2899 276 2956 erunt
298 2895 417 2970 tyranni
444 2901 475 2956 ct
502 2897 664 2972 parricidae
692 2897 807 2973 piorum
835 2901 865 2956 et
892 2897 1129 2957 calamitosorum
1157 2897 1341 2956 sacerdotum

111 3007 285 3062 nostrorum.
316 3037 356 3046 -
386 3002 418 3062 Si
446 3020 516 3062 vero
543 3003 688 3080 episcopi,
720 3009 755 3062 ut
787 3004 944 3078 hactenus,
977 3003 1018 3062 ita
1050 3003 1189 3079 deinceps
1222 3002 1342 3062 hostilia

111 3109 221 3170 facient
243 3115 344 3170 contra
366 3110 541 3184 doctrinam,
570 3127 660 3186 quam
682 3111 867 3186 profitemur,
890 3110 974 3170 nulla
996 3109 1103 3187 poterit
1125 3109 1203 3167 inter
1224 3108 1293 3168 illos
1312 3113 1342 3168 et

112 3221 229 3278 nostros
253 3217 417 3278 sacerdotes
440 3223 470 3276 et
493 3217 626 3278 doctores
649 3217 714 3276 fiori
736 3217 898 3276 concordia.
946 3216 1023 3291 Quid
1047 3233 1115 3274 vero
1134 3215 1290 3292 Principes
1312 3221 1342 3274 et

112 3325 225 3401 politici
248 3325 458 3401 gubematorcs
482 3325 587 3386 tacturi
612 3325 686 3398 sint,
710 3324 785 3400 ipsis
808 3323 1023 3401 relinquimus.‘

221 3431 302 3492 Haec
321 3433 473 3492 hactenus.
521 3431 601 3506 Quae
620 3437 654 3490 nt
673 3431 755 3508 juste
777 3436 808 3490 et
829 3449 923 3508 aeque
942 3431 1126 3508 judicentur,
1149 3430 1341 3490 reminiscen-

112 3539 183 3598 dum
212 3544 270 3614 eet,
300 3539 429 3599 sindlem
457 3539 550 3599 irrisae
576 3545 666 3616 atque
694 3537 780 3598 Sedis
807 3538 956 3598 Romanae
979 3537 1100 3598 Sedinm
1129 3537 1343 3616 episcopalium

113 3652 143 3706 et
165 3647 461 3724 archiepiscopalium
479 3647 705 3724 corruptionem.
752 3646 864 3706 Fodem
883 3663 973 3721 anno,
997 3665 1056 3724 quo
1074 3646 1224 3705 Lutberus
1242 3643 1343 3703 libello

114 3753 160 3811 illi
192 3754 380 3831 subscripsit,
418 3759 551 3814 mortuus
589 3759 635 3814 est
666 3754 891 3831 potentissimus
928 3753 993 3829 ejus
1025 3757 1093 3830 post
1126 3753 1280 3812 Caesarem
1312 3749 1344 3808 in

115 3860 271 3920 Germania
297 3861 483 3922 adversarius
511 3862 666 3935 ,Albertue
693 3879 732 3920 ex
758 3859 942 3920 nobilissima
970 3859 1062 3936 stirpe
1085 3857 1344 3932 Brandenburgica

114 3967 270 4042 oriundus,
301 3969 542 4046 archiepiscopus
574 3967 766 4044 Mogontinus
798 3973 828 4027 et
859 3966 1119 4042 Magdeburgicus,
1157 3966 1344 4042 episcopatus

115 4073 396 4136 Helberetadticnsis
428 4077 570 4152 vicarius,
608 4073 773 4134 cardinalis
809 4078 840 4132 et
871 4073 1047 4134 Germaniae
1078 4073 1206 4146 Primae,
1243 4071 1345 4131 Sancti

115 4181 237 4259 Imperii
259 4181 377 4244 Elector
399 4189 429 4243 et
452 4181 744 4244 Amlrimnoellarius.
790 4180 931 4242 Summus
959 4179 1121 4258 quondam,
1149 4183 1184 4238 ut
1205 4178 1344 4252 vidimus,

115 4288 230 4349 Erasini
248 4290 405 4351 admirator
423 4292 531 4366 fuerat,
551 4289 684 4364 Hutteni,
704 4288 856 4365 Capitonis
875 4287 1001 4346 aliorum
1015 4287 1145 4346 virorum
1164 4285 1344 4344 eruditorum

116 4397 223 4472 fautor,
255 4397 442 4474 ingeniorum
470 4397 638 4458 aestimator
665 4397 730 4474 ipse
757 4395 877 4472 ingenio
906 4411 966 4454 non
994 4411 1110 4469 carone,
1143 4391 1288 4470 colloquio
1316 4397 1346 4451 et

115 4505 329 4564 consuetudine
351 4523 495 4582 perquam
514 4504 626 4580 suavis,
650 4505 759 4564 artium
777 4503 914 4580 inprimis
933 4502 1006 4562 artis
1024 4501 1241 4562 ecclesiasticae
1258 4504 1347 4578 atqua

116 4609 230 4670 decoris
253 4611 359 4671 domus
382 4611 451 4672 Dei‘
474 4612 711 4686 amantissimus,
735 4611 787 4670 sed
809 4611 845 4669 ab
868 4609 935 4686 ipsa
953 4609 1009 4670 Dei
1032 4609 1119 4668 domo
1137 4613 1167 4668 et
1185 4626 1202 4667 a
1222 4607 1347 4685 pastoris

161 4729 386 4782 Scblottnranni,
401 4731 503 4773 Erasmus
518 4730 630 4772 redivivos
644 4729 672 4772 11.
1170 4728 1187 4782 3
