<?xml version="1.0" encoding="UTF-8"?>
<!DOCTYPE html PUBLIC "-//W3C//DTD XHTML 1.0 Transitional//EN"
    "http://www.w3.org/TR/xhtml1/DTD/xhtml1-transitional.dtd">
<html xmlns="http://www.w3.org/1999/xhtml" xml:lang="en" lang="en">
 <head>
  <title>
</title>
<meta http-equiv="Content-Type" content="text/html;charset=utf-8" />
  <meta name='ocr-system' content='tesseract 3.04.00' />
  <meta name='ocr-capabilities' content='ocr_page ocr_carea ocr_par ocr_line ocrx_word'/>
</head>
<body>
  <div class='ocr_page' id='page_1' title='image "./erasmusredivivu00schlgoog_0425.png"; bbox 0 0 3176 5064; ppageno 0'>
   <div class='ocr_carea' id='block_1_1' title="bbox 223 229 911 283">
    <p class='ocr_par' dir='ltr' id='par_1_1' title="bbox 223 229 911 283">
     <span class='ocr_line' id='line_1_1' title="bbox 223 229 911 283; baseline 0.001 -3"><span class='ocrx_word' id='word_1_1' title='bbox 223 229 259 280; x_wconf 71' lang='lat' dir='ltr'><strong>ld</strong></span> <span class='ocrx_word' id='word_1_2' title='bbox 759 229 846 282; x_wconf 68' lang='lat' dir='ltr'><strong>Carra</strong></span> <span class='ocrx_word' id='word_1_3' title='bbox 865 230 911 283; x_wconf 80' lang='lat' dir='ltr'><strong>lv.</strong></span> 
     </span>
    </p>
   </div>
   <div class='ocr_carea' id='block_1_2' title="bbox 465 323 1458 332">
    <p class='ocr_par' dir='ltr' id='par_1_2' title="bbox 465 323 1458 332">
     <span class='ocr_line' id='line_1_2' title="bbox 465 323 1458 332; baseline 0 -2"><span class='ocrx_word' id='word_1_4' title='bbox 465 323 481 330; x_wconf 72' lang='lat'><em>-</em></span> <span class='ocrx_word' id='word_1_5' title='bbox 499 324 608 330; x_wconf 79' lang='lat'><em>.----..-—</em></span> <span class='ocrx_word' id='word_1_6' title='bbox 618 325 752 330; x_wconf 82' lang='lat'><strong>-——</strong></span> <span class='ocrx_word' id='word_1_7' title='bbox 769 325 783 330; x_wconf 88' lang='lat'><strong>..</strong></span> <span class='ocrx_word' id='word_1_8' title='bbox 825 325 831 330; x_wconf 85' lang='lat'>.</span> <span class='ocrx_word' id='word_1_9' title='bbox 846 325 904 332; x_wconf 80' lang='lat'><em>--.-</em></span> <span class='ocrx_word' id='word_1_10' title='bbox 926 325 1458 332; x_wconf 65' lang='lat'>---—-.——-—-————--——</span> 
     </span>
    </p>
   </div>
   <div class='ocr_carea' id='block_1_3' title="bbox 223 431 1463 2223">
    <p class='ocr_par' dir='ltr' id='par_1_3' title="bbox 223 431 1463 1584">
     <span class='ocr_line' id='line_1_3' title="bbox 224 431 1462 510; baseline -0.002 -18"><span class='ocrx_word' id='word_1_11' title='bbox 224 431 377 492; x_wconf 86' lang='lat' dir='ltr'><strong>Germanis</strong></span> <span class='ocrx_word' id='word_1_12' title='bbox 400 431 671 491; x_wconf 57' lang='lat' dir='ltr'><strong>adnuntiabantur]</strong></span> <span class='ocrx_word' id='word_1_13' title='bbox 718 432 824 492; x_wconf 85' lang='lat' dir='ltr'><strong>Curiae</strong></span> <span class='ocrx_word' id='word_1_14' title='bbox 850 439 940 510; x_wconf 90' lang='lat' dir='ltr'><strong>atque</strong></span> <span class='ocrx_word' id='word_1_15' title='bbox 968 433 1193 508; x_wconf 81' lang='lat' dir='ltr'><strong>magistratuum</strong></span> <span class='ocrx_word' id='word_1_16' title='bbox 1218 433 1414 510; x_wconf 79' lang='lat' dir='ltr'><strong>quonmuam</strong></span> <span class='ocrx_word' id='word_1_17' title='bbox 1438 434 1462 492; x_wconf 83' lang='lat' dir='ltr'><strong>ei</strong></span> 
     </span>
     <span class='ocr_line' id='line_1_4' title="bbox 223 539 1463 617; baseline 0 -19"><span class='ocrx_word' id='word_1_18' title='bbox 223 541 446 616; x_wconf 73' lang='lat' dir='ltr'><strong>otrsoprcntinm</strong></span> <span class='ocrx_word' id='word_1_19' title='bbox 476 539 604 599; x_wconf 76' lang='lat' dir='ltr'><strong>furorem</strong></span> <span class='ocrx_word' id='word_1_20' title='bbox 633 540 694 616; x_wconf 88' lang='lat' dir='ltr'><strong>jam</strong></span> <span class='ocrx_word' id='word_1_21' title='bbox 722 541 833 616; x_wconf 86' lang='lat' dir='ltr'><strong>passim</strong></span> <span class='ocrx_word' id='word_1_22' title='bbox 862 541 950 599; x_wconf 88' lang='lat' dir='ltr'><strong>etiam</strong></span> <span class='ocrx_word' id='word_1_23' title='bbox 980 541 1086 617; x_wconf 78' lang='lat' dir='ltr'><strong>privati</strong></span> <span class='ocrx_word' id='word_1_24' title='bbox 1114 541 1262 614; x_wconf 84' lang='lat' dir='ltr'><strong>homines,</strong></span> <span class='ocrx_word' id='word_1_25' title='bbox 1297 541 1371 600; x_wconf 85' lang='lat' dir='ltr'><strong>odio</strong></span> <span class='ocrx_word' id='word_1_26' title='bbox 1395 560 1463 598; x_wconf 76' lang='lat' dir='ltr'><strong>vere</strong></span> 
     </span>
     <span class='ocr_line' id='line_1_5' title="bbox 224 647 1462 725; baseline 0 -19"><span class='ocrx_word' id='word_1_27' title='bbox 224 647 368 706; x_wconf 86' lang='lat' dir='ltr'><strong>Cainitico</strong></span> <span class='ocrx_word' id='word_1_28' title='bbox 391 647 579 720; x_wconf 87' lang='lat' dir='ltr'><strong>inflammati,</strong></span> <span class='ocrx_word' id='word_1_29' title='bbox 608 648 692 725; x_wconf 85' lang='lat' dir='ltr'><strong>sequi</strong></span> <span class='ocrx_word' id='word_1_30' title='bbox 715 655 883 724; x_wconf 68' lang='lat' dir='ltr'><strong>caeperunt„</strong></span> <span class='ocrx_word' id='word_1_31' title='bbox 929 647 1048 723; x_wconf 80' lang='lat' dir='ltr'>Ingenti</span> <span class='ocrx_word' id='word_1_32' title='bbox 1072 649 1190 707; x_wconf 90' lang='lat' dir='ltr'><strong>horrore</strong></span> <span class='ocrx_word' id='word_1_33' title='bbox 1213 649 1375 707; x_wconf 87' lang='lat' dir='ltr'><strong>hominum</strong></span> <span class='ocrx_word' id='word_1_34' title='bbox 1399 650 1462 706; x_wconf 84' lang='lat' dir='ltr'><strong>ani·</strong></span> 
     </span>
     <span class='ocr_line' id='line_1_6' title="bbox 223 755 1462 832; baseline -0.001 -18"><span class='ocrx_word' id='word_1_35' title='bbox 223 773 287 814; x_wconf 88' lang='lat' dir='ltr'><strong>mos</strong></span> <span class='ocrx_word' id='word_1_36' title='bbox 306 755 420 813; x_wconf 85' lang='lat' dir='ltr'><strong>Allousi</strong></span> <span class='ocrx_word' id='word_1_37' title='bbox 441 755 513 814; x_wconf 84' lang='lat' dir='ltr'><strong>Diaa</strong></span> <span class='ocrx_word' id='word_1_38' title='bbox 528 755 654 831; x_wconf 84' lang='lat' dir='ltr'>Hispani</span> <span class='ocrx_word' id='word_1_39' title='bbox 674 755 771 814; x_wconf 87' lang='lat' dir='ltr'><strong>scelus</strong></span> <span class='ocrx_word' id='word_1_40' title='bbox 795 756 825 814; x_wconf 90' lang='lat' dir='ltr'><strong>in</strong></span> <span class='ocrx_word' id='word_1_41' title='bbox 846 755 912 832; x_wconf 89' lang='lat' dir='ltr'><strong>ipsa</strong></span> <span class='ocrx_word' id='word_1_42' title='bbox 926 755 1084 816; x_wconf 83' lang='lat' dir='ltr'><strong>Germania</strong></span> <span class='ocrx_word' id='word_1_43' title='bbox 1101 757 1295 815; x_wconf 85' lang='lat' dir='ltr'><strong>commissum</strong></span> <span class='ocrx_word' id='word_1_44' title='bbox 1315 757 1462 832; x_wconf 85' lang='lat' dir='ltr'><strong>pertudit</strong></span> 
     </span>
     <span class='ocr_line' id='line_1_7' title="bbox 223 861 1462 940; baseline 0.001 -20"><span class='ocrx_word' id='word_1_45' title='bbox 223 863 275 940; x_wconf 90' lang='lat' dir='ltr'><strong>qui</strong></span> <span class='ocrx_word' id='word_1_46' title='bbox 298 861 439 920; x_wconf 85' lang='lat' dir='ltr'><strong>loannem</strong></span> <span class='ocrx_word' id='word_1_47' title='bbox 468 863 601 936; x_wconf 80' lang='lat' dir='ltr'><strong>fratrem,</strong></span> <span class='ocrx_word' id='word_1_48' title='bbox 635 863 730 920; x_wconf 79' lang='lat' dir='ltr'><strong>virum</strong></span> <span class='ocrx_word' id='word_1_49' title='bbox 755 863 883 921; x_wconf 89' lang='lat' dir='ltr'><strong>nobilem</strong></span> <span class='ocrx_word' id='word_1_50' title='bbox 910 869 941 922; x_wconf 87' lang='lat' dir='ltr'><strong>et</strong></span> <span class='ocrx_word' id='word_1_51' title='bbox 967 863 1131 937; x_wconf 81' lang='lat' dir='ltr'><strong>enrditum,</strong></span> <span class='ocrx_word' id='word_1_52' title='bbox 1163 881 1256 940; x_wconf 92' lang='lat' dir='ltr'><strong>quum</strong></span> <span class='ocrx_word' id='word_1_53' title='bbox 1278 863 1318 922; x_wconf 86' lang='lat' dir='ltr'><strong>ab</strong></span> <span class='ocrx_word' id='word_1_54' title='bbox 1342 864 1462 938; x_wconf 69' lang='lat' dir='ltr'><strong>Argen-</strong></span> 
     </span>
     <span class='ocr_line' id='line_1_8' title="bbox 223 969 1461 1048; baseline 0 -20"><span class='ocrx_word' id='word_1_55' title='bbox 223 969 420 1028; x_wconf 86' lang='lat' dir='ltr'><strong>toratensibus</strong></span> <span class='ocrx_word' id='word_1_56' title='bbox 442 987 510 1029; x_wconf 92' lang='lat' dir='ltr'><strong>cum</strong></span> <span class='ocrx_word' id='word_1_57' title='bbox 534 969 646 1029; x_wconf 88' lang='lat' dir='ltr'><strong>Buccro</strong></span> <span class='ocrx_word' id='word_1_58' title='bbox 668 970 704 1028; x_wconf 89' lang='lat' dir='ltr'><strong>ad</strong></span> <span class='ocrx_word' id='word_1_59' title='bbox 728 988 837 1028; x_wconf 82' lang='lat' dir='ltr'><strong>novum</strong></span> <span class='ocrx_word' id='word_1_60' title='bbox 860 970 1040 1048; x_wconf 91' lang='lat' dir='ltr'><strong>colloquium</strong></span> <span class='ocrx_word' id='word_1_61' title='bbox 1064 971 1101 1029; x_wconf 93' lang='lat' dir='ltr'><strong>de</strong></span> <span class='ocrx_word' id='word_1_62' title='bbox 1124 970 1267 1046; x_wconf 84' lang='lat' dir='ltr'>religione</span> <span class='ocrx_word' id='word_1_63' title='bbox 1285 971 1461 1030; x_wconf 89' lang='lat' dir='ltr'><strong>habendum</strong></span> 
     </span>
     <span class='ocr_line' id='line_1_9' title="bbox 224 1077 1462 1155; baseline 0.002 -21"><span class='ocrx_word' id='word_1_64' title='bbox 224 1077 335 1136; x_wconf 88' lang='lat' dir='ltr'><strong>missus</strong></span> <span class='ocrx_word' id='word_1_65' title='bbox 367 1083 459 1151; x_wconf 77' lang='lat' dir='ltr'><strong>osset,</strong></span> <span class='ocrx_word' id='word_1_66' title='bbox 492 1077 626 1142; x_wconf 85' lang='lat' dir='ltr'><strong>reducem</strong></span> <span class='ocrx_word' id='word_1_67' title='bbox 660 1078 691 1136; x_wconf 93' lang='lat' dir='ltr'><strong>in</strong></span> <span class='ocrx_word' id='word_1_68' title='bbox 724 1077 830 1136; x_wconf 88' lang='lat' dir='ltr'><strong>itincre</strong></span> <span class='ocrx_word' id='word_1_69' title='bbox 856 1077 973 1136; x_wconf 81' lang='lat' dir='ltr'><strong>blandis</strong></span> <span class='ocrx_word' id='word_1_70' title='bbox 1000 1077 1185 1136; x_wconf 83' lang='lat' dir='ltr'><strong>sermonibus</strong></span> <span class='ocrx_word' id='word_1_71' title='bbox 1212 1078 1376 1154; x_wconf 83' lang='lat' dir='ltr'><strong>deoeptum</strong></span> <span class='ocrx_word' id='word_1_72' title='bbox 1407 1097 1462 1155; x_wconf 87' lang='lat' dir='ltr'><strong>per</strong></span> 
     </span>
     <span class='ocr_line' id='line_1_10' title="bbox 225 1183 1463 1262; baseline 0.002 -20"><span class='ocrx_word' id='word_1_73' title='bbox 225 1184 368 1242; x_wconf 81' lang='lat' dir='ltr'><strong>famulum</strong></span> <span class='ocrx_word' id='word_1_74' title='bbox 393 1185 487 1244; x_wconf 70' lang='lat' dir='ltr'><strong>securri</strong></span> <span class='ocrx_word' id='word_1_75' title='bbox 512 1185 702 1243; x_wconf 90' lang='lat' dir='ltr'><strong>occidendum</strong></span> <span class='ocrx_word' id='word_1_76' title='bbox 731 1185 858 1258; x_wconf 84' lang='lat' dir='ltr'><strong>curavit,</strong></span> <span class='ocrx_word' id='word_1_77' title='bbox 885 1185 992 1244; x_wconf 89' lang='lat' dir='ltr'><strong>deinde</strong></span> <span class='ocrx_word' id='word_1_78' title='bbox 1019 1204 1087 1244; x_wconf 79' lang='lat' dir='ltr'><strong>vero</strong></span> <span class='ocrx_word' id='word_1_79' title='bbox 1116 1183 1273 1262; x_wconf 88' lang='lat' dir='ltr'><strong>Oeniponti</strong></span> <span class='ocrx_word' id='word_1_80' title='bbox 1301 1193 1463 1262; x_wconf 74' lang='lat' dir='ltr'><strong>correptus</strong></span> 
     </span>
     <span class='ocr_line' id='line_1_11' title="bbox 224 1292 1463 1368; baseline 0.002 -19"><span class='ocrx_word' id='word_1_81' title='bbox 224 1297 314 1368; x_wconf 90' lang='lat' dir='ltr'><strong>atquc</strong></span> <span class='ocrx_word' id='word_1_82' title='bbox 339 1292 486 1368; x_wconf 86' lang='lat' dir='ltr'><strong>parricidii</strong></span> <span class='ocrx_word' id='word_1_83' title='bbox 510 1298 666 1352; x_wconf 86' lang='lat' dir='ltr'><strong>aecusatus</strong></span> <span class='ocrx_word' id='word_1_84' title='bbox 688 1299 718 1351; x_wconf 91' lang='lat' dir='ltr'><strong>et</strong></span> <span class='ocrx_word' id='word_1_85' title='bbox 741 1293 894 1353; x_wconf 81' lang='lat' dir='ltr'><strong>conuictus</strong></span> <span class='ocrx_word' id='word_1_86' title='bbox 921 1293 1122 1352; x_wconf 77' lang='lat' dir='ltr'><strong>intercedente</strong></span> <span class='ocrx_word' id='word_1_87' title='bbox 1144 1293 1286 1352; x_wconf 84' lang='lat' dir='ltr'><strong>Pontihce</strong></span> <span class='ocrx_word' id='word_1_88' title='bbox 1313 1293 1463 1352; x_wconf 80' lang='lat' dir='ltr'><strong>liberatus</strong></span> 
     </span>
     <span class='ocr_line' id='line_1_12' title="bbox 225 1399 1461 1478; baseline -0.001 -22"><span class='ocrx_word' id='word_1_89' title='bbox 225 1405 283 1472; x_wconf 88' lang='lat' dir='ltr'><strong>est,</strong></span> <span class='ocrx_word' id='word_1_90' title='bbox 306 1399 347 1456; x_wconf 87' lang='lat' dir='ltr'><strong>ita</strong></span> <span class='ocrx_word' id='word_1_91' title='bbox 371 1405 404 1457; x_wconf 90' lang='lat' dir='ltr'><strong>ut</strong></span> <span class='ocrx_word' id='word_1_92' title='bbox 426 1399 519 1458; x_wconf 85' lang='lat' dir='ltr'><strong>multo</strong></span> <span class='ocrx_word' id='word_1_93' title='bbox 542 1405 609 1476; x_wconf 88' lang='lat' dir='ltr'><strong>post</strong></span> <span class='ocrx_word' id='word_1_94' title='bbox 631 1418 727 1458; x_wconf 89' lang='lat' dir='ltr'><strong>coram</strong></span> <span class='ocrx_word' id='word_1_95' title='bbox 747 1399 926 1477; x_wconf 79' lang='lat' dir='ltr'><strong>Sepulvoda,</strong></span> <span class='ocrx_word' id='word_1_96' title='bbox 951 1401 1126 1478; x_wconf 87' lang='lat' dir='ltr'><strong>probissimo</strong></span> <span class='ocrx_word' id='word_1_97' title='bbox 1149 1401 1292 1476; x_wconf 79' lang='lat' dir='ltr'><strong>scriptore</strong></span> <span class='ocrx_word' id='word_1_98' title='bbox 1312 1399 1461 1477; x_wconf 73' lang='lat' dir='ltr'><strong>Hispano,</strong></span> 
     </span>
     <span class='ocr_line' id='line_1_13' title="bbox 224 1505 1043 1584; baseline 0.004 -21"><span class='ocrx_word' id='word_1_99' title='bbox 224 1505 339 1564; x_wconf 90' lang='lat' dir='ltr'><strong>lacinus</strong></span> <span class='ocrx_word' id='word_1_100' title='bbox 363 1511 502 1583; x_wconf 82' lang='lat' dir='ltr'><strong>tanquam</strong></span> <span class='ocrx_word' id='word_1_101' title='bbox 526 1525 588 1565; x_wconf 89' lang='lat' dir='ltr'><strong>rem</strong></span> <span class='ocrx_word' id='word_1_102' title='bbox 611 1507 685 1566; x_wconf 91' lang='lat' dir='ltr'><strong>bene</strong></span> <span class='ocrx_word' id='word_1_103' title='bbox 707 1513 819 1583; x_wconf 81' lang='lat' dir='ltr'><strong>geatam</strong></span> <span class='ocrx_word' id='word_1_104' title='bbox 844 1508 1043 1584; x_wconf 84' lang='lat' dir='ltr'><strong>gloriaretur.²</strong></span> 
     </span>
    </p>

    <p class='ocr_par' dir='ltr' id='par_1_4' title="bbox 223 1612 1460 2223">
     <span class='ocr_line' id='line_1_14' title="bbox 332 1612 1460 1692; baseline 0.001 -21"><span class='ocrx_word' id='word_1_105' title='bbox 332 1612 412 1672; x_wconf 88' lang='lat' dir='ltr'><strong>Haec</strong></span> <span class='ocrx_word' id='word_1_106' title='bbox 443 1613 541 1672; x_wconf 90' lang='lat' dir='ltr'><strong>omnia</strong></span> <span class='ocrx_word' id='word_1_107' title='bbox 568 1615 652 1672; x_wconf 90' lang='lat' dir='ltr'><strong>multi</strong></span> <span class='ocrx_word' id='word_1_108' title='bbox 682 1615 779 1674; x_wconf 92' lang='lat' dir='ltr'><strong>adhuc</strong></span> <span class='ocrx_word' id='word_1_109' title='bbox 808 1615 913 1675; x_wconf 82' lang='lat' dir='ltr'><strong>Curiae</strong></span> <span class='ocrx_word' id='word_1_110' title='bbox 945 1615 1074 1692; x_wconf 86' lang='lat' dir='ltr'><strong>patroni,</strong></span> <span class='ocrx_word' id='word_1_111' title='bbox 1108 1615 1155 1674; x_wconf 84' lang='lat' dir='ltr'><strong>vel</strong></span> <span class='ocrx_word' id='word_1_112' title='bbox 1188 1615 1369 1690; x_wconf 82' lang='lat' dir='ltr'><strong>ignorantia,</strong></span> <span class='ocrx_word' id='word_1_113' title='bbox 1412 1615 1460 1673; x_wconf 80' lang='lat' dir='ltr'><strong>rel</strong></span> 
     </span>
     <span class='ocr_line' id='line_1_15' title="bbox 224 1720 1460 1799; baseline 0.002 -21"><span class='ocrx_word' id='word_1_114' title='bbox 224 1720 375 1779; x_wconf 88' lang='lat' dir='ltr'><strong>mendacio</strong></span> <span class='ocrx_word' id='word_1_115' title='bbox 398 1721 602 1796; x_wconf 79' lang='lat' dir='ltr'><strong>conniventes,</strong></span> <span class='ocrx_word' id='word_1_116' title='bbox 626 1723 651 1780; x_wconf 91' lang='lat' dir='ltr'><strong>si</strong></span> <span class='ocrx_word' id='word_1_117' title='bbox 675 1741 734 1780; x_wconf 94' lang='lat' dir='ltr'><strong>non</strong></span> <span class='ocrx_word' id='word_1_118' title='bbox 758 1723 874 1799; x_wconf 88' lang='lat' dir='ltr'><strong>probari</strong></span> <span class='ocrx_word' id='word_1_119' title='bbox 897 1727 928 1781; x_wconf 89' lang='lat' dir='ltr'><strong>at</strong></span> <span class='ocrx_word' id='word_1_120' title='bbox 950 1741 987 1781; x_wconf 85' lang='lat' dir='ltr'><strong>ex</strong></span> <span class='ocrx_word' id='word_1_121' title='bbox 1011 1723 1160 1780; x_wconf 85' lang='lat' dir='ltr'><strong>communi</strong></span> <span class='ocrx_word' id='word_1_122' title='bbox 1183 1723 1341 1782; x_wconf 78' lang='lat' dir='ltr'><strong>universae</strong></span> <span class='ocrx_word' id='word_1_123' title='bbox 1373 1721 1460 1781; x_wconf 90' lang='lat' dir='ltr'><strong>illius</strong></span> 
     </span>
     <span class='ocr_line' id='line_1_16' title="bbox 223 1828 1460 1906; baseline 0.001 -20"><span class='ocrx_word' id='word_1_124' title='bbox 223 1828 328 1886; x_wconf 86' lang='lat' dir='ltr'><strong>aetatis</strong></span> <span class='ocrx_word' id='word_1_125' title='bbox 355 1847 450 1888; x_wconf 87' lang='lat' dir='ltr'><strong>errore</strong></span> <span class='ocrx_word' id='word_1_126' title='bbox 478 1829 613 1888; x_wconf 76' lang='lat' dir='ltr'><strong>cxcirsari</strong></span> <span class='ocrx_word' id='word_1_127' title='bbox 642 1847 728 1906; x_wconf 87' lang='lat' dir='ltr'><strong>posse</strong></span> <span class='ocrx_word' id='word_1_128' title='bbox 755 1835 869 1906; x_wconf 88' lang='lat' dir='ltr'><strong>putant.</strong></span> <span class='ocrx_word' id='word_1_129' title='bbox 916 1829 954 1888; x_wconf 82' lang='lat' dir='ltr'><strong>Et</strong></span> <span class='ocrx_word' id='word_1_130' title='bbox 981 1847 1083 1889; x_wconf 87' lang='lat' dir='ltr'><strong>revera</strong></span> <span class='ocrx_word' id='word_1_131' title='bbox 1108 1829 1171 1888; x_wconf 88' lang='lat' dir='ltr'><strong>alte</strong></span> <span class='ocrx_word' id='word_1_132' title='bbox 1198 1829 1287 1888; x_wconf 88' lang='lat' dir='ltr'><strong>etiam</strong></span> <span class='ocrx_word' id='word_1_133' title='bbox 1315 1835 1390 1888; x_wconf 89' lang='lat' dir='ltr'><strong>tunc</strong></span> <span class='ocrx_word' id='word_1_134' title='bbox 1414 1830 1460 1887; x_wconf 91' lang='lat' dir='ltr'><strong>in-</strong></span> 
     </span>
     <span class='ocr_line' id='line_1_17' title="bbox 224 1935 1459 2014; baseline 0 -20"><span class='ocrx_word' id='word_1_135' title='bbox 224 1935 361 1996; x_wconf 84' lang='lat' dir='ltr'><strong>haerebat</strong></span> <span class='ocrx_word' id='word_1_136' title='bbox 383 1936 543 1996; x_wconf 88' lang='lat' dir='ltr'><strong>multorum</strong></span> <span class='ocrx_word' id='word_1_137' title='bbox 567 1936 717 1994; x_wconf 93' lang='lat' dir='ltr'><strong>hominum</strong></span> <span class='ocrx_word' id='word_1_138' title='bbox 741 1936 849 1996; x_wconf 88' lang='lat' dir='ltr'><strong>animis</strong></span> <span class='ocrx_word' id='word_1_139' title='bbox 872 1937 961 1996; x_wconf 88' lang='lat' dir='ltr'><strong>medii</strong></span> <span class='ocrx_word' id='word_1_140' title='bbox 984 1937 1050 1996; x_wconf 81' lang='lat' dir='ltr'><strong>aevi</strong></span> <span class='ocrx_word' id='word_1_141' title='bbox 1073 1937 1187 2014; x_wconf 89' lang='lat' dir='ltr'><strong>opinio,</strong></span> <span class='ocrx_word' id='word_1_142' title='bbox 1210 1937 1295 2014; x_wconf 89' lang='lat' dir='ltr'><strong>quasi</strong></span> <span class='ocrx_word' id='word_1_143' title='bbox 1319 1937 1459 1995; x_wconf 87' lang='lat' dir='ltr'><strong>christia-</strong></span> 
     </span>
     <span class='ocr_line' id='line_1_18' title="bbox 224 2043 1458 2121; baseline 0.001 -19"><span class='ocrx_word' id='word_1_144' title='bbox 224 2061 279 2102; x_wconf 88' lang='lat' dir='ltr'><strong>nae</strong></span> <span class='ocrx_word' id='word_1_145' title='bbox 301 2044 369 2102; x_wconf 86' lang='lat' dir='ltr'><strong>fidei</strong></span> <span class='ocrx_word' id='word_1_146' title='bbox 393 2043 550 2120; x_wconf 83' lang='lat' dir='ltr'><strong>puritatem</strong></span> <span class='ocrx_word' id='word_1_147' title='bbox 569 2044 739 2104; x_wconf 88' lang='lat' dir='ltr'><strong>constitutis</strong></span> <span class='ocrx_word' id='word_1_148' title='bbox 758 2045 790 2102; x_wconf 93' lang='lat' dir='ltr'><strong>in</strong></span> <span class='ocrx_word' id='word_1_149' title='bbox 809 2045 971 2104; x_wconf 89' lang='lat' dir='ltr'><strong>haereticos</strong></span> <span class='ocrx_word' id='word_1_150' title='bbox 991 2044 1148 2121; x_wconf 82' lang='lat' dir='ltr'><strong>suppliciis</strong></span> <span class='ocrx_word' id='word_1_151' title='bbox 1168 2061 1284 2104; x_wconf 80' lang='lat' dir='ltr'><strong>serrare</strong></span> <span class='ocrx_word' id='word_1_152' title='bbox 1302 2045 1350 2103; x_wconf 87' lang='lat' dir='ltr'><strong>las</strong></span> <span class='ocrx_word' id='word_1_153' title='bbox 1369 2053 1458 2103; x_wconf 84' lang='lat' dir='ltr'><strong>esset</strong></span> 
     </span>
     <span class='ocr_line' id='line_1_19' title="bbox 224 2147 1459 2223; baseline 0.002 -17"><span class='ocrx_word' id='word_1_154' title='bbox 224 2149 435 2210; x_wconf 76' lang='lat' dir='ltr'><strong>Verumtamen</strong></span> <span class='ocrx_word' id='word_1_155' title='bbox 467 2169 526 2210; x_wconf 93' lang='lat' dir='ltr'><strong>non</strong></span> <span class='ocrx_word' id='word_1_156' title='bbox 558 2147 674 2210; x_wconf 79' lang='lat' dir='ltr'><strong>srusha&#39;</strong></span> <span class='ocrx_word' id='word_1_157' title='bbox 699 2157 800 2210; x_wconf 88' lang='lat' dir='ltr'><strong>contra</strong></span> <span class='ocrx_word' id='word_1_158' title='bbox 826 2152 907 2210; x_wconf 91' lang='lat' dir='ltr'><strong>huno</strong></span> <span class='ocrx_word' id='word_1_159' title='bbox 939 2169 1067 2211; x_wconf 86' lang='lat' dir='ltr'><strong>errorem</strong></span> <span class='ocrx_word' id='word_1_160' title='bbox 1099 2151 1241 2210; x_wconf 81' lang='lat' dir='ltr'><strong>Erasmus</strong></span> <span class='ocrx_word' id='word_1_161' title='bbox 1277 2159 1459 2223; x_wconf 68' lang='lat' dir='ltr'><strong>surrexerat,</strong></span> 
     </span>
    </p>
   </div>
   <div class='ocr_carea' id='block_1_4' title="bbox 224 2258 1560 2444">
    <p class='ocr_par' dir='ltr' id='par_1_5' title="bbox 224 2258 1560 2444">
     <span class='ocr_line' id='line_1_20' title="bbox 225 2258 1558 2336; baseline 0 -19"><span class='ocrx_word' id='word_1_162' title='bbox 225 2275 314 2335; x_wconf 86' lang='lat' dir='ltr'><strong>quem</strong></span> <span class='ocrx_word' id='word_1_163' title='bbox 342 2259 429 2317; x_wconf 89' lang='lat' dir='ltr'><strong>etiam</strong></span> <span class='ocrx_word' id='word_1_164' title='bbox 457 2258 489 2316; x_wconf 94' lang='lat' dir='ltr'><strong>in</strong></span> <span class='ocrx_word' id='word_1_165' title='bbox 517 2277 552 2318; x_wconf 91' lang='lat' dir='ltr'><strong>ea</strong></span> <span class='ocrx_word' id='word_1_166' title='bbox 573 2277 606 2318; x_wconf 90' lang='lat' dir='ltr'><strong>rc</strong></span> <span class='ocrx_word' id='word_1_167' title='bbox 629 2259 715 2318; x_wconf 89' lang='lat' dir='ltr'><strong>multi</strong></span> <span class='ocrx_word' id='word_1_168' title='bbox 748 2259 905 2320; x_wconf 86' lang='lat' dir='ltr'><strong>clarissimi</strong></span> <span class='ocrx_word' id='word_1_169' title='bbox 939 2265 969 2318; x_wconf 89' lang='lat' dir='ltr'><strong>et</strong></span> <span class='ocrx_word' id='word_1_170' title='bbox 1001 2258 1212 2336; x_wconf 81' lang='lat' dir='ltr'><strong>spectatissimi</strong></span> <span class='ocrx_word' id='word_1_171' title='bbox 1240 2258 1295 2316; x_wconf 88' lang='lat' dir='ltr'><strong>viri</strong></span> <span class='ocrx_word' id='word_1_172' title='bbox 1330 2259 1362 2316; x_wconf 93' lang='lat' dir='ltr'><strong>in</strong></span> <span class='ocrx_word' id='word_1_173' title='bbox 1391 2259 1459 2336; x_wconf 87' lang='lat' dir='ltr'><strong>ipsa</strong></span> <span class='ocrx_word' id='word_1_174' title='bbox 1557 2266 1558 2288; x_wconf 67' lang='lat'>¹</span> 
     </span>
     <span class='ocr_line' id='line_1_21' title="bbox 224 2365 1560 2444; baseline -0.001 -21"><span class='ocrx_word' id='word_1_175' title='bbox 224 2365 322 2440; x_wconf 84' lang='lat' dir='ltr'><strong>Italia,</strong></span> <span class='ocrx_word' id='word_1_176' title='bbox 346 2366 417 2442; x_wconf 91' lang='lat' dir='ltr'><strong>quid</strong></span> <span class='ocrx_word' id='word_1_177' title='bbox 440 2365 554 2425; x_wconf 79' lang='lat' dir='ltr'><strong>dicam?</strong></span> <span class='ocrx_word' id='word_1_178' title='bbox 577 2367 608 2425; x_wconf 90' lang='lat' dir='ltr'><strong>in</strong></span> <span class='ocrx_word' id='word_1_179' title='bbox 631 2367 696 2444; x_wconf 89' lang='lat' dir='ltr'><strong>ipsa</strong></span> <span class='ocrx_word' id='word_1_180' title='bbox 720 2366 809 2426; x_wconf 81' lang='lat' dir='ltr'><strong>Curia</strong></span> <span class='ocrx_word' id='word_1_181' title='bbox 831 2385 884 2443; x_wconf 87' lang='lat' dir='ltr'><strong>per</strong></span> <span class='ocrx_word' id='word_1_182' title='bbox 907 2367 980 2426; x_wconf 87' lang='lat' dir='ltr'><strong>satis</strong></span> <span class='ocrx_word' id='word_1_183' title='bbox 1002 2366 1125 2443; x_wconf 83' lang='lat' dir='ltr'><strong>longum</strong></span> <span class='ocrx_word' id='word_1_184' title='bbox 1153 2366 1295 2442; x_wconf 86' lang='lat' dir='ltr'><strong>temporis</strong></span> <span class='ocrx_word' id='word_1_185' title='bbox 1324 2367 1459 2442; x_wconf 87' lang='lat' dir='ltr'><strong>spatium</strong></span> <span class='ocrx_word' id='word_1_186' title='bbox 1559 2386 1560 2404; x_wconf 57' lang='lat'>¹</span> 
     </span>
    </p>
   </div>
   <div class='ocr_carea' id='block_1_5' title="bbox 224 2446 1562 4160">
    <p class='ocr_par' dir='ltr' id='par_1_6' title="bbox 224 2446 1562 4160">
     <span class='ocr_line' id='line_1_22' title="bbox 225 2446 1562 2552; baseline -0.001 -20"><span class='ocrx_word' id='word_1_187' title='bbox 225 2473 309 2548; x_wconf 86' lang='lat' dir='ltr'><strong>sequi</strong></span> <span class='ocrx_word' id='word_1_188' title='bbox 332 2471 454 2548; x_wconf 91' lang='lat' dir='ltr'><strong>impuno</strong></span> <span class='ocrx_word' id='word_1_189' title='bbox 472 2479 613 2550; x_wconf 88' lang='lat' dir='ltr'><strong>poterant.</strong></span> <span class='ocrx_word' id='word_1_190' title='bbox 659 2473 704 2532; x_wconf 89' lang='lat' dir='ltr'><strong>Ne</strong></span> <span class='ocrx_word' id='word_1_191' title='bbox 723 2474 801 2532; x_wconf 87' lang='lat' dir='ltr'><strong>inter</strong></span> <span class='ocrx_word' id='word_1_192' title='bbox 819 2473 921 2533; x_wconf 89' lang='lat' dir='ltr'><strong>Patres</strong></span> <span class='ocrx_word' id='word_1_193' title='bbox 940 2473 1061 2552; x_wconf 89' lang='lat' dir='ltr'><strong>quidem</strong></span> <span class='ocrx_word' id='word_1_194' title='bbox 1080 2473 1269 2532; x_wconf 87' lang='lat' dir='ltr'><strong>Tridentinos</strong></span> <span class='ocrx_word' id='word_1_195' title='bbox 1286 2473 1458 2542; x_wconf 83' lang='lat' dir='ltr'><strong>dehrenmt,</strong></span> <span class='ocrx_word' id='word_1_196' title='bbox 1560 2446 1562 2518; x_wconf 42' lang='lat'><strong>¹,</strong></span> 
     </span>
     <span class='ocr_line' id='line_1_23' title="bbox 224 2578 1458 2654; baseline 0.002 -19"><span class='ocrx_word' id='word_1_197' title='bbox 224 2578 276 2654; x_wconf 90' lang='lat' dir='ltr'><strong>qui</strong></span> <span class='ocrx_word' id='word_1_198' title='bbox 300 2579 436 2654; x_wconf 84' lang='lat' dir='ltr'><strong>quamvis</strong></span> <span class='ocrx_word' id='word_1_199' title='bbox 459 2579 588 2638; x_wconf 87' lang='lat' dir='ltr'><strong>tribunal</strong></span> <span class='ocrx_word' id='word_1_200' title='bbox 610 2581 692 2654; x_wconf 90' lang='lat' dir='ltr'><strong>fidoi,</strong></span> <span class='ocrx_word' id='word_1_201' title='bbox 719 2580 877 2640; x_wconf 92' lang='lat' dir='ltr'><strong>dummodo</strong></span> <span class='ocrx_word' id='word_1_202' title='bbox 905 2581 977 2640; x_wconf 87' lang='lat' dir='ltr'><strong>mite</strong></span> <span class='ocrx_word' id='word_1_203' title='bbox 1003 2600 1038 2640; x_wconf 89' lang='lat' dir='ltr'><strong>ao</strong></span> <span class='ocrx_word' id='word_1_204' title='bbox 1065 2581 1246 2639; x_wconf 89' lang='lat' dir='ltr'><strong>moderatum</strong></span> <span class='ocrx_word' id='word_1_205' title='bbox 1274 2585 1367 2654; x_wconf 87' lang='lat' dir='ltr'><strong>esset,</strong></span> <span class='ocrx_word' id='word_1_206' title='bbox 1396 2599 1458 2638; x_wconf 93' lang='lat' dir='ltr'><strong>non</strong></span> 
     </span>
     <span class='ocr_line' id='line_1_24' title="bbox 224 2685 1458 2765; baseline 0.003 -23"><span class='ocrx_word' id='word_1_207' title='bbox 224 2685 434 2760; x_wconf 84' lang='lat' dir='ltr'><strong>improbarent,</strong></span> <span class='ocrx_word' id='word_1_208' title='bbox 471 2691 569 2744; x_wconf 86' lang='lat' dir='ltr'><strong>tamen</strong></span> <span class='ocrx_word' id='word_1_209' title='bbox 600 2705 664 2744; x_wconf 88' lang='lat' dir='ltr'><strong>eam</strong></span> <span class='ocrx_word' id='word_1_210' title='bbox 697 2687 820 2746; x_wconf 82' lang='lat' dir='ltr'><strong>formam</strong></span> <span class='ocrx_word' id='word_1_211' title='bbox 853 2691 942 2765; x_wconf 88' lang='lat' dir='ltr'><strong>atque</strong></span> <span class='ocrx_word' id='word_1_212' title='bbox 973 2688 1115 2762; x_wconf 84' lang='lat' dir='ltr'><strong>indolem,</strong></span> <span class='ocrx_word' id='word_1_213' title='bbox 1153 2705 1241 2765; x_wconf 90' lang='lat' dir='ltr'><strong>quam</strong></span> <span class='ocrx_word' id='word_1_214' title='bbox 1278 2693 1399 2746; x_wconf 89' lang='lat' dir='ltr'><strong>auctore</strong></span> <span class='ocrx_word' id='word_1_215' title='bbox 1426 2695 1458 2746; x_wconf 85' lang='lat' dir='ltr'><strong>et</strong></span> 
     </span>
     <span class='ocr_line' id='line_1_25' title="bbox 224 2791 1458 2872; baseline 0.002 -22"><span class='ocrx_word' id='word_1_216' title='bbox 224 2791 385 2868; x_wconf 90' lang='lat' dir='ltr'><strong>impulsore</strong></span> <span class='ocrx_word' id='word_1_217' title='bbox 409 2793 521 2852; x_wconf 80' lang='lat' dir='ltr'><strong>Caratia</strong></span> <span class='ocrx_word' id='word_1_218' title='bbox 544 2793 619 2852; x_wconf 90' lang='lat' dir='ltr'><strong>illud</strong></span> <span class='ocrx_word' id='word_1_219' title='bbox 642 2793 790 2868; x_wconf 88' lang='lat' dir='ltr'><strong>induerat,</strong></span> <span class='ocrx_word' id='word_1_220' title='bbox 813 2801 883 2853; x_wconf 88' lang='lat' dir='ltr'><strong>uta</strong></span> <span class='ocrx_word' id='word_1_221' title='bbox 902 2795 1013 2854; x_wconf 80' lang='lat' dir='ltr'><strong>Christi</strong></span> <span class='ocrx_word' id='word_1_222' title='bbox 1032 2795 1140 2872; x_wconf 84' lang='lat' dir='ltr'><strong>spiritu</strong></span> <span class='ocrx_word' id='word_1_223' title='bbox 1158 2795 1286 2854; x_wconf 86' lang='lat' dir='ltr'><strong>alienam</strong></span> <span class='ocrx_word' id='word_1_224' title='bbox 1305 2793 1458 2870; x_wconf 86' lang='lat' dir='ltr'><strong>exagitare</strong></span> 
     </span>
     <span class='ocr_line' id='line_1_26' title="bbox 224 2899 1457 2979; baseline 0 -19"><span class='ocrx_word' id='word_1_225' title='bbox 224 2918 283 2960; x_wconf 92' lang='lat' dir='ltr'><strong>non</strong></span> <span class='ocrx_word' id='word_1_226' title='bbox 306 2901 488 2960; x_wconf 88' lang='lat' dir='ltr'><strong>verebantur.</strong></span> <span class='ocrx_word' id='word_1_227' title='bbox 535 2899 665 2974; x_wconf 84' lang='lat' dir='ltr'><strong>Quorum</strong></span> <span class='ocrx_word' id='word_1_228' title='bbox 689 2901 774 2978; x_wconf 86' lang='lat' dir='ltr'><strong>quasi</strong></span> <span class='ocrx_word' id='word_1_229' title='bbox 798 2902 917 2962; x_wconf 89' lang='lat' dir='ltr'><strong>nomine</strong></span> <span class='ocrx_word' id='word_1_230' title='bbox 945 2902 1113 2979; x_wconf 88' lang='lat' dir='ltr'><strong>loquentem</strong></span> <span class='ocrx_word' id='word_1_231' title='bbox 1138 2901 1334 2978; x_wconf 84' lang='lat' dir='ltr'><strong>Seripandum</strong></span> <span class='ocrx_word' id='word_1_232' title='bbox 1363 2901 1457 2960; x_wconf 85' lang='lat' dir='ltr'><strong>intro-</strong></span> 
     </span>
     <span class='ocr_line' id='line_1_27' title="bbox 224 3007 1455 3086; baseline 0 -19"><span class='ocrx_word' id='word_1_233' title='bbox 224 3009 343 3082; x_wconf 87' lang='lat' dir='ltr'><strong>ducam,</strong></span> <span class='ocrx_word' id='word_1_234' title='bbox 371 3009 422 3086; x_wconf 94' lang='lat' dir='ltr'><strong>qui</strong></span> <span class='ocrx_word' id='word_1_235' title='bbox 447 3007 518 3068; x_wconf 87' lang='lat' dir='ltr'><strong>satis</strong></span> <span class='ocrx_word' id='word_1_236' title='bbox 542 3009 668 3085; x_wconf 81' lang='lat' dir='ltr'><strong>benigne</strong></span> <span class='ocrx_word' id='word_1_237' title='bbox 690 3009 728 3068; x_wconf 90' lang='lat' dir='ltr'><strong>de</strong></span> <span class='ocrx_word' id='word_1_238' title='bbox 750 3009 831 3086; x_wconf 88' lang='lat' dir='ltr'><strong>Papa</strong></span> <span class='ocrx_word' id='word_1_239' title='bbox 854 3009 979 3068; x_wconf 92' lang='lat' dir='ltr'><strong>Domino</strong></span> <span class='ocrx_word' id='word_1_240' title='bbox 1007 3027 1074 3076; x_wconf 83' lang='lat' dir='ltr'><strong>suo,</strong></span> <span class='ocrx_word' id='word_1_241' title='bbox 1102 3008 1195 3068; x_wconf 87' lang='lat' dir='ltr'><strong>Paulo</strong></span> <span class='ocrx_word' id='word_1_242' title='bbox 1217 3007 1285 3082; x_wconf 74' lang='lat'><strong>111,</strong></span> <span class='ocrx_word' id='word_1_243' title='bbox 1313 3008 1455 3085; x_wconf 91' lang='lat' dir='ltr'><strong>loquens:</strong></span> 
     </span>
     <span class='ocr_line' id='line_1_28' title="bbox 225 3115 1456 3194; baseline -0.002 -19"><span class='ocrx_word' id='word_1_244' title='bbox 225 3115 306 3190; x_wconf 80' lang='lat' dir='ltr'><strong>,Fuit</strong></span> <span class='ocrx_word' id='word_1_245' title='bbox 328 3116 464 3194; x_wconf 87' lang='lat' dir='ltr'><strong>equidem</strong></span> <span class='ocrx_word' id='word_1_246' title='bbox 488 3117 617 3176; x_wconf 89' lang='lat' dir='ltr'><strong>tribunal</strong></span> <span class='ocrx_word' id='word_1_247' title='bbox 636 3117 712 3191; x_wconf 86' lang='lat' dir='ltr'><strong>hoc‘,</strong></span> <span class='ocrx_word' id='word_1_248' title='bbox 736 3117 846 3194; x_wconf 89' lang='lat' dir='ltr'><strong>inquit,</strong></span> <span class='ocrx_word' id='word_1_249' title='bbox 870 3116 968 3190; x_wconf 91' lang='lat' dir='ltr'><strong>,initio</strong></span> <span class='ocrx_word' id='word_1_250' title='bbox 989 3116 1170 3176; x_wconf 75' lang='lat' dir='ltr'><strong>moderatum</strong></span> <span class='ocrx_word' id='word_1_251' title='bbox 1194 3134 1229 3175; x_wconf 92' lang='lat' dir='ltr'><strong>ac</strong></span> <span class='ocrx_word' id='word_1_252' title='bbox 1253 3115 1338 3188; x_wconf 86' lang='lat' dir='ltr'><strong>mite,</strong></span> <span class='ocrx_word' id='word_1_253' title='bbox 1366 3115 1456 3192; x_wconf 89' lang='lat' dir='ltr'><strong>quale</strong></span> 
     </span>
     <span class='ocr_line' id='line_1_29' title="bbox 225 3222 1454 3300; baseline -0.002 -17"><span class='ocrx_word' id='word_1_254' title='bbox 225 3229 303 3283; x_wconf 88' lang='lat' dir='ltr'><strong>certo</strong></span> <span class='ocrx_word' id='word_1_255' title='bbox 326 3242 443 3300; x_wconf 87' lang='lat' dir='ltr'><strong>semper</strong></span> <span class='ocrx_word' id='word_1_256' title='bbox 465 3223 522 3282; x_wconf 87' lang='lat' dir='ltr'><strong>luit</strong></span> <span class='ocrx_word' id='word_1_257' title='bbox 544 3223 629 3282; x_wconf 89' lang='lat' dir='ltr'><strong>Pauli</strong></span> <span class='ocrx_word' id='word_1_258' title='bbox 652 3223 819 3300; x_wconf 63' lang='lat' dir='ltr'><strong>ingenium</strong></span> <span class='ocrx_word' id='word_1_259' title='bbox 848 3241 950 3282; x_wconf 82' lang='lat' dir='ltr'><strong>vorum</strong></span> <span class='ocrx_word' id='word_1_260' title='bbox 978 3228 1064 3282; x_wconf 89' lang='lat' dir='ltr'><strong>aucto</strong></span> <span class='ocrx_word' id='word_1_261' title='bbox 1093 3227 1195 3300; x_wconf 88' lang='lat' dir='ltr'><strong>postea</strong></span> <span class='ocrx_word' id='word_1_262' title='bbox 1217 3222 1454 3281; x_wconf 74' lang='lat' dir='ltr'><strong>Praesidentium</strong></span> 
     </span>
     <span class='ocr_line' id='line_1_30' title="bbox 226 3329 1453 3407; baseline -0.002 -17"><span class='ocrx_word' id='word_1_263' title='bbox 226 3331 427 3390; x_wconf 85' lang='lat' dir='ltr'><strong>Cardinalium</strong></span> <span class='ocrx_word' id='word_1_264' title='bbox 454 3349 575 3390; x_wconf 87' lang='lat' dir='ltr'><strong>numero</strong></span> <span class='ocrx_word' id='word_1_265' title='bbox 603 3336 634 3390; x_wconf 86' lang='lat' dir='ltr'><strong>et</strong></span> <span class='ocrx_word' id='word_1_266' title='bbox 653 3331 789 3407; x_wconf 89' lang='lat' dir='ltr'><strong>judicum</strong></span> <span class='ocrx_word' id='word_1_267' title='bbox 809 3329 1014 3406; x_wconf 84' lang='lat' dir='ltr'><strong>jurisdictione</strong></span> <span class='ocrx_word' id='word_1_268' title='bbox 1041 3331 1073 3388; x_wconf 90' lang='lat' dir='ltr'><strong>in</strong></span> <span class='ocrx_word' id='word_1_269' title='bbox 1096 3330 1160 3388; x_wconf 87' lang='lat' dir='ltr'><strong>dies</strong></span> <span class='ocrx_word' id='word_1_270' title='bbox 1182 3329 1278 3406; x_wconf 85' lang='lat' dir='ltr'><strong>magis</strong></span> <span class='ocrx_word' id='word_1_271' title='bbox 1300 3348 1336 3389; x_wconf 89' lang='lat' dir='ltr'><strong>ac</strong></span> <span class='ocrx_word' id='word_1_272' title='bbox 1358 3329 1453 3404; x_wconf 86' lang='lat' dir='ltr'><strong>magis</strong></span> 
     </span>
     <span class='ocr_line' id='line_1_31' title="bbox 225 3436 1452 3514; baseline -0.002 -18"><span class='ocrx_word' id='word_1_273' title='bbox 225 3437 395 3496; x_wconf 78' lang='lat' dir='ltr'><strong>confirmata</strong></span> <span class='ocrx_word' id='word_1_274' title='bbox 422 3441 511 3513; x_wconf 90' lang='lat' dir='ltr'><strong>atque</strong></span> <span class='ocrx_word' id='word_1_275' title='bbox 539 3438 733 3512; x_wconf 84' lang='lat' dir='ltr'><strong>corroborata,</strong></span> <span class='ocrx_word' id='word_1_276' title='bbox 766 3437 914 3514; x_wconf 89' lang='lat' dir='ltr'><strong>imprimis</strong></span> <span class='ocrx_word' id='word_1_277' title='bbox 945 3455 1014 3497; x_wconf 78' lang='lat' dir='ltr'><strong>vero</strong></span> <span class='ocrx_word' id='word_1_278' title='bbox 1042 3436 1164 3496; x_wconf 82' lang='lat' dir='ltr'><strong>loannis</strong></span> <span class='ocrx_word' id='word_1_279' title='bbox 1191 3436 1273 3496; x_wconf 84' lang='lat' dir='ltr'><strong>Petri</strong></span> <span class='ocrx_word' id='word_1_280' title='bbox 1301 3436 1452 3512; x_wconf 74' lang='lat' dir='ltr'><strong>(Omallaet</strong></span> 
     </span>
     <span class='ocr_line' id='line_1_32' title="bbox 226 3543 1454 3621; baseline -0.002 -17"><span class='ocrx_word' id='word_1_281' title='bbox 226 3543 380 3604; x_wconf 77' lang='lat' dir='ltr'><strong>severitate</strong></span> <span class='ocrx_word' id='word_1_282' title='bbox 408 3543 490 3602; x_wconf 91' lang='lat' dir='ltr'><strong>nulla</strong></span> <span class='ocrx_word' id='word_1_283' title='bbox 517 3543 699 3602; x_wconf 85' lang='lat' dir='ltr'><strong>humanitate</strong></span> <span class='ocrx_word' id='word_1_284' title='bbox 726 3562 847 3621; x_wconf 88' lang='lat' dir='ltr'><strong>aspersa</strong></span> <span class='ocrx_word' id='word_1_285' title='bbox 873 3543 906 3602; x_wconf 91' lang='lat' dir='ltr'><strong>in</strong></span> <span class='ocrx_word' id='word_1_286' title='bbox 933 3562 997 3603; x_wconf 89' lang='lat' dir='ltr'><strong>eam</strong></span> <span class='ocrx_word' id='word_1_287' title='bbox 1026 3543 1119 3604; x_wconf 87' lang='lat' dir='ltr'><strong>crevit</strong></span> <span class='ocrx_word' id='word_1_288' title='bbox 1145 3543 1393 3620; x_wconf 84' lang='lat' dir='ltr'><strong>magnitudinem,</strong></span> <span class='ocrx_word' id='word_1_289' title='bbox 1421 3549 1454 3602; x_wconf 91' lang='lat' dir='ltr'><strong>ut</strong></span> 
     </span>
     <span class='ocr_line' id='line_1_33' title="bbox 225 3650 1454 3729; baseline 0 -19"><span class='ocrx_word' id='word_1_290' title='bbox 225 3651 330 3711; x_wconf 89' lang='lat' dir='ltr'><strong>nullibi</strong></span> <span class='ocrx_word' id='word_1_291' title='bbox 355 3656 415 3711; x_wconf 86' lang='lat' dir='ltr'><strong>toto</strong></span> <span class='ocrx_word' id='word_1_292' title='bbox 438 3656 581 3710; x_wconf 87' lang='lat' dir='ltr'><strong>terrarum</strong></span> <span class='ocrx_word' id='word_1_293' title='bbox 604 3651 673 3710; x_wconf 88' lang='lat' dir='ltr'><strong>orbo</strong></span> <span class='ocrx_word' id='word_1_294' title='bbox 697 3651 791 3727; x_wconf 81' lang='lat' dir='ltr'><strong>magis</strong></span> <span class='ocrx_word' id='word_1_295' title='bbox 815 3651 966 3724; x_wconf 74' lang='lat' dir='ltr'><strong>horribilia</strong></span> <span class='ocrx_word' id='word_1_296' title='bbox 989 3650 1143 3728; x_wconf 84' lang='lat' dir='ltr'><strong>magisque</strong></span> <span class='ocrx_word' id='word_1_297' title='bbox 1165 3650 1354 3710; x_wconf 82' lang='lat' dir='ltr'><strong>formidolosa</strong></span> <span class='ocrx_word' id='word_1_298' title='bbox 1374 3651 1454 3729; x_wconf 90' lang='lat' dir='ltr'><strong>judi-</strong></span> 
     </span>
     <span class='ocr_line' id='line_1_34' title="bbox 224 3735 1454 3836; baseline -0.002 -17"><span class='ocrx_word' id='word_1_299' title='bbox 224 3761 270 3820; x_wconf 88' lang='lat' dir='ltr'><strong>cia</strong></span> <span class='ocrx_word' id='word_1_300' title='bbox 292 3779 359 3820; x_wconf 89' lang='lat' dir='ltr'><strong>esse</strong></span> <span class='ocrx_word' id='word_1_301' title='bbox 381 3757 635 3834; x_wconf 86' lang='lat' dir='ltr'><strong>existimarentur;</strong></span> <span class='ocrx_word' id='word_1_302' title='bbox 659 3777 734 3836; x_wconf 88' lang='lat' dir='ltr'><strong>quae</strong></span> <span class='ocrx_word' id='word_1_303' title='bbox 754 3759 836 3834; x_wconf 89' lang='lat' dir='ltr'><strong>justa</strong></span> <span class='ocrx_word' id='word_1_304' title='bbox 858 3759 978 3818; x_wconf 91' lang='lat' dir='ltr'><strong>omuino</strong></span> <span class='ocrx_word' id='word_1_305' title='bbox 1000 3763 1031 3816; x_wconf 89' lang='lat' dir='ltr'><strong>et</strong></span> <span class='ocrx_word' id='word_1_306' title='bbox 1053 3758 1177 3817; x_wconf 86' lang='lat' dir='ltr'><strong>honesta</strong></span> <span class='ocrx_word' id='word_1_307' title='bbox 1204 3735 1352 3817; x_wconf 81' lang='lat' dir='ltr'><strong>censenda</strong></span> <span class='ocrx_word' id='word_1_308' title='bbox 1375 3765 1454 3831; x_wconf 89' lang='lat' dir='ltr'><strong>sunt,</strong></span> 
     </span>
     <span class='ocr_line' id='line_1_35' title="bbox 225 3863 1454 3943; baseline -0.004 -16"><span class='ocrx_word' id='word_1_309' title='bbox 225 3869 250 3928; x_wconf 90' lang='lat' dir='ltr'><strong>si</strong></span> <span class='ocrx_word' id='word_1_310' title='bbox 275 3887 309 3927; x_wconf 87' lang='lat' dir='ltr'><strong>oa</strong></span> <span class='ocrx_word' id='word_1_311' title='bbox 332 3867 443 3927; x_wconf 85' lang='lat' dir='ltr'><strong>fuerint</strong></span> <span class='ocrx_word' id='word_1_312' title='bbox 465 3867 586 3926; x_wconf 87' lang='lat' dir='ltr'><strong>carltato</strong></span> <span class='ocrx_word' id='word_1_313' title='bbox 609 3865 739 3940; x_wconf 87' lang='lat' dir='ltr'><strong>condita,</strong></span> <span class='ocrx_word' id='word_1_314' title='bbox 763 3885 852 3943; x_wconf 89' lang='lat' dir='ltr'><strong>quam</strong></span> <span class='ocrx_word' id='word_1_315' title='bbox 873 3866 1010 3925; x_wconf 85' lang='lat' dir='ltr'><strong>Christus</strong></span> <span class='ocrx_word' id='word_1_316' title='bbox 1028 3865 1115 3923; x_wconf 83' lang='lat' dir='ltr'><strong>lesus</strong></span> <span class='ocrx_word' id='word_1_317' title='bbox 1134 3863 1302 3922; x_wconf 83' lang='lat' dir='ltr'><strong>mortalium</strong></span> <span class='ocrx_word' id='word_1_318' title='bbox 1320 3865 1454 3923; x_wconf 89' lang='lat' dir='ltr'><strong>omnium</strong></span> 
     </span>
     <span class='ocr_line' id='line_1_36' title="bbox 224 3969 1456 4050; baseline -0.003 -16"><span class='ocrx_word' id='word_1_319' title='bbox 224 3993 242 4034; x_wconf 89' lang='lat' dir='ltr'><strong>a</strong></span> <span class='ocrx_word' id='word_1_320' title='bbox 265 3975 327 4035; x_wconf 90' lang='lat' dir='ltr'><strong>Deo</strong></span> <span class='ocrx_word' id='word_1_321' title='bbox 350 3975 436 4034; x_wconf 89' lang='lat' dir='ltr'><strong>Patre</strong></span> <span class='ocrx_word' id='word_1_322' title='bbox 457 3973 550 4050; x_wconf 87' lang='lat' dir='ltr'><strong>judox</strong></span> <span class='ocrx_word' id='word_1_323' title='bbox 573 3973 752 4033; x_wconf 89' lang='lat' dir='ltr'><strong>constitutus</strong></span> <span class='ocrx_word' id='word_1_324' title='bbox 775 3979 805 4032; x_wconf 90' lang='lat' dir='ltr'><strong>et</strong></span> <span class='ocrx_word' id='word_1_325' title='bbox 827 3971 927 4031; x_wconf 89' lang='lat' dir='ltr'><strong>docuit</strong></span> <span class='ocrx_word' id='word_1_326' title='bbox 949 3977 979 4031; x_wconf 89' lang='lat' dir='ltr'><strong>et</strong></span> <span class='ocrx_word' id='word_1_327' title='bbox 1001 3969 1171 4032; x_wconf 83' lang='lat' dir='ltr'><strong>exercuit.‘³</strong></span> <span class='ocrx_word' id='word_1_328' title='bbox 1214 3969 1320 4048; x_wconf 85' lang='lat' dir='ltr'><strong>Neque</strong></span> <span class='ocrx_word' id='word_1_329' title='bbox 1341 3990 1390 4031; x_wconf 90' lang='lat' dir='ltr'><strong>res</strong></span> <span class='ocrx_word' id='word_1_330' title='bbox 1413 3972 1456 4030; x_wconf 90' lang='lat' dir='ltr'><strong>ita</strong></span> 
     </span>
     <span class='ocr_line' id='line_1_37' title="bbox 225 4077 1455 4160; baseline -0.003 -18"><span class='ocrx_word' id='word_1_331' title='bbox 225 4099 258 4142; x_wconf 86' lang='lat' dir='ltr'><strong>ec</strong></span> <span class='ocrx_word' id='word_1_332' title='bbox 289 4081 389 4157; x_wconf 87' lang='lat' dir='ltr'><strong>habet,</strong></span> <span class='ocrx_word' id='word_1_333' title='bbox 426 4081 511 4160; x_wconf 89' lang='lat' dir='ltr'><strong>quasi</strong></span> <span class='ocrx_word' id='word_1_334' title='bbox 543 4079 688 4157; x_wconf 87' lang='lat' dir='ltr'><strong>ejusmodi</strong></span> <span class='ocrx_word' id='word_1_335' title='bbox 721 4080 883 4139; x_wconf 85' lang='lat' dir='ltr'><strong>sententiae</strong></span> <span class='ocrx_word' id='word_1_336' title='bbox 915 4079 1038 4138; x_wconf 86' lang='lat' dir='ltr'><strong>eruditis</strong></span> <span class='ocrx_word' id='word_1_337' title='bbox 1071 4077 1247 4156; x_wconf 85' lang='lat' dir='ltr'><strong>quibusdam</strong></span> <span class='ocrx_word' id='word_1_338' title='bbox 1283 4077 1455 4139; x_wconf 90' lang='lat' dir='ltr'><strong>hominibus</strong></span> 
     </span>
    </p>
   </div>
   <div class='ocr_carea' id='block_1_6' title="bbox 334 4342 1455 4414">
    <p class='ocr_par' dir='ltr' id='par_1_7' title="bbox 334 4342 1455 4414">
     <span class='ocr_line' id='line_1_38' title="bbox 334 4342 1455 4414; baseline -0.002 -16"><span class='ocrx_word' id='word_1_339' title='bbox 334 4347 359 4414; x_wconf 88' lang='lat'><strong>1)</strong></span> <span class='ocrx_word' id='word_1_340' title='bbox 379 4345 499 4414; x_wconf 88' lang='lat' dir='ltr'><strong>Ranke,</strong></span> <span class='ocrx_word' id='word_1_341' title='bbox 519 4344 648 4398; x_wconf 85' lang='lat' dir='ltr'><strong>deutsche</strong></span> <span class='ocrx_word' id='word_1_342' title='bbox 658 4343 816 4398; x_wconf 87' lang='lat' dir='ltr'><strong>Geschichto</strong></span> <span class='ocrx_word' id='word_1_343' title='bbox 826 4345 876 4396; x_wconf 85' lang='lat' dir='ltr'><strong>otc.</strong></span> <span class='ocrx_word' id='word_1_344' title='bbox 887 4343 934 4410; x_wconf 80' lang='lat' dir='ltr'><strong>IV,</strong></span> <span class='ocrx_word' id='word_1_345' title='bbox 954 4361 978 4412; x_wconf 90' lang='lat' dir='ltr'><strong>p.</strong></span> <span class='ocrx_word' id='word_1_346' title='bbox 995 4343 1045 4396; x_wconf 80' lang='lat'><strong>277</strong></span> <span class='ocrx_word' id='word_1_347' title='bbox 1057 4359 1092 4396; x_wconf 87' lang='lat' dir='ltr'><strong>ss.</strong></span> <span class='ocrx_word' id='word_1_348' title='bbox 1126 4342 1201 4396; x_wconf 79' lang='lat' dir='ltr'><strong>Rom.</strong></span> <span class='ocrx_word' id='word_1_349' title='bbox 1213 4342 1309 4396; x_wconf 79' lang='lat' dir='ltr'><strong>deste</strong></span> <span class='ocrx_word' id='word_1_350' title='bbox 1319 4342 1340 4410; x_wconf 89' lang='lat'><strong>1,</strong></span> <span class='ocrx_word' id='word_1_351' title='bbox 1358 4342 1410 4396; x_wconf 83' lang='lat'><strong>135</strong></span> <span class='ocrx_word' id='word_1_352' title='bbox 1417 4359 1455 4396; x_wconf 88' lang='lat' dir='ltr'><strong>ss.</strong></span> 
     </span>
    </p>
   </div>
   <div class='ocr_carea' id='block_1_7' title="bbox 333 4431 1165 4590">
    <p class='ocr_par' dir='ltr' id='par_1_8' title="bbox 333 4431 1165 4590">
     <span class='ocr_line' id='line_1_39' title="bbox 333 4431 1027 4501; baseline -0.004 -14"><span class='ocrx_word' id='word_1_353' title='bbox 333 4435 359 4500; x_wconf 82' lang='lat'><strong>2)</strong></span> <span class='ocrx_word' id='word_1_354' title='bbox 380 4435 500 4501; x_wconf 77' lang='lat' dir='ltr'><strong>Rutilia,</strong></span> <span class='ocrx_word' id='word_1_355' title='bbox 520 4434 649 4487; x_wconf 84' lang='lat' dir='ltr'><strong>deutsche</strong></span> <span class='ocrx_word' id='word_1_356' title='bbox 669 4433 827 4486; x_wconf 83' lang='lat' dir='ltr'><strong>Geschichte</strong></span> <span class='ocrx_word' id='word_1_357' title='bbox 846 4431 864 4484; x_wconf 92' lang='lat' dir='ltr'><strong>l.</strong></span> <span class='ocrx_word' id='word_1_358' title='bbox 884 4449 906 4485; x_wconf 91' lang='lat' dir='ltr'><strong>c.</strong></span> <span class='ocrx_word' id='word_1_359' title='bbox 928 4449 952 4500; x_wconf 95' lang='lat' dir='ltr'><strong>p.</strong></span> <span class='ocrx_word' id='word_1_360' title='bbox 967 4432 1027 4486; x_wconf 85' lang='lat'>280.</span> 
     </span>
     <span class='ocr_line' id='line_1_40' title="bbox 333 4519 1165 4590; baseline 0.002 -20"><span class='ocrx_word' id='word_1_361' title='bbox 333 4525 360 4583; x_wconf 78' lang='lat' dir='ltr'><strong>a)</strong></span> <span class='ocrx_word' id='word_1_362' title='bbox 380 4522 539 4588; x_wconf 78' lang='lat' dir='ltr'><strong>Soripaudue</strong></span> <span class='ocrx_word' id='word_1_363' title='bbox 558 4522 627 4589; x_wconf 89' lang='lat' dir='ltr'><strong>apud</strong></span> <span class='ocrx_word' id='word_1_364' title='bbox 646 4520 844 4589; x_wconf 85' lang='lat' dir='ltr'><strong>Doollingorum</strong></span> <span class='ocrx_word' id='word_1_365' title='bbox 863 4519 1010 4574; x_wconf 81' lang='lat' dir='ltr'><strong>Urlruudcn</strong></span> <span class='ocrx_word' id='word_1_366' title='bbox 1030 4523 1079 4572; x_wconf 87' lang='lat' dir='ltr'><strong>etc.</strong></span> <span class='ocrx_word' id='word_1_367' title='bbox 1100 4537 1123 4590; x_wconf 90' lang='lat' dir='ltr'><strong>p.</strong></span> <span class='ocrx_word' id='word_1_368' title='bbox 1141 4521 1165 4574; x_wconf 80' lang='lat'><strong>7.</strong></span> 
     </span>
    </p>
   </div>
   <div class='ocr_carea' id='block_1_8' title="bbox 0 0 1592 5064">
    <p class='ocr_par' dir='ltr' id='par_1_9' title="bbox 0 0 1592 5064">
     <span class='ocr_line' id='line_1_41' title="bbox 0 0 1592 5064; baseline 0 0"><span class='ocrx_word' id='word_1_369' title='bbox 0 0 1592 5064; x_wconf 95' lang='lat' dir='ltr'><strong> </strong></span> 
     </span>
    </p>
   </div>
  </div>
 </body>
</html>
