3144 5092
223 205 259 258 60
762 201 850 255 Csrur
867 201 914 254 w.

224 297 563 306 —————--—-————
571 296 623 302 ---
631 297 644 301 .-
651 297 726 302 ---

222 403 340 466 sticae.¹
381 403 564 480 Dignitatem
585 403 668 462 illam
691 403 755 464 sive
778 403 1016 480 ,pmelationem‘
1039 402 1188 480 episcopis
1207 403 1360 463 Romame
1385 403 1480 484 (que
1540 425 1541 462 l

221 531 288 572 rum
310 511 482 572 veterrimos
504 515 539 570 ut
556 511 738 572 confessores
757 515 787 570 et
804 515 950 586 martyres
968 510 1038 588 plus
1056 509 1149 570 semel
1167 510 1310 588 celebrat)
1332 511 1479 572 libentis

222 639 255 680 se
281 637 491 680 concessurum
518 617 611 678 luisse
638 617 692 694 ait;
725 618 876 695 ephoriam
905 618 969 678 sive
996 617 1208 694 inspectionem
1236 618 1408 678 doctrinae
1439 621 1477 678 ab
1539 613 1541 676 l

221 746 280 787 uno
303 727 441 804 episcopo
464 745 517 803 per
538 731 633 784 totum
656 727 754 785 orbem
778 725 921 786 sustineri
943 743 1003 785 non
1025 743 1114 802 posse
1132 730 1245 799 conset,
1270 744 1379 803 neque
1402 745 1474 785 eam

220 853 352 912 unquam
374 835 411 894 ab
433 833 567 894 ecclesiis
590 833 781 892 orientalibus
799 832 936 892 Pontifici
959 850 1129 892 concessam
1152 832 1245 892 fulsse
1268 833 1395 910 passim
1417 835 1474 892 ad-

221 947 310 1002 notat
356 941 415 1001 llos
437 958 534 1000 errare
557 940 655 1016 docet,
679 941 731 1018 qui
754 939 803 1000 vel
825 939 915 1000 talem
937 931 1097 1017 primatum
1120 939 1252 1000 derivare
1272 940 1409 1001 student
1430 959 1472 1000 ex
1539 975 1541 1052 p

221 1051 309 1109 verbo
333 1049 445 1110 Christi
469 1048 506 1107 ad
529 1047 665 1108 Petrum:
694 1047 739 1108 Tu
766 1065 799 1108 es
821 1047 928 1107 Petrus
951 1051 981 1107 et
1008 1065 1099 1124 super
1125 1047 1202 1107 hanc
1228 1051 1350 1124 petram
1381 1049 1470 1108 aedi-

221 1158 313 1217 ficabo
345 1155 501 1216 ecclesiam
532 1173 628 1214 meam
656 1155 769 1233 (lIattln
789 1155 887 1233 XVI),
921 1154 970 1214 vel
997 1173 1036 1214 cx
1063 1154 1155 1214 altero
1184 1155 1320 1230 ejusdcm
1354 1158 1468 1216 verbo:
1539 1163 1541 1232 l

221 1265 314 1324 Pasce
337 1282 407 1324 oves
431 1281 512 1323 meas
535 1264 648 1341 (Joann.
667 1261 760 1342 XVI).
812 1262 1026 1322 Verumtamen
1048 1280 1108 1322 non
1130 1262 1211 1322 hunc
1232 1280 1370 1322 errorem
1395 1283 1468 1324 esse

221 1371 397 1430 diabolicum
420 1371 584 1446 existimat,
608 1371 660 1431 sed
682 1370 808 1430 alterum
832 1370 932 1444 illum,
957 1388 1015 1447 quo
1037 1369 1135 1446 Papae
1157 1369 1265 1445 eadem,
1283 1369 1465 1430 Senatoris
1539 1339 1541 1406 i

221 1478 358 1538 dictand
381 1478 564 1538 inchendum
587 1479 715 1538 immane
737 1477 896 1555 imperium
918 1495 1007 1537 suum
1025 1476 1258 1538 ecclesiasticum
1277 1481 1311 1537 et
1328 1480 1465 1538 munda-

221 1603 293 1644 num
316 1603 455 1662 perverse
477 1586 602 1645 trahant.

328 1692 379 1753 Sto
405 1711 474 1752 eum
501 1694 637 1753 affectare
659 1711 720 1753 non
742 1697 857 1752 tanturn
881 1691 1041 1770 primatum
1063 1691 1218 1768 dIgnitatis
1238 1697 1269 1751 et
1290 1692 1462 1770 inspectio
1540 1701 1541 1750 l

221 1800 282 1876 nis,
306 1800 358 1860 sed
381 1799 470 1860 etiam
492 1800 653 1879 primatum
676 1801 871 1878 ,potestatis‘,
895 1818 954 1878 qua
974 1799 1069 1878 possit
1087 1805 1117 1860 et
1135 1799 1290 1877 episcopos
1307 1804 1461 1878 tanquam

221 1927 322 1968 eorum
350 1907 496 1968 Dominus
523 1908 677 1984 tyrannico
706 1926 786 1968 more
813 1925 867 1984 per
894 1907 955 1966 vim
983 1907 1154 1983 subjugare,
1179 1907 1378 1983 jurejurando
1409 1909 1459 1968 de-

221 2017 345 2092 vincire,
378 2017 410 2074 in
442 2016 616 2076 servitutem
647 2015 793 2092 redigere,
826 2020 856 2075 et
886 2033 990 2075 omnes
1022 2014 1210 2092 episcopatus
1242 2032 1314 2074 suos
1347 2015 1458 2089 lacere,

221 2123 367 2198 ordinare,
405 2129 532 2198 mutare,
569 2124 714 2198 conferre,
750 2123 879 2197 auferre,
916 2123 1055 2197 vendere,
1092 2122 1269 2200 cosdemque
1300 2129 1457 2199 praeterea

221 2231 352 2307 tributis,
380 2231 498 2306 Palliis,
526 2231 654 2290 Annatis
676 2230 901 2308 innumerisque
922 2229 991 2289 aliis
1013 2229 1157 2290 malarum
1180 2230 1288 2288 artium
1311 2230 1456 2290 oneribus
1540 2253 1541 2307 p

221 2356 342 2414 gravare
373 2343 403 2398 et
434 2339 613 2416 opprImere3
646 2356 748 2398 omnes
781 2356 863 2412 vero,
897 2338 1077 2415 quicumque
1103 2337 1175 2397 talla
1202 2337 1251 2396 vel
1277 2337 1378 2398 iacere
1407 2339 1455 2398 vel

221 2445 297 2504 ferre
315 2449 464 2520 recusent,
489 2446 589 2505 starum
606 2445 748 2505 declarari
766 2445 915 2505 Romanm
933 2445 1075 2506 eoelesiae
1094 2444 1328 2519 inoboedientem
1348 2451 1454 2505 contn-
1540 2442 1541 2477 ¹

221 2569 331 2626 maces,
351 2551 526 2627 haereticos,
545 2553 578 2610 in
596 2557 749 2611 aeternum
766 2551 932 2628 damnatos,
952 2553 1063 2631 quippe
1076 2553 1129 2630 qui
1142 2557 1245 2612 contra
1258 2551 1363 2612 Matth.
1377 2552 1453 2612 XVI
1540 2617 1541 2634 ,

220 2661 401 2734 peccassent.
447 2657 552 2735 Neque
573 2659 686 2736 Papam
708 2663 881 2719 contentum
903 2678 970 2720 esse
992 2661 1048 2720 hao
1070 2664 1152 2719 tanta
1176 2660 1334 2735 tyrannide
1357 2661 1452 2720 eoele-

221 2764 353 2841 siestica,
377 2765 441 2840 sed,
465 2765 537 2824 dum
561 2783 680 2825 servum
702 2783 855 2826 servorum
872 2767 928 2826 Dei
951 2785 984 2827 se
1004 2767 1108 2844 jactet,
1131 2767 1292 2826 Dominum
1317 2767 1451 2827 omnium

220 2873 427 2948 DomInorum,
460 2873 571 2951 Regem
603 2873 736 2933 omnium
764 2875 880 2951 Regum
912 2875 1013 2934 haberi
1044 2875 1130 2935 vello.
1181 2873 1367 2952 Quapropter
1397 2875 1450 2934 tri-

219 2981 329 3058 plicem
351 2982 449 3059 Papae
477 3001 625 3056 coronam,
654 3001 744 3060 quam
766 2981 893 3043 Sanctus
917 2981 1076 3059 Gregorius
1102 2982 1212 3060 aliique
1240 2981 1283 3058 pii
1306 2981 1449 3042 ecclesiae

220 3089 368 3150 Romanae
395 3089 526 3168 episcopi
552 3090 763 3166 ignoraverint,
797 3109 857 3149 non
884 3091 981 3150 vocari
1009 3091 1142 3166 galerum
1169 3089 1368 3167 episcopalem
1395 3091 1447 3150 sed

220 3215 345 3272 regnum
382 3197 499 3274 mundi,
537 3197 628 3273 hujus
660 3198 740 3258 enim
771 3203 832 3257 tres
863 3201 962 3274 partes
994 3215 1073 3272 esse,
1110 3198 1270 3274 Europam,
1306 3197 1445 3271 Africam,

220 3303 334 3378 Asiam,
358 3304 490 3363 omnium
513 3323 581 3364 vero
605 3305 757 3364 dominum
780 3305 892 3381 Papam
914 3305 950 3363 ab
973 3304 1174 3364 adulatoribus
1196 3303 1379 3382 proclamari.

328 3409 403 3469 Tum
426 3429 553 3488 pergens
576 3411 739 3486 Lutherus,
763 3411 841 3486 ,Hoc
863 3411 982 3488 insigne
1005 3412 1112 3489 capitis
1134 3414 1313 3488 gestamen‘,
1341 3411 1442 3490 inquit,

221 3516 352 3592 ,Christo
380 3517 505 3577 Domino
536 3523 635 3578 nostro
668 3517 822 3596 proposuit
848 3519 1005 3594 Diabolus,
1038 3537 1131 3596 quum
1160 3518 1207 3578 illi
1234 3519 1267 3578 in
1294 3519 1440 3579 excelsum

221 3627 351 3684 montem
373 3630 524 3702 assumpto
547 3627 646 3685 omnia
668 3643 760 3702 regna
783 3626 886 3685 mundi
909 3644 1069 3704 eorumque
1091 3627 1217 3704 gloriam
1239 3633 1440 3687 commonstra·

219 3735 266 3791 ret
287 3731 403 3792 dicens:
428 3731 509 3792 Haec
531 3733 629 3792 omnia
652 3733 706 3793 tibi
728 3733 815 3808 dabo,
839 3733 865 3792 si
889 3739 1053 3811 prostratus
1076 3734 1242 3794 adoraveris
1265 3752 1321 3794 me.
1362 3731 1439 3794 Tunc

219 3839 297 3900 dixit
327 3839 355 3899 ei
386 3839 487 3900 Iesus:
520 3841 578 3899 Abi
609 3860 627 3899 a
658 3859 706 3900 me
738 3840 836 3901 Satan.
893 3841 951 3902 Sed
983 3841 1127 3920 quomodo
1158 3841 1318 3918 respondet
1347 3841 1437 3918 Papo?

219 3946 298 4006 Veni
329 3947 367 4006 ad
398 3965 446 4007 mo
474 3947 576 4007 Satan!
610 3947 636 4007 si
668 3947 770 4025 plures
798 3967 888 4026 quam
915 3949 996 4010 hunc
1022 3949 1148 4008 mundos
1176 3949 1312 4023 haberes,
1344 3965 1436 4008 omnes

219 4053 382 4131 acciperem
409 4059 439 4114 et
466 4054 611 4132 quidquid
639 4055 689 4114 vel
716 4055 923 4132 turpissimum
949 4057 1189 4135 vilissimumque
1212 4057 1308 4116 facere
1331 4073 1377 4116 me
1394 4055 1436 4132 ju·

220 4161 316 4236 beros,
340 4161 474 4221 facerem.
520 4161 601 4222 Haec
624 4167 695 4221 sunt
717 4163 805 4222 verba
827 4163 892 4240 ejus
915 4164 1099 4224 decretorum
1120 4169 1150 4224 et
1168 4163 1370 4238 decretalium,
1391 4163 1436 4222 ubi

327 4461 353 4530 1)
372 4459 482 4515 Lutheri
501 4478 560 4532 opp.
580 4462 667 4515 Germ.
688 4461 728 4515 cd.
747 4462 806 4516 len.
826 4462 892 4518 VIII
911 4462 971 4517 219.
