3222 5034
219 317 253 368 76
724 315 812 369 Carra·
832 317 862 368 V.

218 521 283 594 pter
301 521 344 576 tot
365 521 521 595 tantasque
540 517 740 578 dissensiones
759 537 812 595 per
829 518 931 578 decem
945 519 1104 595 aliquando
1118 537 1236 578 menses
1251 520 1336 578 nulla
1351 522 1448 580 sessio

218 625 318 684 haberi
337 631 456 702 poterat.
495 625 591 684 Etiam
610 631 712 702 postea
730 626 977 702 praestantissimi
996 625 1117 702 quidam
1135 625 1191 684 viri
1210 627 1247 686 de
1262 627 1344 686 felici
1360 629 1447 688 exitu
1490 649 1494 654 ·

218 733 408 810 desperantes
444 737 479 791 ut
515 732 678 792 solveretur
711 733 878 793 Concilium
911 738 1076 792 suaserunt
1131 733 1235 810 Neque
1267 733 1448 794 tolerabilior

218 839 350 916 ejusdem
379 839 512 900 condicio
539 839 588 899 vel
612 858 785 916 magnorum
807 840 994 916 ingeniorum
1017 841 1047 899 vi
1070 840 1120 900 vel
1142 841 1267 918 spiritus
1290 842 1447 901 christiani

219 947 348 1025 potentia
370 947 506 1008 restituta
530 951 588 1024 est;
617 947 669 1006 sed
693 947 730 1006 iis
753 948 842 1006 rebus
865 948 896 1006 id
919 948 1043 1022 factum,
1072 966 1147 1024 quac
1170 953 1255 1008 extra
1278 947 1447 1008 Concilium

218 1059 302 1131 gesta
329 1060 407 1114 sunt.
457 1054 575 1114 Etenim
601 1054 742 1113 Pontifex
769 1054 974 1132 Principibus,
1007 1055 1145 1132 inprimis
1173 1055 1361 1135 Imperatori,
1393 1075 1449 1134 per

219 1162 326 1222 missos
348 1162 474 1239 Legatos
502 1162 592 1222 variis
620 1163 718 1222 carreis
746 1161 853 1222 callide
875 1161 975 1222 allatis
1000 1163 1161 1239 persuasit,
1190 1166 1224 1222 ut
1246 1181 1264 1221 a
1286 1164 1448 1240 postulatis

220 1271 282 1330 suis
305 1270 488 1330 desisterent.
534 1269 592 1329 Ubi
619 1269 711 1346 igitur
734 1269 867 1330 Tridenti
890 1270 1045 1330 Pontificis
1075 1275 1105 1330 et
1127 1269 1319 1348 Imperatoris
1342 1271 1448 1347 Legati

219 1383 445 1452 consenserunt,
469 1377 567 1438 subito
589 1377 762 1437 universum
787 1377 965 1452 Concilium,
988 1382 1023 1436 ut
1045 1395 1186 1455 praesens
1209 1377 1351 1438 Moronus
1366 1379 1449 1454 judi-

219 1485 309 1558 cavit,
333 1485 422 1544 aliam
445 1486 550 1545 faciem
573 1486 696 1544 induere
719 1484 815 1562 coepit
838 1485 995 1562 omniaque
1018 1484 1135 1560 negotia
1157 1484 1308 1562 aliquanto
1327 1485 1448 1545 facilius

219 1593 410 1668 agebantur.l
456 1591 640 1670 Quamquam
668 1593 748 1652 enim
770 1591 859 1652 etiam
883 1593 1059 1669 posteriores
1082 1592 1324 1668 congregationes
1349 1592 1448 1670 suspi-

219 1700 366 1775 cionibus,
399 1699 678 1774 machinationibus,
711 1700 889 1760 tumultibus
921 1718 983 1760 non
1014 1701 1164 1775 carebant,
1196 1699 1316 1759 facilius
1348 1704 1447 1760 tamen

220 1825 309 1885 qnam
332 1813 418 1868 antea
441 1825 501 1885 pax
523 1809 760 1884 componebatur.

327 1915 378 1976 Sic
400 1914 527 1992 denique
551 1921 619 1992 post
641 1919 685 1974 tot
702 1915 874 1974 discrimina
891 1932 991 1974 rerum
1011 1913 1177 1974 Concilium
1196 1915 1233 1973 ad
1247 1915 1362 1976 exitum
1381 1933 1447 1992 per-

220 2023 313 2097 venit,
337 2022 462 2082 diversis
485 2021 626 2082 eeclesiae
644 2021 936 2082 Romanoeatholicae
959 2021 1098 2082 membris
1121 2025 1172 2081 aut
1190 2021 1300 2082 laetum
1324 2027 1376 2081 aut
1394 2022 1447 2080 du-

220 2130 301 2189 bium
324 2135 375 2189 aut
397 2130 525 2204 tristem,
554 2129 779 2207 pruut'diversa
802 2130 974 2190 sentiebant.
1016 2129 1152 2207 Namque
1174 2129 1263 2188 etiam
1286 2129 1445 2202 intereos,

220 2238 271 2315 qui
299 2243 450 2297 externam
478 2237 620 2298 ecciesiae
647 2238 791 2298 unitatem
819 2236 927 2296 summi
956 2237 1083 2310 faciunt,
1111 2255 1229 2314 semper
1256 2237 1386 2314 aliquam
1410 2237 1446 2295 de

220 2346 398 2423 quibusdam
420 2346 508 2404 rebus
533 2345 680 2404 sentiendi
703 2345 904 2404 diversitatem
927 2362 1046 2404 manere
1069 2344 1156 2404 facile
1179 2349 1308 2421 apparet
1352 2343 1446 2418 Quam

220 2453 420 2513 diversitatem
444 2453 495 2530 qui
519 2453 638 2514 omnino
661 2451 829 2513 evitandam
852 2470 919 2512 esse
942 2451 991 2512 vel
1014 2451 1064 2512 ubi
1091 2452 1244 2512 emerserit
1267 2451 1368 2510 statim
1394 2470 1447 2528 per

221 2561 415 2620 sacerdotium
438 2559 502 2619 falli
526 2560 659 2620 nescium
682 2560 844 2620 fallendam
866 2577 932 2620 esse
955 2559 1032 2620 serio
1055 2565 1190 2634 censent,
1213 2559 1236 2617 ii
1259 2558 1348 2619 etiam
1366 2577 1447 2618 nunc

221 2675 288 2744 post
315 2666 492 2726 Vaticanum
522 2667 687 2726 Concilium
719 2667 860 2726 scelestae
888 2667 1037 2726 Romanae
1068 2684 1137 2744 pars
1170 2671 1253 2741 sunt,
1290 2685 1351 2725 non
1383 2667 1448 2743 ipsa

220 2774 353 2833 ecclesia.
400 2773 573 2833 Tridentino
600 2773 692 2850 igitur
716 2773 848 2834 Concilio
876 2775 959 2834 finito
993 2775 1123 2834 seniores
1150 2779 1241 2851 atque
1269 2773 1448 2850 insigniores

221 2882 285 2958 ejus
309 2882 403 2941 socios
425 2899 535 2958 paucos
558 2881 651 2941 fuisse
673 2881 919 2956 existimaverim,
943 2882 995 2959 qui
1018 2881 1071 2941 tali
1094 2881 1178 2941 exitu
1196 2899 1265 2942 cum
1283 2881 1374 2958 priori
1395 2899 1448 2958 spe

221 2995 250 3050 ct
273 2990 493 3067 exspectatione
516 2995 682 3066 comparate
705 2989 818 3067 aliquid
840 2989 1004 3050 maestitiae
1026 3007 1086 3049 non
1104 2989 1256 3048 sentirent.
1300 2987 1449 3048 Laetabile

221 3098 341 3176 quidem
364 3097 530 3172 ridebatur,
559 3097 637 3175 quod
660 3103 728 3174 post
750 3102 832 3157 tanta
855 3098 987 3174 ipsorum
1009 3096 1131 3155 Petrum
1154 3095 1279 3156 discidia
1306 3095 1448 3156 ecclesiae

222 3205 321 3265 unitas
353 3205 570 3282 praevaluerat,
607 3205 782 3281 gratissima
813 3205 949 3281 dogmata
981 3223 1019 3263 ox
1051 3203 1248 3280 plurimarum
1280 3203 1448 3263 scholarum

222 3314 368 3372 sententia
387 3331 541 3390 expressa,
560 3313 794 3389 pernesessariae
813 3311 957 3389 quaedam
971 3311 1193 3371 reformationes
1208 3311 1342 3371 decretae
1356 3315 1446 3370 erant.

222 3417 436 3478 Verumtamen
464 3419 551 3478 mrdti
579 3437 631 3496 pro
659 3419 697 3477 iis
726 3419 895 3493 sententiis,
924 3437 999 3496 quas
1027 3418 1087 3496 ipsi
1114 3417 1212 3495 palam
1235 3417 1362 3495 professi
1385 3418 1449 3477 fue-

223 3530 303 3600 rant,
327 3525 358 3584 in
381 3527 530 3600 omnibus,
555 3545 630 3603 quae
652 3526 769 3586 decreta
791 3531 887 3600 erant,
911 3526 999 3603 plone
1021 3525 1209 3604 acquiescere
1227 3543 1287 3584 non
1305 3529 1448 3602 poterant.

224 3632 406 3693 Sacrificium
425 3633 607 3708 intellectus,
630 3633 708 3710 quod
726 3631 843 3708 dicitru,
863 3633 925 3710 jam
943 3639 1016 3693 tune
1034 3633 1269 3710 praedicabatur,
1293 3632 1451 3710 praecipue

224 3741 400 3814 alesnitis,
425 3741 476 3800 sed
500 3759 558 3800 non
582 3746 664 3800 tanto
683 3741 806 3819 ubique,
830 3745 939 3819 quanto
958 3740 1057 3815 hodic,
1081 3759 1230 3800 successu.
1272 3739 1310 3799 In
1329 3739 1452 3816 quibus·

224 3849 291 3907 dam
314 3853 428 3908 tantum
453 3849 541 3908 rebus
563 3847 693 3925 ancipite
716 3849 769 3908 illa
787 3850 887 3923 verba,
910 3849 948 3906 ad
969 3847 1120 3924 oppositas
1140 3847 1195 3906 sibi
1214 3847 1344 3906 invicem
1361 3846 1452 3904 inter-

223 3957 405 4033 pretationes
437 3961 518 4032 apta,
556 3955 744 4016 conscientiis
777 3957 919 4033 effugium
952 3955 1119 4032 praebuere.
1174 3954 1211 4012 In
1243 3953 1310 4012 aliis
1342 3952 1452 4012 mirum

225 4063 377 4122 dicebatur
404 4083 421 4121 a
444 4063 613 4138 nonnullis,
641 4064 733 4142 quod,
761 4082 853 4142 quum
876 4081 930 4140 per
951 4067 996 4122 tot
1018 4061 1119 4122 secula
1141 4061 1273 4121 diuersas
1296 4060 1450 4137 opiniones

225 4171 257 4228 in
280 4170 404 4230 ccclesia
423 4170 553 4246 proferro
571 4170 718 4246 licuisset,
743 4169 840 4230 subito
858 4170 950 4229 altera
968 4170 1087 4230 deberet
1105 4187 1158 4246 pro
1176 4167 1322 4228 haeretica
1341 4166 1450 4226 haberi.

225 4276 274 4338 Sic
301 4277 397 4354 ipsius
421 4277 504 4337 Beati
527 4277 702 4354 Hieronymi
725 4278 762 4338 de
784 4276 963 4354 apocryphis
986 4277 1104 4336 Veteris
1128 4275 1309 4336 Testamenti
1333 4279 1451 4334 senteu-

224 4383 278 4458 tia,
307 4403 396 4462 quam
419 4385 509 4462 paulo
531 4389 601 4445 ante
623 4385 733 4445 summi
755 4385 787 4444 in
810 4385 876 4462 ipsa
900 4383 989 4445 Curia
1010 4384 1081 4460 viri,
1109 4389 1143 4444 ut
1167 4384 1326 4460 Cajetanus
1352 4380 1452 4442 Cardi-

332 4613 359 4682 1)
377 4611 471 4668 Ranke
489 4611 507 4666 Ι.
527 4629 549 4667 c.
567 4610 582 4667 Ι
601 4611 652 4667 218
673 4627 710 4666 ss.
