3156 5056
646 288 738 339 Garun
756 287 804 339 IX,
1281 285 1332 340 211

113 499 232 576 inisset,
261 519 345 576 quam
369 503 417 576 qui
438 503 604 561 omisissent
626 507 657 562 et
679 501 919 576 suppressissent,
950 501 1107 560 haereseos
1130 503 1243 576 culpam
1266 517 1333 561 con-

115 607 283 666 traxissent.
329 607 392 681 Ego
414 625 498 680 vero,
518 608 625 681 inquit,
654 606 752 680 ,doleo
776 607 891 665 exista
913 622 945 664 re
968 611 1081 664 tantum
1102 605 1166 666 lieri
1188 609 1334 680 quaestio·

114 714 174 786 nis,
209 729 296 785 quum
330 727 385 787 ego
415 712 546 772 Romano
578 709 711 772 Pontifici
745 728 803 770 nou
832 727 936 784 negem
967 712 1134 785 primatum,
1167 713 1223 770 uisi
1257 713 1334 786 quod

114 817 251 890 antiquos
273 817 395 876 Sanetus
418 824 448 878 et
471 817 624 891 Apostolos
654 817 743 876 nolim
773 817 936 876 haereticos
966 815 1030 876 lieri
1062 817 1098 876 ob
1128 834 1232 876 novum
1258 819 1334 876 huno

114 921 184 980 iidei
215 923 381 994 articulum,
411 939 496 995 quem
527 923 583 996 ipsi
613 937 671 981 non
699 921 876 980 tenuerunt‘
921 921 1018 994 ,Hanc
1050 923 1127 981 enim
1158 927 1334 996 potestatem

116 1043 216 1085 omnes
248 1026 442 1086 constituendi
473 1032 504 1084 et
533 1028 629 1085 omnia
655 1026 782 1086 faciendi
811 1027 836 1085 si
864 1027 960 1086 tribuo
983 1025 1116 1086 Pontifici
1135 1029 1202 1101 J'ure
1222 1027 1333 1086 divino:

115 1131 338 1204 Hieronymum,
354 1130 561 1204 Augustinnm,
578 1130 767 1204 Cypriacam,
784 1131 989 1203 Athanasium,
1005 1129 1179 1205 Gregorium
1196 1125 1334 1211 (Nazian-

115 1229 234 1314 zenum)
264 1240 296 1292 et
325 1251 424 1294 omnes
455 1236 577 1294 orientis
608 1235 758 1308 episcopos
785 1235 950 1294 haereticos
973 1233 1086 1308 iecer03
1116 1237 1165 1310 qui
1188 1253 1333 1310 uunquam

117 1339 171 1398 sub
195 1355 230 1396 eo
252 1337 383 1414 luerunt,
406 1356 462 1399 neo
485 1340 613 1413 episcopi
637 1339 689 1398 sub
711 1355 747 1398 ao
770 1337 959 1398 constituti.‘¹
1005 1341 1115 1398 Hamm
1132 1341 1222 1414 igitur
1236 1357 1334 1400 rerum

117 1443 267 1502 evidentia
295 1442 387 1502 fretus
415 1444 559 1504 Lutherus
590 1445 620 1501 in
652 1443 793 1516 colloquio
814 1443 960 1518 Lipsieusi
983 1445 1123 1518 primatus
1145 1444 1267 1505 Romani
1286 1447 1335 1519 jus

117 1548 274 1606 humanum
298 1553 467 1608 reverenter
488 1549 605 1622 quidem
626 1548 756 1621 agnovit,
776 1550 824 1622 jus
847 1547 974 1606 divinum
998 1549 1034 1607 ab
1053 1549 1142 1608 Ecoio
1163 1567 1219 1609 non
1241 1551 1335 1609 miuus

118 1651 275 1725 sophistice
299 1668 385 1725 quam
408 1653 551 1712 mordicus
574 1651 723 1712 defensum
748 1635 813 1711 tam¹
830 1653 946 1712 fortiter
968 1656 1159 1728 oppugnavit,
1183 1661 1215 1714 ut
1228 1657 1337 1714 veritas

117 1757 212 1815 bonae
242 1758 436 1816 conscientiae
464 1755 571 1815 liducia
601 1758 742 1818 audacter
769 1759 949 1831 proclamata
975 1764 1044 1817 tuuc
1066 1760 1155 1818 etiam
1178 1758 1336 1832 Georgium

117 1861 244 1935 Ducem,
268 1865 411 1920 attentum
431 1863 519 1921 totius
535 1861 757 1936 disceptationis
773 1862 950 1936 auditorem,
973 1863 1062 1922 Eceio
1077 1861 1236 1938 iuuentem,
1260 1865 1337 1922 intus

116 1971 261 2039 tangeret.
307 1965 362 2037 Qui
385 1971 487 2040 postea
508 1966 607 2026 ambos
622 1966 818 2040 disputatores
836 1967 866 2025 in
883 1967 1012 2025 convivio
1028 1972 1163 2039 exceptos
1178 1968 1336 2040 alloquens,

118 2067 201 2142 ,Sive
223 2069 301 2142 hoc‘,
323 2070 417 2143 inquit
440 2071 493 2144 ,sit
511 2073 578 2144 jure
601 2070 697 2130 divino
723 2070 783 2129 sive
806 2071 945 2144 humano,
968 2070 1115 2130 Romanus
1137 2069 1269 2129 Pontifex
1293 2077 1338 2128 est

119 2180 150 2231 et
180 2178 279 2233 manet
306 2174 439 2233 Summus
462 2173 614 2232 Pontifex}
655 2174 762 2233 Eecius
783 2189 868 2248 vero,
899 2179 1050 2247 postquam
1072 2181 1160 2235 autea
1180 2175 1337 2233 amicitiam

119 2293 191 2351 erga
213 2277 372 2336 Lutberum
396 2279 556 2353 simulavit,
575 2281 637 2352 jam
661 2294 748 2337 saevo
768 2280 830 2352 ejus
849 2277 916 2338 odio
931 2277 1133 2337 imflammatus
1149 2295 1213 2336 oum
1229 2280 1337 2353 scripto

117 2381 207 2456 libro,
237 2398 294 2454 qno
317 2382 443 2442 divinum
473 2389 596 2457 papatus
622 2385 671 2456 jus
693 2383 788 2442 denuo
812 2381 997 2456 defenderat,
1027 2382 1157 2442 Romam.
1169 2385 1337 2456 properavit

117 2485 216 2558 ibique
239 2503 302 2544 eum
319 2484 476 2560 Caietano,
498 2487 656 2562 Priariato,
678 2488 744 2546 aliis
767 2489 935 2561 conjunctos
950 2487 1079 2546 Leonem
1100 2487 1137 2546 ad
1157 2489 1336 2561 spemeudas

114 2591 349 2664 jurisperitorum
369 2607 486 2650 suorum
504 2588 724 2652 dubitationes*
740 2597 770 2650 et
789 2592 826 2651 ad
841 2591 985 2651 edendam
1000 2593 1108 2652 bullam
1123 2593 1204 2651 illam
1218 2593 1336 2652 damna-

117 2697 224 2753 toriam
246 2697 386 2768 perpulit,
415 2712 472 2769 qua
494 2697 653 2756 secuudum
674 2696 859 2772 parabolam,
888 2713 974 2771 quam
997 2715 1085 2772 supra
1107 2699 1336 2772 memoravimus,

118 2801 216 2858 oleum
239 2802 352 2858 camino
373 2800 483 2860 addens
506 2801 653 2874 inceptum
675 2801 841 2862 incendium
862 2801 1097 2876 inexstinguibile
1121 2801 1256 2862 reddidit.

208 2903 307 2963 Facile
343 2905 492 2978 conjicias,
529 2922 614 2980 quam
648 2922 737 2981 aegre
773 2905 984 2966 Germauomm
1016 2905 1178 2980 probissimi
1213 2907 1337 2966 eundem

117 3007 239 3066 Ecoinm
263 3009 396 3082 tulerint,
416 3011 478 3082 jam
496 3011 688 3084 protonatarii
710 3016 741 3070 et
762 3010 856 3069 nuntii
879 3011 992 3084 papalis
1014 3009 1157 3083 dignitate
1178 3011 1338 3070 insolenter

118 3095 308 3186 gloriantem,
339 3129 403 3172 cum
434 3113 514 3172 bolla
539 3129 593 3172 sua
618 3114 648 3172 iu
671 3115 796 3187 patriam
818 3129 982 3184 reversum,
1013 3119 1046 3172 ut
1068 3114 1201 3172 veritatis
1222 3113 1337 3172 divinae

118 3221 209 3289 atque
241 3217 384 3276 humanae
419 3215 603 3277 defensorem
637 3219 731 3292 illum,
764 3234 850 3291 quem
882 3217 1094 3292 disceptatione
1129 3217 1247 3276 vincere
1280 3233 1337 3276 non

118 3325 269 3394 potuerat,
300 3322 328 3378 vi
355 3327 557 3394 prosterneret
587 3337 709 3396 eumque
741 3328 771 3380 et
801 3322 895 3394 ipsum
927 3327 957 3380 et
986 3321 1233 3394 praeclarissimos
1262 3322 1338 3380 viros

122 3423 307 3496 aliquatenus
330 3440 394 3484 cum
418 3442 453 3486 eo
477 3427 705 3500 consentientes,
728 3426 785 3484 nisi
808 3424 981 3484 saomficium
1003 3425 1169 3484 intellectus
1191 3425 1339 3500 offerrent,

120 3545 158 3586 ox
182 3527 317 3587 mandato
336 3527 484 3590 Pontificio
505 3531 699 3590 anathematis
722 3528 841 3589 fulmine
863 3531 1047 3604 percelleret.
1084 3529 1175 3590 Plane
1195 3531 1340 3590 intellexit

120 3632 281 3708 botherus,
305 3651 390 3707 quam
412 3641 493 3694 reete
516 3635 595 3694 illius
617 3636 721 3694 malam
744 3635 831 3695 fidem
855 3639 886 3694 et
907 3635 1082 3694 theatralem
1096 3635 1339 3710 vaniloquentiam

118 3737 223 3794 Zasius
252 3742 282 3795 et
310 3737 449 3797 Erasmus
477 3741 538 3813 jam
568 3745 657 3798 autea
685 3740 920 3813 descripsissem,
950 3755 1035 3812 qnam
1059 3741 1140 3812 justa
1166 3739 1268 3798 luisset
1296 3739 1339 3796 in·

120 3841 246 3914 signium
268 3843 399 3902 virorum
423 3843 580 3903 admonitio
603 3845 777 3904 dicentium:
801 3843 907 3918 ,Cave,
930 3843 1073 3902 Luthere!
1096 3848 1216 3916 experto
1238 3842 1339 3901 credet

119 3945 207 4004 homo
239 3946 294 4005 iste
325 3947 397 4005 nibil
428 3949 483 4006 nisi
514 3946 592 4007 fictio
621 3953 666 4007 eet
696 3953 727 4006 et
756 3942 942 4006 simulatio‘l
998 3945 1112 4004 Revera
1141 3945 1245 4004 Eccim
1274 3962 1339 4004 cum

119 4049 286 4123 Alcandro,
314 4052 442 4111 omnium
470 4049 687 4111 Pontificiorum
715 4057 785 4110 tunc
807 4049 930 4110 fortasse
954 4049 1152 4123 callidissimo,
1184 4055 1214 4109 et
1238 4049 1339 4109 eodem

212 4311 237 4377 1)
255 4311 343 4364 Briese
365 4319 461 4377 1,2oo.
477 4320 527 4366 219
546 4315 579 4382 (a.
597 4313 682 4382 tota).

216 4399 242 4462 2)
260 4399 349 4450 liuuko
369 4407 393 4464 1,
407 4406 465 4452 298.

212 4483 240 4552 3)
260 4485 524 4550 Seckandorl1,8il.
561 4487 663 4538 Erasmi
686 4487 822 4552 epistolam
845 4486 875 4536 de
895 4485 987 4548 Recio,
1012 4484 1084 4552 cujus
1106 4484 1257 4536 montionem
1280 4485 1342 4536 iacit

119 4571 266 4636 Lutherus,
286 4587 366 4638 supra
383 4573 578 4625 memoravimus
599 4590 624 4639 p.
641 4578 697 4625 1³5.

1058 4658 1122 4723 14*
