3144 5092
662 295 750 352 Garun
767 295 800 351 V.
1293 299 1345 356 125

113 499 230 560 Eodem
261 500 446 560 nobilissimo
477 501 585 560 affectu
617 500 706 564 etiam
738 519 840 561 omnes
867 501 932 578 ejus
960 501 1070 562 amicos
1098 520 1152 579 per
1178 503 1348 564 universam

113 607 235 667 Italiam
262 608 423 668 concitatos
451 625 518 668 esse
545 607 652 667 mirum
680 627 741 669 nou
767 614 821 669 est.
868 607 978 669 Omnes
1005 609 1086 671 enim
1114 615 1144 669 et
1171 610 1303 671 veritatis
1330 630 1348 670 a

115 715 250 776 Galilaeo
282 715 459 791 vindicatae,
494 716 580 792 cujus
612 721 756 794 quantum
788 717 917 776 humano
949 717 1050 794 generi
1083 717 1239 778 interesset
1270 717 1347 778 clare

114 823 263 898 sciebant,
289 828 319 883 et
342 823 483 884 ecclesiae
506 823 717 883 studiosissimi
739 829 831 884 erant
878 822 988 884 Omnes
1011 825 1167 902 utriusque
1189 825 1347 885 discidium

113 949 171 1008 pro
194 949 311 990 summa
332 931 499 991 calamitate
517 931 670 990 habebant.
712 929 808 1005 Quare
827 950 919 1010 quum
935 933 997 1008 jam
1015 932 1156 992 Pontifex
1174 933 1346 1008 exstitisset

114 1037 170 1114 qui
197 1038 330 1098 veritatis
357 1043 605 1116 propugnatorem
634 1043 716 1098 tanta
742 1045 773 1099 et
799 1039 993 1100 admiratione
1020 1045 1051 1100 et
1078 1041 1259 1116 benignitate
1286 1059 1347 1100 am·

113 1145 315 1222 plectebatur,
339 1151 400 1205 tam
423 1145 514 1206 fausti
536 1147 678 1223 temporis
700 1147 919 1223 opportunitate
938 1165 1026 1225 quam
1044 1148 1185 1208 acerrime
1203 1149 1347 1208 utendum

92 1271 184 1313 *csse
220 1253 386 1314 censebant.
443 1251 554 1314 'lamen
590 1259 702 1331 quanta
733 1253 825 1314 simul
856 1255 1120 1332 circumspectione
1152 1261 1182 1315 et
1212 1256 1347 1316 cautione

113 1378 192 1437 opus
220 1365 300 1420 esset
325 1379 513 1439 nequaquam
540 1379 590 1421 eos
617 1361 756 1438 fugiebat
802 1361 950 1422 Videbant
976 1362 1070 1438 enim,
1097 1363 1207 1424 Romae
1231 1381 1348 1440 semper

113 1467 214 1527 adhuc
241 1468 405 1545 plurimum
432 1468 530 1528 valere
552 1468 685 1530 ueritatis
708 1487 807 1529 osores
830 1487 939 1547 eosque
958 1469 1104 1546 judicium
1127 1489 1144 1530 a
1168 1471 1257 1531 (iuria
1279 1489 1346 1531 con·

113 1575 267 1635 firmatum
289 1576 571 1652 praeseferentes,
594 1577 680 1653 eujus
700 1576 826 1637 sublatio
845 1582 906 1636 tam
923 1577 1056 1637 difficilis
1075 1596 1163 1654 quam
1182 1578 1348 1639 necessaria

114 1689 187 1742 erat
243 1681 349 1742 Omnia
382 1701 453 1744 sane
484 1683 651 1761 pendebant
682 1703 700 1743 a
730 1684 886 1760 Pontifice,
923 1703 941 1744 a
972 1685 1058 1762 cujus
1089 1685 1242 1745 voluntate
1274 1686 1347 1764 quin

114 1789 229 1866 optima
256 1791 455 1868 exspectanda
482 1797 584 1851 essent
610 1792 663 1850 vix
690 1791 800 1870 aliquis
827 1797 900 1852 tunc
926 1793 1068 1870 temporit
1095 1793 1259 1870 dubitabat;
1293 1793 1346 1852 sed

114 1915 187 1956 mox
210 1898 344 1976 quaestio
366 1903 430 1957 orta
453 1903 511 1973 est,
534 1916 607 1957 num
630 1897 705 1958 tanti
728 1899 781 1958 ille
799 1900 875 1959 foret
893 1899 985 1958 animi
1003 1905 1034 1960 et
1051 1899 1177 1976 ingenii,
1200 1905 1235 1959 ut
1252 1901 1345 1977 impe-

115 2005 249 2065 dimenta
271 2005 329 2064 ista
351 2005 414 2065 veri
437 2005 556 2066 vincere
579 2011 609 2066 et
630 2005 722 2066 vellet
744 2011 774 2066 et
795 2011 903 2083 posset.

226 2111 319 2190 Cujus
354 2111 397 2172 rei
435 2131 520 2190 spem
556 2113 687 2191 aliquam
718 2114 857 2190 praebere
888 2113 1026 2174 Urbanus
1058 2114 1144 2175 initio
1175 2115 1259 2175 visus
1291 2091 1353 2191 est,¹

115 2238 210 2298 quum
241 2239 259 2279 a
287 2219 412 2281 Galilaei
444 2227 528 2298 parte
559 2226 660 2282 contra
691 2221 755 2298 ejus
787 2221 969 2282 muersamos
997 2227 1076 2282 stare
1103 2240 1162 2282 non
1190 2222 1343 2282 dubitaret.

116 2327 256 2388 Grassius
284 2328 405 2405 quidam
432 2327 559 2403 Jesuita,
588 2328 644 2388 sub
672 2327 764 2389 Sarsii
792 2329 912 2389 nomine
938 2328 1047 2404 lateus,
1076 2330 1113 2390 de
1140 2329 1229 2390 variis
1256 2349 1344 2408 quae-

116 2435 263 2494 stionibus
281 2435 416 2514 physicis
434 2441 464 2495 et
482 2435 698 2513 philosophicis
716 2441 817 2496 oontm
831 2435 997 2497 Galilaeum
1013 2437 1123 2497 librum
1142 2444 1346 2515 composuerat

115 2542 259 2602 invidiam
287 2547 317 2603 et
343 2543 443 2603 odium
472 2543 646 2621 spirantem,
674 2545 723 2604 cui
750 2543 857 2604 titulus
885 2550 947 2604 erat
970 2545 1072 2620 ,Libra
1098 2545 1293 2606 astronomica
1315 2551 1346 2606 et

115 2649 343 2727 philosophica‘.
385 2650 465 2710 Huic
483 2651 579 2712 adhuc
597 2657 739 2728 regnante
758 2651 897 2728 Gregorio
915 2651 981 2712 XV.
1001 2652 1152 2714 Galilaeae
1170 2653 1345 2730 urgentibus

115 2757 219 2818 amicis
238 2757 461 2818 celeberrimum
480 2777 555 2836 opus
569 2759 720 2836 opposuit,
739 2760 818 2838 quod
831 2759 984 2838 inscripsit
998 2765 1150 2836 ,stateram
1163 2761 1345 2838 aurariam‘,1

115 2869 150 2924 ut
172 2865 286 2926 scilicet
307 2866 510 2926 adversarium
532 2866 565 2925 in
587 2866 793 2927 examinandis
821 2867 1026 2928 subtilissimis
1054 2869 1261 2947 quaestionum
1284 2887 1344 2928 mo-

115 2973 224 3032 mentis
247 2973 363 3050 rulgari
385 2991 441 3034 nec
464 2974 537 3034 satis
559 2979 694 3034 accurata
715 2975 827 3033 mutina
844 2992 934 3034 usum
951 2993 1017 3034 esse
1036 2976 1222 3052 significaret.
1261 2973 1344 3049 Quod
1398 3003 1400 3008 v

115 3098 190 3157 opus
209 3085 239 3140 et
256 3085 376 3158 propter
394 3081 634 3158 gravissimarum
649 3079 993 3159 jucundissimarumque
1010 3099 1109 3141 rerum
1128 3081 1343 3157 abundantiam,

115 3193 146 3248 et
167 3193 287 3266 propter
309 3189 463 3249 victricem
486 3189 518 3247 in
540 3188 731 3270 disceptando
753 3187 866 3264 ingenii
888 3188 995 3263 aciem,
1018 3193 1049 3248 ct
1070 3193 1190 3265 propter
1212 3187 1343 3263 ,Etrusci

116 3295 261 3355 sermonis
288 3297 375 3356 flores
398 3302 428 3357 et
450 3299 598 3372 veneres‘,
626 3313 695 3356 cum
718 3293 798 3354 virili
823 3295 952 3373 quodam
970 3295 1072 3356 robore
1095 3295 1279 3372 conjunctas,
1307 3295 1343 3354 ab

114 3402 288 3480 aequalibus
316 3422 432 3464 summa
454 3421 523 3464 oum
545 3403 737 3464 admiratione
759 3407 917 3480 exceptum
940 3407 993 3463 est.
1040 3401 1136 3477 Quare
1157 3402 1344 3479 Lynceorum

116 3509 251 3586 societas,
275 3509 440 3572 Galilaeum
468 3511 599 3572 sodalem
626 3528 742 3588 semper
768 3510 885 3586 fovens,
914 3510 989 3570 illud
1011 3509 1121 3570 Romae
1146 3509 1229 3587 prelo
1252 3510 1343 3586 subji-

114 3617 252 3678 ciendum
284 3623 314 3678 at
345 3636 414 3678 cum
441 3619 738 3679 honorificentissimo
766 3618 904 3679 Censoris
935 3617 1047 3695 publici
1075 3617 1170 3695 elogio
1197 3618 1342 3678 edendum

115 3725 236 3785 curavit.
286 3725 382 3787 Immo
409 3725 575 3802 Urbanum,
608 3725 660 3804 qui
692 3727 805 3786 interea
831 3731 947 3786 mortuo
974 3725 1114 3802 Gregorio
1139 3725 1221 3803 Papa
1248 3725 1343 3785 factus

114 3839 189 3908 erat,
221 3837 257 3892 ut
287 3833 364 3894 illud
395 3833 452 3894 sibi
483 3833 614 3894 dedicari
645 3834 829 3911 permitteret
860 3837 1024 3893 moverunt.
1080 3831 1164 3892 Tunc
1194 3832 1343 3907 Pontifex,

114 3939 267 4000 nonnullis
290 3941 355 4018 ejus
378 3941 495 4018 paginis
519 3959 537 4001 a
561 3939 711 4018 Ciampolo
736 3940 886 4001 Cardinali
909 3940 1041 4001 recitatis
1063 3939 1150 4000 valde
1173 3938 1342 4014 delectatur,

114 4047 223 4108 librum
255 4047 333 4108 inter
364 4065 485 4109 coenam
512 4047 569 4108 sibi
597 4047 658 4125 legi
682 4048 787 4124 jussit;
820 4065 903 4122 mox,
934 4047 1005 4108 licet
1031 4045 1189 4125 permultis
1215 4047 1342 4124 negotiis

114 4161 290 4232 occupatum
309 4173 341 4216 se
360 4173 476 4215 summa
494 4173 563 4216 cum
576 4154 728 4232 voluptate
741 4173 809 4216 eum
823 4159 918 4215 totum
931 4154 1094 4232 perlegisse
1107 4154 1259 4231 professus
1274 4155 1343 4214 est²

222 4330 248 4399 l)
267 4329 326 4385 ltal.
346 4328 378 4399 ,il
397 4331 570 4402 saggiatorc‘,
590 4330 660 4399 quod
679 4331 706 4384 et
724 4329 930 4384 examinatorem
950 4329 1077 4399 pecuniae
1097 4329 1246 4398 (essayeur)
1260 4328 1342 4399 signi-

113 4417 188 4487 ficat,
208 4421 235 4472 et
253 4421 352 4474 statera
371 4437 424 4490 qua
441 4419 486 4474 ille
505 4419 590 4473 utitur
609 4420 654 4489 (ε
672 4417 786 4474 bilancis
804 4418 837 4474 da
855 4419 1015 4490 saggiatori).
1052 4418 1111 4474 Hoc
1129 4435 1211 4473 sensu
1228 4419 1342 4474 verbum

114 4507 234 4563 adhibuit
253 4507 387 4564 Galilaeus
406 4509 439 4564 cf.
460 4509 526 4579 Opp.
546 4508 589 4564 IX
608 4509 667 4565 156.

221 4597 248 4668 2)
268 4597 316 4668 Op.
336 4599 362 4653 di
382 4599 437 4654 Gal.
458 4599 545 4669 suppl.
566 4600 631 4669 1543
650 4597 692 4654 IX
709 4599 753 4653 44.
773 4599 816 4655 50.
