3134 5054
220 265 272 322 302
709 263 811 314 Paarrs
831 263 945 314 Puroars

117 457 119 462 ¹
219 495 284 538 cum
312 478 442 538 Luthero
475 494 561 552 quam
595 495 661 538 cum
691 479 815 552 ceteris,
852 476 905 536 sed
932 476 985 536 hos
1020 494 1073 550 pro
1115 477 1268 538 obstinatis
1307 476 1448 536 veritatis

219 584 349 643 hostibus
381 588 412 642 et
439 589 560 644 satam
587 583 704 656 organis
733 575 778 662 (id
800 581 876 655 qnod
903 583 954 641 ille
976 575 1081 662 voluit)
1104 582 1212 642 habere
1231 600 1291 642 non
1312 587 1448 657 poterat

218 688 259 748 Ut
280 689 358 747 inter
379 687 510 748 homines
531 687 649 762 peccari
668 687 705 746 ab
727 693 851 760 utraque
873 691 957 760 parte
980 687 1101 760 putavit.
1139 687 1234 746 Multa
1256 689 1288 746 in
1315 686 1450 746 Lutheri

218 791 351 851 doctrina
372 792 539 866 plenissime
560 791 693 864 probavit
716 797 854 864 tauquam
877 793 1066 866 congruentia
1089 809 1155 850 eum
1177 808 1262 852 sacra
1284 792 1448 864 scriptura

218 896 327 956 Verum
348 901 447 956 tamen
468 897 527 956 alia
548 897 664 970 rejecit,
687 895 724 954 de
748 897 814 955 aliis
836 896 980 956 dubitarit
1001 896 1058 970 vel,
1082 897 1211 970 quamvis
1233 897 1270 956 iis
1290 896 1445 956 accedere

221 1003 334 1060 animus
366 1003 535 1075 inclinaret,
568 1001 746 1074 privatarum
778 1001 943 1074 opinionum
976 1000 1041 1060 loco
1070 1016 1107 1060 ea
1129 1002 1239 1074 posuit,
1273 1001 1448 1060 accuratius

221 1122 343 1166 examen
375 1111 404 1166 et
431 1106 575 1180 publicam
602 1106 744 1166 ecclesiae
768 1121 867 1165 vocem
887 1105 1066 1165 desiderans.
1110 1105 1258 1164 Lutherus
1280 1121 1350 1164 vero
1371 1112 1449 1178 post

222 1212 339 1270 comitia
359 1211 599 1285 wormatiensis,
618 1215 770 1284 postquam
791 1210 905 1284 reliqua
919 1209 1048 1284 Papatus
1068 1207 1230 1284 fermenta,
1255 1225 1331 1283 quae
1354 1225 1449 1268 voca·

221 1317 287 1390 bat,
316 1316 408 1390 magis
437 1316 586 1390 magisque
609 1315 730 1390 abjecit,
757 1317 819 1388 jam
850 1315 947 1373 omnia
978 1313 1057 1388 tere,
1086 1331 1275 1388 quaecuuque
1305 1313 1446 1386 docebat,

221 1421 286 1494 pari
306 1419 482 1479 certitudine
503 1420 597 1496 accipi
620 1420 695 1479 velle
719 1417 881 1478 videbatur.
920 1417 1017 1489 Quare
1033 1419 1172 1478 Erasmus
1195 1436 1260 1478 cnm
1283 1435 1335 1477 sno
1350 1419 1446 1478 liber-

221 1524 290 1582 tatis
316 1539 414 1582 amore
444 1529 559 1598 gratnm
588 1541 619 1584 se
651 1525 679 1584 ei
710 1525 817 1584 socium
841 1539 905 1583 esse
927 1540 987 1582 non
1007 1540 1091 1596 posse
1114 1523 1245 1597 putabat
1289 1523 1446 1582 Interdum

222 1627 357 1702 timebat,
387 1645 424 1688 ne
454 1629 503 1686 ille
534 1645 586 1688 suo
616 1628 731 1688 modulo
754 1644 854 1688 omnes
877 1629 1001 1688 metiens
1020 1630 1081 1702 jam
1105 1628 1238 1688 similiter
1260 1633 1348 1700 atque
1371 1643 1447 1700 pars

222 1731 382 1790 monastica
400 1737 554 1806 tyrannum
573 1738 684 1806 ageret.
721 1731 804 1792 Tunc
821 1732 985 1807 dubitabat,
1004 1749 1072 1792 uum
1092 1732 1247 1806 quidquam
1270 1732 1301 1790 iu
1322 1732 1447 1805 negotio

222 1836 391 1895 Lntberano
414 1852 433 1894 a
454 1835 519 1896 Deo
539 1834 701 1910 protectum
722 1843 810 1897 esset.
855 1836 914 1897 Sed
933 1853 997 1896 mor
1020 1837 1057 1896 ab
1081 1853 1185 1911 aspero
1209 1835 1446 1910 ejdemodiJudi-

223 1941 268 2000 cio
291 1939 467 2000 revocabant
489 1957 554 2000 eum
576 1957 651 2015 quae
675 1947 758 2002 recta
781 1946 812 2001 et
834 1943 988 2016 praeclara
1003 1957 1067 2000 esse
1083 1941 1114 1999 iu
1129 1940 1258 2000 Luthero
1274 1945 1444 2014 agnoverat.

224 2046 306 2106 Tunc
333 2045 371 2105 de
401 2063 433 2106 se
466 2047 530 2121 ipso
563 2045 699 2106 dubitans
730 2047 837 2105 iterum
867 2046 904 2104 ad
935 2045 1141 2106 examinandas
1170 2046 1249 2104 illins
1278 2045 1444 2104 sententias

223 2148 455 2225 aggrediebatur.
507 2146 632 2225 Semper
660 2157 759 2210 tammr
787 2151 940 2210 restabant
969 2167 1044 2224 quae
1073 2151 1207 2224 accipere
1234 2165 1293 2208 non
1314 2155 1443 2224 poterat

223 2255 337 2329 ,Meum
359 2254 513 2329 animnm‘,
543 2257 650 2329 inquit,
681 2255 822 2328 ,nondum
844 2255 1033 2328 tranquillant
1063 2254 1296 2314 asseverationes
1317 2253 1444 2314 Lutheri

224 2360 352 2434 quamvis
382 2357 487 2434 sortes,
521 2358 596 2419 adeo
626 2359 704 2418 inter
725 2359 882 2434 legendum
910 2360 999 2418 multa
1021 2363 1192 2434 occurrunt,
1225 2374 1302 2432 quae
1330 2361 1445 2432 possint

224 2461 469 2522 asseverationem
508 2459 664 2520 infirmum.
722 2461 775 2532 Qui
817 2463 879 2536 agit
913 2468 1014 2520 contm
1045 2463 1268 2536 conscientiam,
1306 2460 1446 2522 aedificat

223 2567 395 2638 gehennam.
440 2563 475 2622 ln
497 2570 579 2624 tanto
602 2564 681 2624 orbis
703 2565 838 2626 incendio
859 2566 1017 2640 prospiciat
1038 2566 1093 2626 sibi
1113 2567 1162 2640 qui
1178 2567 1263 2640 velit,
1284 2567 1355 2625 mihi
1369 2583 1446 2626 cura

226 2669 283 2728 erit
304 2669 379 2728 hauc
401 2668 558 2728 animulam
579 2667 693 2728 Christo
716 2671 858 2730 servatori
880 2667 1046 2730 tradere.‘¹
1400 2670 1407 2682 '

314 2772 395 2844 Quae
417 2787 502 2846 quam
525 2773 602 2832 serio
625 2773 746 2849 diuam,
770 2791 806 2834 ex
826 2776 880 2851 iis,
903 2791 980 2849 quae
995 2775 1149 2834 Erasmnm
1171 2775 1277 2834 liberis
1298 2774 1336 2833 ad
1358 2771 1447 2832 tami-

224 2877 393 2938 liarissimos
415 2878 523 2938 amiam
545 2877 620 2937 datis
643 2877 807 2938 confessum
830 2895 895 2940 esse
910 2880 1054 2956 videmus,
1076 2879 1173 2939 lucide
1193 2885 1323 2953 apparet.
1356 2877 1447 2938 Haud

224 2983 316 3043 semel
338 2982 507 3058 anquiaivit,
528 2999 626 3043 annon
648 2984 782 3058 proprius
804 2984 843 3044 ad
865 2985 1028 3044 Lutherum
1049 2984 1191 3043 accedere
1214 2983 1271 3042 sibi
1293 2982 1338 3042 fas
1353 2989 1446 3044 esset

223 3087 320 3148 Multa
341 3093 438 3163 erant,
462 3104 535 3162 quae
558 3087 595 3148 ad
618 3089 715 3162 operis
731 3088 908 3163 Vitebergae
932 3090 1040 3164 incepti
1056 3089 1226 3149 societatem
1241 3088 1360 3147 allicere
1376 3103 1447 3146 eum

223 3198 350 3268 possent.
406 3191 624 3254 Contenderunt
651 3193 688 3253 ab
715 3211 750 3254 eo
773 3194 851 3254 omni
873 3194 986 3269 studio,
1020 3199 1053 3252 ut
1082 3191 1198 3267 publice
1232 3193 1312 3252 illam
1343 3194 1447 3266 iniret,

224 3298 353 3372 insignes
383 3298 453 3370 viri,
481 3315 552 3372 qnos
575 3300 678 3358 summi
698 3297 785 3374 fecit,
813 3300 902 3358 etiam
924 3300 1060 3373 princeps
1081 3296 1207 3372 quidam.
1252 3298 1301 3358 Sic
1323 3297 1448 3356 multum

224 3405 328 3462 urium
362 3405 530 3478 evangelico
561 3405 678 3478 negotio
704 3403 872 3478 nrbunetum
902 3404 940 3463 iri
968 3401 1212 3478 significaverunt
1256 3402 1358 3476 Neque
1379 3418 1448 3461 rem

224 3489 268 3565 ita
289 3523 321 3566 se
340 3507 451 3566 babere
470 3508 565 3582 ipsum
580 3508 734 3567 Erasmum
755 3507 838 3584 fugit.
878 3509 973 3581 Quare
995 3526 1053 3568 non
1075 3511 1139 3568 sine
1163 3509 1224 3568 sale
1240 3506 1357 3567 Beddae
1372 3507 1448 3566 scri-

225 3610 285 3685 bit,
308 3627 340 3670 se
358 3611 487 3685 potuisse
510 3611 703 3685 coryphaeum
724 3618 756 3672 et
777 3619 926 3688 satrapem
946 3629 1010 3673 esse
1027 3614 1105 3672 inter
1120 3607 1340 3672 Lutherauos.’
1375 3611 1448 3684 Ipse

224 3715 255 3776 id
282 3720 434 3791 spectans,
468 3715 544 3789 quod
572 3717 603 3774 in
624 3715 753 3776 Luthero
776 3735 846 3778 vere
877 3718 1065 3778 christianum
1094 3722 1125 3778 et
1147 3717 1346 3790 evangelicum
1370 3721 1447 3788 erat,

225 3821 263 3882 ad
284 3821 375 3896 hunc,
395 3820 465 3880 licet
486 3822 516 3879 iu
539 3837 571 3880 se
593 3821 830 3898 injnsdssimum,
859 3823 954 3882 denuo
976 3838 1091 3896 semper
1113 3821 1293 3880 trahebatur.
1337 3819 1448 3878 Hostes

226 3941 391 3986 communes
421 3931 507 3985 erant
530 3927 681 4002 papistae,
709 3928 873 4003 sophistae,
902 3927 1097 4002 superstitiosi
1115 3924 1262 3999 monachi,
1285 3924 1334 3996 qui
1355 3923 1447 3982 Eras-

225 4048 303 4090 mum
324 4031 373 4090 vel
390 4031 521 4104 pejorem
543 4030 673 4090 Luthero
694 4033 873 4093 haereticum
897 4048 963 4092 esse
983 4030 1160 4091 clamabant:
1184 4029 1266 4088 illum
1286 4043 1340 4087 ova
1354 4043 1447 4101 pepe-

225 4135 316 4209 risse,
346 4134 423 4192 hunc
453 4135 625 4209 exclusisse,
660 4135 697 4194 ab
726 4137 777 4196 illo
800 4153 832 4198 se
856 4137 985 4196 convicia
1005 4136 1085 4210 pati,
1115 4135 1153 4194 ab
1175 4133 1230 4193 hoo
1249 4135 1350 4206 jocoso
1370 4131 1447 4192 ludi·
1534 4165 1538 4173 ·

227 4239 292 4298 brio
311 4238 435 4300 traduci.
473 4239 517 4298 De
540 4239 642 4313 quibus
664 4241 828 4302 hominibus
850 4241 934 4316 dicit,
958 4241 1035 4316 ,sola
1057 4238 1237 4299 conscientia
1257 4253 1290 4298 se
1312 4237 1446 4296 revocari

229 4343 462 4418 aLutherania,
492 4343 599 4418 alioqui
621 4361 661 4427 ⁸se
684 4345 897 4407 declaraturum
916 4345 1005 4406 fuisse
1028 4345 1086 4404 illis
1109 4343 1192 4403 furiis
1215 4342 1316 4416 quales
1337 4346 1447 4401 essent.

317 4571 342 4637 1)
360 4573 427 4634 Opq.
446 4569 485 4632 X,
506 4573 582 4620 itti.
695 4573 722 4636 i)
741 4575 809 4640 Epp.
828 4572 907 4638 xlx,
927 4581 968 4625 91.
