3202 5058
614 250 618 258 Ι
684 293 775 344 Carnu
792 293 812 343 I.
1322 293 1354 344 15

147 383 409 390 ἡ.
1189 383 1355 390 φ*

142 509 334 579 tellegeretur
362 513 393 566 ct
421 513 637 581 agnosceretur,
670 506 707 566 ab
736 507 832 566 altera
860 513 943 580 parte
971 507 1105 580 dogmata
1129 508 1297 582 catholica,
1319 508 1357 566 ad

141 612 258 669 modum
280 612 413 670 Bossueti
441 613 540 670 sanius
571 621 602 670 et
628 613 806 686 ingeniosius
834 612 979 684 explicata
1002 629 1037 670 ac
1060 611 1221 686 declarata,
1250 614 1356 685 justius

136 717 354 790 judicarentur,
378 716 504 788 denique
524 716 633 788 junctis
654 714 784 774 fraterna
802 716 925 774 caritate
945 717 1069 774 omniurn
1085 717 1193 774 viribus
1214 718 1356 776 revelatio

139 821 196 892 p'er
220 819 363 878 Christum
386 819 465 878 iacta
486 825 518 878 ut
533 820 666 878 absoluta
684 821 792 878 veritas
809 820 896 878 altius
919 825 950 878 et
971 821 1084 894 plenius
1106 827 1203 878 mente
1226 838 1355 895 compre-

140 924 329 983 henderetur.
375 925 451 982 Dum
474 925 516 981 ita
538 941 595 983 uno
618 925 711 998 posito
734 923 920 983 fundamento
942 925 981 984 ad
1003 924 1162 998 perfectam
1186 927 1356 996 cognitionis

142 1030 287 1087 unitatem
309 1045 409 1086 omnes
432 1029 657 1102 pertenderent,
680 1045 744 1086 cum
766 1029 887 1086 Erasmo
909 1028 1072 1087 Leibnitius
1094 1029 1207 1087 censuit
1230 1031 1356 1088 toleran-

141 1133 210 1190 dam
240 1133 305 1190 fore
336 1134 454 1191 iuterim
480 1132 605 1205 aliquam
634 1135 844 1192 sententiarum
872 1133 1057 1208 varietatem,
1091 1133 1184 1206 qualis
1212 1135 1299 1192 etiam
1326 1135 1356 1192 in

142 1237 275 1295 Romana
306 1237 431 1296 ecclesia
459 1238 550 1310 magis
577 1253 664 1310 quam
693 1237 861 1310 plerumque
892 1237 1102 1296 concederetur
1130 1254 1245 1311 semper
1271 1241 1357 1298 exsti·

143 1343 237 1400 tisset
282 1341 385 1414 Neque
408 1341 464 1398 nisi
481 1342 512 1398 in
534 1342 708 1399 necessariis
737 1342 824 1400 rebus
846 1341 1007 1414 perfectam
1030 1343 1171 1400 unitatem
1188 1343 1254 1415 jure
1278 1342 1359 1402 effla·

144 1447 241 1520 gitari.
285 1445 366 1504 Nihil
388 1447 465 1504 enirn
487 1446 544 1519 ipsi
566 1447 700 1519 religioni
729 1447 920 1520 perniciosius
943 1461 1024 1520 esse,
1046 1463 1131 1520 quam
1146 1449 1172 1506 si
1185 1449 1358 1512 hierarchis.

141 1553 251 1625 justam
273 1556 449 1624 potestatem
466 1567 547 1610 suam
562 1557 757 1625 transgressa,
778 1551 909 1626 quemvis
932 1551 1093 1610 dissensum
1115 1568 1167 1610 sue
1186 1555 1358 1612 auctoritate

145 1658 249 1714 tollere
285 1661 316 1713 et
343 1655 465 1714 hberem
494 1655 741 1727 dementationem
775 1655 938 1730 opprimere
967 1655 1063 1716 vellet.
1117 1656 1230 1731 ,lllud,‘
1256 1659 1359 1730 inquit,

146 1777 212 1833 ,pro
229 1765 309 1818 certo
330 1760 441 1834 habeo,
464 1765 527 1819 arte
548 1761 649 1818 critica
671 1763 777 1819 enimse
799 1761 926 1819 humana
940 1758 1009 1819 fidei
1030 1761 1145 1820 divinae
1167 1762 1372 1820 instrumenta

146 1865 232 1922 simul
254 1866 409 1923 interitura
430 1862 514 1923 esse‘
559 1863 676 1938 ,Fateor
698 1865 865 1924 libertatem
885 1879 1056 1938 generosam
1078 1883 1135 1923 non
1161 1882 1225 1926 esse
1248 1868 1359 1940 suppri-

147 1968 282 2028 mendam
309 1969 498 2042 veritatisque
527 1971 664 2042 majorem
697 1985 761 2028 esse
783 1971 925 2028 rationem
947 1969 1109 2028 habendam
1132 1987 1217 2042 quam
1237 1971 1361 2030 auetori-

148 2073 259 2133 tatie.‘¹
304 2073 385 2146 Quae
420 2079 518 2131 tamen
551 2091 609 2132 non
635 2075 677 2132 ita
699 2073 783 2147 dicit,
817 2075 899 2146 quasi
934 2074 1078 2132 ecclesiae
1097 2075 1144 2146 jus
1178 2079 1208 2132 et
1235 2074 1359 2133 officium

148 2177 271 2252 deroget
292 2179 426 2250 publicae
449 2177 598 2236 doctrinae
623 2177 673 2236 ubi
695 2192 816 2236 neeesse
839 2179 877 2234 sit
898 2175 1090 2235 definiendae.
1124 2177 1199 2247 Quin
1221 2179 1307 2236 immo
1330 2178 1360 2236 id

147 2299 203 2354 per
225 2282 352 2340 futurum
373 2281 445 2340 illud
467 2282 620 2340 concilium
641 2297 710 2340 vere
733 2281 950 2338 oecumenicum
972 2277 1035 2338 fieri
1050 2280 1151 2353 voluit,
1175 2281 1250 2352 quod
1265 2283 1362 2340 conci-

147 2388 232 2458 lium,
255 2387 280 2445 si
302 2387 362 2445 tale
385 2387 536 2461 evaderet,
567 2387 654 2460 quale
674 2387 736 2459 iam
758 2383 939 2458 praelatione
964 2384 1152 2460 Augustanoe
1174 2383 1362 2445 confessionis

148 2507 216 2550 esse
238 2490 347 2550 debere
370 2491 477 2550 dietum
500 2497 593 2564 esset,
623 2490 719 2550 divino
742 2490 850 2564 Spiritu
873 2491 911 2548 ad
932 2507 1046 2550 omnem
1069 2490 1221 2549 veritatem
1245 2491 1362 2550 ductum

149 2597 186 2654 iri
210 2593 332 2654 firmiter
353 2596 484 2654 credidit
530 2594 626 2664 Quare
650 2601 683 2653 nt
703 2595 756 2653 tali
780 2593 909 2654 Concilio
933 2601 964 2654 et
984 2595 1184 2654 Protestautes
1206 2601 1236 2654 et
1259 2593 1364 2654 Catho-

149 2701 200 2758 lici
222 2701 252 2758 iu
272 2707 455 2760 antecessum
478 2716 509 2759 se
534 2701 738 2758 submitterent
758 2701 906 2772 postulare
929 2716 989 2757 nou
1010 2699 1160 2758 dubitavit.

238 2806 303 2864 Hae
325 2806 499 2878 principales
520 2804 657 2862 Leibnitii
680 2805 717 2862 de
739 2804 920 2864 restituenda
941 2803 1094 2862 Ecclesiae
1116 2804 1226 2863 unitate
1251 2806 1362 2878 cogita-

148 2913 245 2970 tiones
268 2917 360 2969 erant.
405 2909 466 2967 Iam
486 2909 516 2967 id
535 2925 651 2981 semper
673 2908 859 2967 memorabile
883 2908 953 2983 erit,
975 2908 1051 2980 quod
1073 2907 1109 2966 de
1131 2908 1176 2966 his
1200 2914 1268 2966 tunc
1291 2915 1363 2970 tem-

147 3016 230 3089 porie
262 3017 341 3074 iuter
373 3015 538 3087 praeclaros
572 3014 721 3086 utriusque
754 3014 847 3086 partis
876 3013 952 3070 viros
976 3012 1053 3070 serio
1077 3017 1108 3070 et
1129 3013 1221 3071 amice
1243 3015 1363 3072 tractari

148 3120 252 3194 potuit.
298 3119 362 3190 Qua
382 3120 446 3192 ipsa
469 3120 640 3177 maximere
656 3118 837 3190 factumest,
861 3123 894 3174 ut
907 3117 1104 3189 philosophus,
1127 3133 1214 3187 quum
1228 3133 1363 3189 magnum

149 3233 181 3283 et
215 3225 361 3283 excelsum
390 3221 476 3282 finem
505 3223 560 3282 albi
581 3222 791 3296 proposuisset,
823 3220 860 3277 ad
891 3219 1103 3291 assequendum
1124 3235 1190 3277 eum
1213 3227 1295 3279 reeta
1317 3221 1364 3278 via

149 3328 290 3387 incedere
323 3328 379 3386 sibi
411 3327 568 3386 videretur.
614 3327 649 3385 ln
681 3325 812 3422 siugulis‘
831 3323 947 3398 quidem
975 3338 1007 3380 se
1037 3338 1150 3382 errasse
1178 3324 1241 3397 ipse
1264 3331 1366 3397 postea

150 3435 335 3506 aliquatenus
363 3433 515 3491 intellexit.
559 3431 678 3490 Etenim
705 3431 737 3488 in
766 3429 961 3504 explicandis,
988 3426 1194 3504 defendendis,
1222 3446 1366 3488 commen-

150 3539 256 3598 dandis
286 3539 438 3596 sententiis
466 3537 525 3594 suis
551 3536 658 3608 passim
685 3535 768 3594 valde
796 3535 884 3593 dubia
913 3539 943 3592 et
974 3534 1067 3606 minus
1084 3539 1167 3592 recta
1188 3535 1366 3608 protulerat,

151 3646 182 3700 in
214 3643 332 3716 negotio
358 3642 468 3699 ireuico
493 3657 546 3712 per
576 3641 671 3698 varias
694 3641 767 3698 tanti
797 3639 934 3712 temporis
953 3638 1137 3698 condiciones
1159 3645 1306 3712 protracto
1329 3639 1365 3697 ad

152 3748 333 3822 singulorum
356 3761 551 3820 quorumque,
573 3745 742 3818 quibuscum
765 3737 885 3817 agebat,
915 3743 1043 3802 indolem
1061 3744 1147 3801 nimis
1169 3743 1313 3802 interdum
1335 3759 1366 3800 se

151 3852 437 3922 accommodaverat,
463 3851 559 3908 verbis
596 3849 724 3922 luserat,
758 3848 875 3920 iugenio
901 3848 1078 3920 indulserat,
1108 3848 1163 3905 hac
1186 3863 1301 3919 qnoque
1330 3861 1366 3902 ex

150 3963 236 4031 parte
258 3957 363 4014 mirum
381 3955 411 4012 in
433 3955 547 4013 modum
562 3954 676 4012 Erasmi
698 3953 807 4012 similis.
853 3949 911 4012 Sed
932 3953 1024 4026 ipsum
1048 3952 1197 4010 consilium
1216 3947 1367 4022 pacificum

152 4069 184 4121 et
206 4061 360 4134 primarias
392 4059 458 4117 illas
491 4058 527 4116 de
558 4058 758 4132 persequendo
784 4075 820 4116 eo
849 4057 1024 4128 sententias,
1058 4055 1164 4128 quippe
1197 4069 1271 4126 quae
1301 4071 1367 4112 eum

151 4173 215 4225 tcto
237 4163 383 4240 cogitandi
404 4170 558 4236 systemate
581 4181 632 4221 suo
654 4163 814 4222 arctissime
836 4162 1041 4232 cohaererent,
1072 4158 1252 4216 sanctissimo
1275 4157 1368 4217 studio

151 4288 243 4342 usque
277 4269 314 4327 ad
348 4268 435 4326 finem
468 4268 616 4340 amplexus
647 4275 692 4326 est
717 4277 811 4338 neque
846 4280 971 4336 unquam
1002 4262 1157 4337 dubitavit,
1190 4263 1260 4336 quin
1294 4278 1367 4334 quae

152 4375 292 4448 aequales
317 4375 395 4434 ferre
427 4389 485 4431 non
507 4379 641 4446 possent,
671 4373 769 4431 divina
794 4369 975 4443 providentia
998 4384 1050 4426 suo
1072 4368 1214 4441 quondam
1238 4373 1367 4438 tempore

158 4513 278 4520 ...βω-...-
294 4512 408 4518 --κ-

245 4597 270 4665 1)
287 4595 414 4646 Leihnitii
432 4609 493 4659 opp.
513 4593 551 4641 ed.
570 4591 667 4642 Dutens
686 4591 716 4656 V,
734 4595 794 4642 459.
813 4593 872 4640 569.
