3134 5054
677 301 769 350 (larun
787 301 844 350 XV.
1313 299 1364 352 331

147 515 307 573 Barbatins
335 513 407 573 dicit
436 529 466 572 se
497 520 615 587 praeter
644 531 760 574 causam
798 531 862 573 esse
891 516 1184 588 excommunicatum
1215 513 1369 588 significat,

146 617 320 678 Pontificem
343 617 451 678 frustra
475 636 539 677 eum
564 620 827 692 excommunicare,
850 620 898 691 qui
922 619 995 678 nihil
1019 618 1134 678 admisit
1149 619 1277 676 sceleris.
1306 617 1370 678 Hoc

148 724 334 782 verissimum
357 728 418 796 est,
442 725 554 782 etiamsi
578 724 616 782 sit
635 726 700 797 jure
718 725 980 783 excommunicatas
995 725 1044 796 qui
1061 723 1186 796 loquitur
1200 723 1231 780 in
1246 721 1370 795 dialogo,
1456 698 1464 711 ⁹

149 845 240 901 quum
258 829 298 901 is,
322 829 370 900 qui
393 829 532 901 loquitur,
552 829 660 886 sentiat
683 845 716 887 se
732 845 790 886 non
808 828 1103 887 excommunicatum}
1139 827 1298 885 Lutherum
1312 844 1370 884 non

147 935 218 1008 juro
248 933 523 994 excommunicatum
554 949 632 1006 esse,
662 933 770 992 Leonis
801 933 907 991 bullam
940 932 1137 997 saevissimum
1166 931 1369 990 monachorum

151 1053 225 1110 opus
254 1035 359 1110 fnisse,
391 1037 530 1096 Erasmus
559 1038 740 1110 apertissime
770 1037 994 1110 planissimeque
1008 1039 1011 1048 '
1024 1037 1140 1110 saepius
1162 1035 1371 1095 declaraverat

150 1141 236 1198 Nunc
259 1157 311 1212 pro
334 1147 478 1215 tempore,
499 1158 552 1214 pro
574 1143 653 1215 loeo,
677 1159 729 1214 pro
757 1141 904 1213 praesenti
927 1141 1047 1199 oonsilio
1068 1157 1120 1214 ea,
1149 1156 1224 1212 quae
1248 1140 1372 1213 dixerat,

151 1261 247 1318 neque
269 1243 347 1304 tollit
369 1261 462 1318 neque
486 1244 618 1304 affirmat.
671 1245 747 1304 Satis
771 1261 834 1304 esse
858 1243 939 1303 ducit
959 1245 1050 1303 verba
1077 1246 1119 1303 ite
1142 1261 1315 1317 componere
1340 1249 1372 1302 ut

151 1366 212 1407 non
233 1350 400 1408 mentiatur.
459 1349 591 1408 Prudens
621 1367 718 1422 noque
748 1355 837 1421 negat
859 1365 953 1422 nequo
985 1366 1043 1407 non
1065 1355 1155 1422 negat
1179 1347 1372 1407 exeommuni-

152 1454 298 1512 cationem
326 1453 406 1510 illam
434 1455 542 1526 justam
571 1453 669 1511 fuisse.
728 1453 791 1511 Hoc
814 1453 913 1526 modo,
937 1459 969 1511 ut
992 1453 1114 1511 Lutheri
1137 1451 1232 1512 verbis
1250 1457 1372 1524 utamur,

157 1573 244 1629 super
267 1557 372 1615 aristas
395 1556 532 1631 graditur.

242 1661 322 1719 Idem
350 1661 411 1734 agit
437 1663 468 1719 in
499 1661 635 1734 epistola,
669 1677 754 1734 qaam
785 1661 822 1720 ad
852 1662 1011 1734 Hispanum
1041 1661 1185 1734 quendam
1215 1659 1371 1718 Doctorem

154 1763 341 1822 Serbonicum
371 1765 541 1838 scripserat,
570 1764 691 1823 fratrem
722 1767 797 1839 ojus,
828 1767 877 1838 qui
906 1765 963 1823 dux
993 1765 1147 1823 exstiterat
1169 1763 1371 1822 monachorum

155 1865 418 1928 tumultuantium.¹.
470 1869 579 1927 Horum
603 1869 770 1943 stultitiam,
798 1870 960 1928 timentium
982 1869 1095 1928 seilicet
1118 1885 1136 1927 a
1161 1868 1245 1926 bonis
1267 1867 1373 1926 litteris

156 1977 187 2030 et
209 1989 227 2030 a
250 1972 466 2032 Christianismo
491 1973 647 2046 spirituali,
676 1975 817 2034 acerrime
845 1975 976 2045 castigat.
1036 1971 1081 2032 De
1111 1973 1159 2030 lue
1187 1979 1218 2031 et
1239 1972 1372 2031 incendio

156 2077 323 2136 Lutherano
345 2079 473 2152 locutus,
496 2080 636 2151 majorem
659 2080 771 2152 eulpam
793 2095 811 2136 a
831 2077 959 2136 Luthero
981 2071 1098 2156 (contra
1121 2093 1206 2150 quem
1224 2079 1282 2152 jam
1303 2076 1374 2134 duos

156 2181 372 2255 hyperaspistes
409 2176 581 2261 scripserat)
611 2183 714 2240 iterum
745 2182 776 2240 in
803 2183 865 2254 ejus
888 2181 1069 2240 adversarios
1088 2180 1235 2240 transfert
1280 2179 1375 2254 ,Mar-

156 2285 256 2358 tinus‘,
279 2287 387 2359 inquit,
404 2265 619 2360 ,proposuerat
642 2287 819 2360 aphorismos
847 2285 1034 2358 disputandos
1057 2286 1093 2344 de
1118 2284 1374 2344 conclamationibus

157 2387 320 2462 pontificiis.
378 2390 438 2448 Eas
464 2406 522 2448 non
547 2390 641 2448 minus
671 2391 759 2464 impie
795 2405 880 2462 quem
913 2388 1097 2462 impudenter
1128 2389 1374 2463 depraedicabant

157 2493 378 2568 ptochotyranni
400 2493 531 2568 quidem,
553 2495 674 2567 quispe
697 2495 772 2552 lucri
795 2494 867 2552 nihil
888 2511 946 2552 non
968 2493 1085 2552 audent.
1136 2494 1246 2553 Horum
1270 2495 1374 2552 intem·

156 2598 245 2670 periis
269 2598 415 2657 Lutherus
442 2599 576 2671 opposuit
603 2614 655 2656 sua
684 2598 872 2671 problemata.
908 2597 1160 2671 ¹Indignabantur
1182 2615 1302 2670 quornm
1324 2613 1373 2656 res

157 2701 326 2774 agebantur.
383 2701 475 2761 Missa
497 2707 564 2759 sunt
592 2702 628 2760 ad
650 2701 779 2761 Leonem
805 2701 840 2758 X.
870 2701 1030 2776 Respondit
1058 2702 1205 2775 sylvester
1234 2702 1372 2775 Priorias,

157 2811 217 2864 tam
239 2803 378 2878 feliciter,
404 2812 435 2864 ut
457 2807 520 2878 ipse
542 2804 675 2864 Pontifex
696 2804 834 2864 indixerit
856 2807 899 2864 illi
915 2805 1071 2865 silentium.
1117 2806 1290 2865 Successore
1307 2821 1376 2878 qno·

156 2909 279 2968 tundam
308 2910 511 2968 monachorum
538 2908 761 2969 vociferationes
792 2909 869 2983 apud
898 2911 1047 2984 populum,
1077 2911 1149 2969 nihil
1178 2909 1321 2969 habentes
1343 2910 1375 2967 in

157 3030 208 3072 ore
231 3019 349 3085 praeter
370 3014 523 3086 haereses,
552 3013 746 3086 blasphemias
770 3019 800 3071 et
819 3013 981 3072 schismata.
1040 3014 1110 3072 Visa
1133 3031 1228 3072 narro.
1287 3012 1376 3071 Nulla

158 3133 207 3176 res
235 3118 327 3190 magis
358 3118 522 3176 conciliavit
551 3119 678 3176 omnium
701 3117 830 3176 favorem
852 3117 1001 3176 Luthero‘
1061 3119 1173 3191 ‚Spirat
1202 3116 1295 3176 adhuc
1315 3117 1375 3190 ille,

157 3237 196 3279 ne
224 3220 318 3280 dicam
339 3228 455 3296 regnat,
480 3223 511 3279 in
535 3222 637 3280 animis
660 3221 856 3295 plurimorum.
902 3221 1000 3280 Habet
1022 3223 1071 3294 qui
1093 3220 1300 3296 profiteantur,
1327 3223 1377 3310 qui

157 3331 352 3400 propugnent,
375 3327 424 3398 qul
443 3329 568 3384 vestram
590 3326 791 3384 anctoritatem
815 3325 931 3384 elevent
946 3339 980 3382 ac
996 3325 1150 3383 traducent
1171 3325 1248 3397 apud
1266 3341 1376 3400 omnes,

159 3429 233 3488 nihil
253 3429 374 3488 liberius
397 3431 606 3503 amplectentes
625 3447 712 3503 quam
734 3430 810 3504 qnod
832 3430 936 3489 vestris
966 3427 1110 3502 suffragiis
1133 3429 1301 3488 damnatum
1324 3433 1375 3488 est

159 3535 194 3592 In
217 3533 269 3592 bos
293 3539 385 3594 estote
410 3535 465 3592 viri
487 3535 583 3608 potius
606 3551 692 3608 quam
707 3535 738 3592 in
751 3534 917 3608 Erasmum,
940 3535 1042 3607 quiin
1065 3534 1167 3592 castris
1190 3533 1302 3606 vestris,
1324 3533 1376 3592 sub

158 3637 262 3696 iisdem
290 3639 380 3712 signis
405 3638 525 3712 militat,
560 3639 608 3712 qui
638 3655 696 3697 non
724 3639 787 3697 sine
815 3639 956 3712 sanguine
986 3655 1050 3697 cum
1072 3638 1117 3696 his
1140 3637 1272 3710 dimicat,
1307 3652 1377 3710 quos

159 3758 209 3800 vos
237 3759 289 3814 pro
318 3743 490 3815 capitalibus
522 3743 626 3802 ducitis
654 3743 801 3800 hostibus‘
861 3742 942 3813 Quae
967 3744 1056 3802 verba
1084 3743 1188 3801 callide
1216 3743 1259 3800 ita
1285 3741 1376 3814 ponit,

159 3849 192 3903 ut
213 3846 275 3918 ipse
300 3861 364 3920 eos,
387 3845 556 3919 quibuscum
579 3845 713 3917 dimicet,
736 3845 875 3919 capitales
898 3847 996 3903 hostes
1020 3862 1084 3905 esse
1108 3863 1201 3919 neque
1228 3841 1377 3916 concedat,

160 3965 254 4022 neque
277 3947 424 4008 infitietur.
469 3951 559 4010 Addit
579 3951 653 4008 haec
675 3949 746 4006 satis
764 3949 905 4022 ingenue:
927 3949 976 4020 ,In
999 3967 1045 4006 mo
1066 3957 1145 4008 certe
1161 3949 1271 4008 nullum
1285 3947 1376 4004 homi-

159 4053 204 4111 nis
227 4053 384 4112 Christiani
408 4053 622 4114 desiderabitur
644 4050 777 4112 officium.
826 4051 993 4110 Malicioses
1016 4053 1173 4111 calumnias
1198 4069 1255 4109 non
1277 4051 1377 4124 feram,

160 4156 276 4216 etiamsi
298 4173 349 4215 sex
372 4156 494 4216 Romani
516 4155 666 4231 pontificos
688 4155 870 4215 subscribant
892 4160 1007 4213 vostrae
1039 4155 1222 4214 sententiae.‘
1266 4153 1378 4212 Similia

159 4260 305 4334 professus
335 4262 394 4320 olio
422 4263 498 4336 loco,
531 4263 556 4319 si
580 4261 740 4320 adversarii
770 4258 874 4318 Curiae
909 4258 1037 4316 favorem
1069 4258 1263 4329 captaverint,
1297 4274 1328 4315 se
1360 4274 1378 4314 a

160 4363 335 4423 dormitante
359 4363 500 4424 Pontifice
522 4365 559 4424 ad
583 4365 768 4425 excitandum
789 4370 1012 4438 provocaturum
1035 4377 1099 4420 esse
1122 4360 1200 4418 dicit.

252 4585 276 4650 1)
294 4583 363 4648 Epp.
380 4583 459 4646 xlx,
480 4589 520 4634 ll.
539 4599 560 4634 a.
584 4587 659 4634 thil.
