3176 5064
238 292 273 346 14
779 289 867 345 Garun
884 287 919 344 11.

236 494 324 567 verit,
347 493 380 552 in
403 510 504 552 eornm
527 491 723 570 amplitudine
745 491 880 568 augenda
902 491 978 552 serio
1000 491 1133 552 laborare
1155 493 1216 552 fato
1238 492 1366 570 quodam
1388 509 1468 551 oom-

236 600 343 678 pulsus
370 593 456 660 esset.
503 597 592 674 ¹Quod
619 600 684 659 sine
710 599 799 659 dubio
826 600 869 660 ita
895 599 1115 677 accipiendum,
1142 605 1177 659 ut
1203 601 1241 659 ad
1268 599 1468 659 resistendum

236 707 398 766 alienarum
434 706 567 784 gentium
603 707 635 766 in
666 706 783 766 Italiam
818 706 975 784 imperium
1013 706 1165 768 meliorem
1202 707 1258 767 sibi
1291 707 1371 766 viam
1408 725 1468 766 non

236 814 369 892 patuisse
391 815 524 874 sarman.
571 813 655 874 Tunc
677 815 864 874 memoranda
886 814 997 874 addens
1019 815 1121 889 verba,
1145 813 1225 890 ,Nisi
1243 815 1337 890 haec‘,
1360 814 1468 892 inquit,

237 923 323 993 ,ratio
341 922 416 981 mihi
434 921 568 981 habenda
585 925 678 997 esset,
701 921 839 999 equidem
862 922 1036 998 memetipso
1059 921 1154 998 magis
1176 921 1338 981 Martinam
1356 921 1469 980 Lntlie-

236 1047 303 1088 rum
326 1047 455 1088 amarem
478 1047 600 1107 sperans
623 1029 699 1104 fore,
727 1035 762 1088 ut
789 1035 947 1089 sectatores
975 1029 1040 1104 ejus
1067 1030 1145 1089 hano
1172 1029 1344 1090 sceleratam
1372 1047 1469 1089 sacer-

236 1137 337 1197 dotum
360 1137 549 1213 tyrannidem
570 1137 620 1196 vel
642 1136 780 1196 tollerent
802 1137 851 1196 vel
874 1137 980 1197 saltem
1002 1137 1206 1197 resecarent!1

171 1231 173 1238 ¹
344 1243 403 1306 Sed
439 1244 491 1304 alii
526 1243 604 1304 inter
630 1243 722 1303 Italos
753 1243 842 1302 multi
873 1244 1006 1318 fuerunt,
1039 1245 1091 1322 qni
1123 1262 1183 1304 non
1213 1249 1275 1304 tam
1306 1243 1404 1304 civilis
1434 1263 1471 1304 ao

236 1352 401 1430 popularis,
425 1369 514 1429 quam
537 1350 701 1428 spiritualis
721 1350 786 1427 jugi
809 1351 997 1411 abolitionem
1015 1369 1033 1410 a
1050 1351 1269 1412 christianismo
1288 1351 1470 1428 emngelioo,

237 1460 334 1537 qualis
357 1460 389 1518 in
413 1459 570 1520 Germania
592 1461 805 1534 resurrexerat,
828 1459 1047 1536 exspectabant.
1098 1458 1145 1518 Ex
1172 1459 1221 1518 his
1244 1459 1346 1536 plures
1372 1459 1470 1532 initio,
1576 1483 1577 1486 ¹

237 1583 306 1627 cnm
328 1567 451 1626 Erasmo
475 1566 649 1642 sentientes,
673 1585 766 1644 quum
788 1566 923 1643 publicos
946 1565 1094 1625 tumultus
1117 1565 1273 1642 evitarent,
1301 1585 1319 1624 a
1347 1565 1471 1626 furiosis
1576 1611 1577 1638 ,

237 1674 407 1734 hominibus
435 1673 649 1734 infestabantur
676 1673 796 1751 quidem
824 1679 853 1733 et
881 1675 1074 1748 vexabantur,
1108 1674 1160 1733 sed
1187 1673 1236 1733 vel
1262 1673 1381 1750 propria
1408 1691 1473 1751 qna
1576 1691 1577 1694 ¹

239 1781 379 1858 rigebant
405 1780 577 1842 auctoritate
604 1781 653 1841 vel
680 1780 792 1858 potenti
820 1780 944 1841 aliorum
971 1780 1130 1858 praesidio,
1153 1781 1248 1858 quoad
1266 1781 1417 1856 vivebant,
1435 1781 1472 1839 in

238 1889 363 1949 ecclesia
385 1889 517 1949 Romana
539 1887 745 1949 tolerabantur.
791 1887 879 1948 Tales
902 1899 1018 1965 praeter
1039 1887 1113 1948 alios
1141 1888 1320 1972 exstitemmt
1340 1887 1471 1948 Jacobus
1576 1931 1577 1934 ,

238 1997 393 2058 Sadoletus
418 1995 595 2070 cardinalis,
618 1980 765 2055 Antonius
789 1995 986 2071 Flamininus,
1010 1995 1158 2055 Antonius
1176 1995 1354 2070 Bracciolus
1377 1995 1471 2054 llan-

238 2105 336 2165 oiscus
363 2104 466 2179 Berni,
494 2103 677 2164 clarissimus
704 2107 804 2180 poeta,
832 2103 884 2181 qui
912 2104 1048 2163 versibus
1075 2103 1235 2163 domestica
1262 2103 1366 2179 lingua
1388 2121 1469 2162 com-
1576 2113 1577 2158 l

238 2213 345 2290 positis
367 2213 491 2272 verbum
513 2211 560 2270 dei
583 2209 798 2271 exsuscitatum
821 2229 874 2288 per
893 2209 1079 2270 Germaniam
1103 2210 1205 2270 dexbe
1227 2210 1364 2270 incedere
1386 2210 1468 2286 dicit,

237 2319 279 2379 ita
305 2324 339 2378 ut
363 2320 425 2397 jam
452 2319 545 2397 impin
571 2319 678 2378 damna
704 2319 879 2395 detegantur
907 2319 1016 2396 quibus
1046 2317 1155 2394 Gallia,
1188 2317 1288 2394 Italia,
1320 2317 1469 2396 Hispania

238 2426 406 2505 consopitae
426 2427 556 2503 jaceant:

557 2563 597 2618 La
614 2562 706 2633 pamla
723 2563 750 2618 di
767 2563 817 2618 Dio
836 2561 874 2617 s'e
892 2563 1018 2618 aisantita

558 2653 581 2707 n
600 2669 635 2707 va
653 2670 703 2708 con
722 2653 809 2707 destro
828 2651 871 2722 pie
889 2670 937 2722 per
955 2651 1146 2723 l'Alenragua.³

239 2783 400 2860 Postquam
426 2800 496 2842 vero
528 2783 597 2842 inde
629 2802 647 2842 a
674 2783 761 2842 Pauli
788 2783 842 2842 ΙΠ.
874 2783 1056 2860 temporibus
1092 2782 1280 2860 Inquisitioni
1318 2781 1466 2842 Romanae

238 2908 331 2951 novae
363 2889 432 2950 illae
463 2895 552 2968 atque
582 2891 745 2951 horrendae
781 2909 855 2968 quas
887 2889 1018 2950 diximus
1047 2889 1126 2950 vires
1153 2889 1269 2950 additae
1301 2895 1384 2964 sunt,
1415 2889 1465 2949 vix

238 2998 320 3058 ullus
342 2998 426 3059 locus
449 2997 593 3075 ejusmodi
616 2998 688 3058 viris
710 2997 832 3058 relictus
855 3003 908 3058 est.
958 2998 1005 3059 Ne
1026 2997 1168 3058 Erasmus
1196 2997 1317 3075 quidem
1344 2999 1409 3074 ipse
1435 2997 1466 3056 in

237 3105 336 3182 Italia,
359 3106 410 3165 ubi
432 3105 501 3166 libri
524 3106 589 3183 ejus
612 3107 828 3182 cremabantur,
851 3111 924 3166 tuno
946 3123 1052 3183 rogum
1074 3104 1235 3181 effugisset.
1281 3105 1347 3164 Jum
1365 3105 1466 3182 plures

239 3233 329 3291 quam
360 3219 446 3274 antea
468 3214 525 3272 viri
556 3215 727 3292 peregrinas
754 3219 861 3288 terras,
889 3213 1047 3290 praecipue
1075 3211 1262 3272 Germaniam
1289 3213 1466 3290 petiverunt.

238 3321 299 3381 Alii
322 3321 475 3398 permulti,
499 3340 593 3400 quum
615 3321 718 3398 fugere
740 3326 791 3380 aut
813 3320 971 3398 nequirent
993 3325 1045 3379 aut
1071 3319 1199 3394 nollent,
1227 3337 1302 3397 pura
1328 3338 1363 3379 ac
1389 3325 1468 3379 certa

239 3428 419 3488 conscientia
442 3429 588 3505 evangelii
610 3428 785 3504 martyrium
807 3429 968 3488 subierunt
1013 3427 1061 3487 Ex
1079 3427 1185 3487 horum
1203 3427 1318 3503 ingenti
1335 3445 1467 3501 numero,

239 3539 273 3593 ut
295 3535 384 3594 etiam
407 3535 456 3595 hio
480 3536 629 3595 succincta
651 3554 739 3613 quam
762 3535 867 3595 damus
889 3535 1079 3594 historiarum
1098 3533 1225 3612 epitome
1243 3534 1311 3594 vivo
1329 3533 1466 3611 exemplo

238 3660 299 3702 non
321 3647 430 3718 careat,
454 3661 547 3702 unum
571 3642 697 3702 Aonium
721 3641 900 3718 Palearium,
924 3643 1033 3719 pietate
1055 3641 1216 3702 christiana
1235 3660 1303 3702 cum
1321 3641 1467 3718 singulari

238 3751 381 3811 bonarum
403 3751 568 3810 litterarum
591 3749 688 3810 studio
711 3749 827 3810 Emsmi
851 3749 1051 3825 simillimum,
1078 3750 1111 3808 iu
1134 3749 1307 3809 memoriam
1328 3767 1468 3809 mvccan·

239 3859 311 3918 dum
338 3858 422 3935 elegi.
479 3855 535 3932 Qui
564 3863 594 3917 et
621 3857 863 3935 splendidissimo
890 3857 1010 3934 ingenio
1037 3857 1118 3916 varia
1144 3857 1291 3932 dootdna,
1324 3857 1468 3916 sermonis

238 3965 384 4044 pedestris
407 3985 442 4026 ac
463 3965 572 4044 poetici
594 3965 722 4043 pruitate
745 3965 948 4043 elegantiaque
971 3964 1125 4040 excelluit,
1153 3969 1184 4024 et
1211 3964 1316 4042 quavis
1339 3964 1468 4023 humana

348 4232 374 4301 1)
395 4230 480 4302 Opere
498 4231 596 4286 inedita
615 4232 642 4285 di
655 4230 802 4286 Francesco
817 4229 993 4285 Guicciardini
1011 4231 1076 4284 tom.
1085 4229 1111 4299 I,
1130 4247 1156 4300 p.
1167 4229 1220 4285 203
1236 4227 1355 4298 (Ricardi
1368 4227 1469 4298 politici

240 4319 344 4376 seivili
363 4320 536 4390 OCOXLVI).
681 4365 683 4370 ,

347 4409 374 4479 2)
393 4409 496 4464 Versus
515 4410 568 4464 huc
587 4409 762 4479 pertinentes,
781 4407 906 4464 initalia
924 4409 1072 4479 suppressi,
1096 4410 1189 4478 postea
1212 4424 1229 4463 a
1246 4407 1373 4478 Vergerio
1392 4405 1467 4462 Basi-

239 4497 296 4552 leae
313 4498 441 4567 publicati
459 4502 534 4568 sunt,
557 4515 643 4567 nuper
665 4497 770 4567 repetiti
793 4497 935 4553 aPanizai
958 4497 1069 4552 londini
1090 4498 1166 4554 1830.
1210 4497 1248 4552 cl.
1268 4496 1365 4565 Young
1383 4497 1468 4551 Aonio

239 4585 360 4640 Paleario
378 4585 417 4655 11,
436 4605 462 4655 p.
478 4587 538 4640 392.
