3176 5064
671 255 759 310 Curua
777 255 812 310 Π.
1322 257 1354 312 21

123 457 262 518 Pontifici
285 459 382 518 fuerat
399 478 417 517 a
435 458 526 518 sacris
545 457 795 532 confessionibus,
821 458 1021 518 Bernardirrus
1041 457 1172 518 Occhino
1190 459 1254 519 sive
1272 459 1356 520 Ocel-

122 565 176 624 lus
199 565 354 640 Senensis,
382 565 601 642 Capacinorum
624 563 744 626 Ordinis
768 564 934 639 Generalis,
963 565 1010 625 vir
1037 571 1158 643 propter
1185 566 1251 643 piae
1278 566 1356 626 vitae

124 673 313 732 severimtem
346 677 376 732 et
407 673 587 750 praeclaram
619 673 787 732 facundiam
819 690 873 750 per
904 677 995 732 totam
1028 673 1146 732 Italiam
1182 673 1355 748 celebratus,

124 798 219 857 quum
242 780 279 839 de
296 780 438 840 beneficio
458 780 568 840 Christi
587 798 654 840 cum
674 779 807 840 Paleario
826 780 950 839 sentiret
969 785 999 839 et
1016 779 1199 857 loqueretur,
1223 781 1355 841 strictam

123 891 227 946 eontra
254 905 323 946 eum
345 887 554 964 Inquisitionis
581 887 673 948 sicam
701 887 804 947 relicta
826 887 913 946 Italia
940 888 1104 964 aufugerat.
1156 886 1240 961 Quod
1263 907 1355 966 quum

122 994 234 1054 animis
261 993 414 1054 hominum
441 994 579 1071 inprimis
609 994 786 1055 senensium
813 995 964 1071 ingentem
993 999 1143 1072 stuporem
1170 995 1355 1070 incussisset,

122 1101 279 1161 Palearius
301 1102 338 1160 de
360 1120 395 1162 ea
417 1119 450 1161 re
472 1101 504 1160 in
527 1101 657 1162 oratione
680 1120 735 1162 sua
757 1101 801 1162 sic
823 1102 942 1162 loeutus
965 1107 1025 1162 est:

234 1207 372 1283 ,Horum,
400 1209 505 1268 horum
528 1209 695 1286 vulgarium
719 1213 749 1268 et
771 1209 976 1286 imperitorum
998 1210 1150 1270 hominum
1174 1229 1263 1288 opera
1285 1210 1355 1270 Ber·

122 1317 269 1376 nantinus
292 1314 425 1390 Ocellus,
449 1316 495 1374 vir
512 1317 586 1376 dure
603 1316 656 1376 illa
673 1321 761 1394 ablue
779 1316 897 1376 horrida
914 1317 988 1392 vita,
1011 1317 1176 1376 admirabili
1196 1317 1248 1378 illa
1265 1319 1355 1378 absti-

122 1425 239 1498 nentia,
262 1423 329 1484 istis
351 1423 427 1500 ipsis
450 1423 554 1484 dicbus
572 1428 740 1499 accusatus,
763 1425 841 1502 quod
859 1442 912 1484 vos
930 1443 990 1484 non
1008 1425 1094 1484 valde
1112 1430 1224 1486 erectos
1243 1425 1357 1485 videret

12 1533 15 1540 '
121 1532 162 1592 ad
186 1549 219 1591 se
241 1531 460 1590 defendendum
482 1536 513 1592 et
535 1532 775 1606 sustentandum,
803 1531 840 1590 de
868 1513 939 1608 fuga
967 1532 1126 1592 consilium
1154 1533 1247 1610 oepit,
1275 1551 1356 1594 nune

122 1639 201 1700 civis
228 1644 326 1698 vester
352 1637 438 1698 Italia
465 1639 546 1698 omni
574 1637 664 1716 (quod
692 1657 798 1716 magno
825 1657 892 1698 cum
921 1639 1021 1700 dolore
1048 1639 1124 1718 dico)
1152 1639 1298 1717 expulsus
1326 1645 1357 1700 ct

122 1747 250 1823 ejectae,
273 1746 305 1804 in
328 1746 535 1806 remotissimis
557 1747 594 1806 ab
617 1745 736 1806 Etruria
758 1751 858 1806 nostra
880 1747 955 1806 loeis
977 1753 1102 1824 vagatur
1124 1747 1206 1808 solus
1224 1753 1255 1807 et
1272 1765 1356 1825 pere-

121 1854 239 1932 grinus.
290 1853 372 1928 Quae
398 1853 510 1928 littora,
538 1872 614 1931 quae
641 1853 757 1929 sylvae,
785 1872 860 1931 quae
888 1854 996 1931 oppida
1024 1855 1171 1914 fortunata
1194 1873 1254 1914 non
1277 1859 1355 1928 sunt,

123 1979 203 2038 qnae
225 1961 279 2022 ille
301 1961 451 2037 attigerit?
496 1960 608 2020 Vultus
630 1962 721 2020 vestri
740 1979 788 2020 me
810 1960 951 2036 invitant,
974 1965 1008 2020 ut
1030 1961 1103 2021 haec
1125 1979 1193 2020 cum
1216 1961 1355 2036 lacrymis

121 2068 222 2128 dicam
249 2087 395 2146 cogamus
422 2068 488 2146 ipse
514 2086 631 2128 mecum
658 2068 799 2145 cogitare,
832 2073 976 2146 quantum
1008 2067 1193 2146 eloquentiae
1224 2067 1356 2128 amiserit

122 2175 257 2252 Etruria,
281 2181 426 2254 quantum
449 2175 545 2236 solatii
568 2175 667 2250 Italia,
691 2176 722 2234 in
745 2176 832 2251 cujus
854 2176 977 2235 urbibus
996 2175 1213 2236 florentissimis
1231 2181 1261 2236 et
1279 2175 1355 2236 cele-

123 2283 274 2359 berrimis,
298 2302 404 2360 magno
427 2283 548 2360 plausu,
571 2301 716 2343 concursu
739 2283 854 2358 ingenti
877 2283 1067 2361 populorum,
1091 2301 1208 2343 summa
1230 2284 1355 2343 admira-

123 2391 206 2450 tione
228 2391 378 2452 colebatur
399 2391 490 2468 hujus
512 2391 569 2450 viri
592 2390 774 2451 incredibilis
797 2391 940 2468 quaedam
963 2396 993 2450 et
1015 2391 1116 2450 divina
1138 2391 1242 2451 virtus.
1287 2390 1355 2452 Non

123 2499 320 2574 committam,
349 2503 383 2558 ut
409 2499 523 2558 diutius
546 2517 598 2559 vos
626 2517 732 2575 angam
756 2498 898 2576 querelis:
926 2499 983 2559 hoc
1005 2503 1121 2558 tantum
1144 2498 1223 2574 dieo,
1250 2519 1269 2558 a
1290 2499 1355 2558 vul-

123 2607 246 2684 garibus
277 2612 308 2666 et
339 2605 486 2683 imperitis
518 2605 688 2666 hominibus
720 2605 837 2665 illatum
864 2605 959 2666 fuisse
985 2606 1096 2666 miluus
1120 2605 1221 2666 Ocello
1248 2611 1355 2680 vestm,

124 2715 179 2792 qui
201 2713 327 2774 etmihi
350 2713 469 2791 plagam
492 2713 683 2773 inflixerrmt.‘

232 2820 314 2882 Haec
345 2821 444 2882 omnia
475 2821 549 2896 fere,
586 2839 662 2899 quae
698 2839 788 2898 supra
819 2821 1021 2899 excerpsimus
1053 2839 1091 2880 ex
1122 2820 1357 2898 praeclarissima

124 2928 251 2988 Palearii
273 2928 417 3002 oratione,
440 2933 470 2988 et
492 2928 572 2988 idem
595 2927 777 2988 Laderclrius
800 2929 832 2986 in
854 2929 1017 2987 Annalium
1035 2927 1262 2988 Baroniensium
1286 2947 1356 3005 sup-

125 3035 284 3114 plementis
307 3036 469 3113 excerpsit,
492 3041 527 3096 ut
546 3035 660 3096 scilicet
677 3034 836 3094 lectoribus
856 3035 919 3094 suis
937 3035 1139 3111 persuaderet,
1163 3039 1273 3112 quanto
1288 3035 1356 3110 jure

125 3143 282 3220 piissimus
309 3143 403 3220 Papa,
428 3143 506 3210 Pius
529 3141 580 3218 V.,
612 3139 881 3219 pertinacissimum
909 3141 1090 3201 haereticum
1123 3141 1354 3200 comburendum

125 3254 228 3328 postea
245 3255 385 3310 curasset
432 3248 516 3324 Quod
535 3267 589 3310 cur
606 3249 714 3326 viginti
733 3266 787 3308 sex
804 3253 873 3308 ante
890 3247 977 3308 annis
995 3247 1127 3307 nondum
1146 3248 1258 3308 factum
1276 3253 1356 3308 esset

126 3375 180 3417 suo
203 3357 324 3435 quidem
344 3357 412 3432 jure
434 3357 617 3416 Laderchius
639 3355 763 3416 miratus
786 3361 839 3416 est
886 3355 945 3416 Sed
968 3355 1057 3416 factio
1079 3354 1145 3430 illa,
1173 3374 1262 3433 quam
1287 3361 1355 3433 post

125 3469 331 3542 tempestatem
349 3465 548 3525 Lutbembarn
571 3463 715 3541 paulatim
732 3463 878 3541 respirare
895 3461 1037 3523 Erasmus
1056 3463 1125 3540 plus
1148 3463 1251 3524 decem
1268 3463 1355 3523 annis

126 3577 196 3632 ante
218 3572 333 3632 dixerat
355 3573 501 3650 cujusque
523 3571 677 3632 fortissimi
700 3575 932 3649 propugnatores
954 3571 1084 3632 Jesuitae
1105 3589 1208 3632 reeens
1230 3589 1355 3632 emerse-

125 3685 204 3754 rant,
228 3679 359 3740 nondum
382 3680 412 3739 id
435 3679 545 3738 virium
567 3683 803 3756 recuperaverat,
826 3683 861 3738 ut
883 3683 927 3738 tot
949 3677 1111 3756 evangelici
1136 3677 1355 3738 Christianismi

125 3791 298 3861 assertores,
321 3787 354 3846 in
376 3787 442 3864 ipsa
464 3787 589 3847 eeclesia
612 3787 744 3846 Romana
767 3786 892 3845 summis
920 3785 1080 3846 honoribus
1107 3787 1252 3859 fruentes,
1278 3784 1355 3844 radi-

126 3894 204 3952 citus
226 3913 329 3954 omnes
352 3895 517 3971 exstirpare
539 3893 640 3953 statim
658 3893 780 3952 audiret.
826 3891 939 3951 Paulus
957 3891 1012 3952 ΠΙ.
1035 3910 1096 3950 non
1113 3891 1278 3968 religionis,
1302 3891 1354 3951 sed

126 4001 291 4062 mundanae
314 4001 462 4078 potentiae
484 4001 582 4061 studio
605 4001 713 4060 duetus
732 3999 877 4059 (laratlam
895 3999 1044 4058 acuendae
1061 3998 1252 4076 Inquisitioni
1270 4017 1354 4076 prae-

126 4109 248 4186 fecerat;
282 4107 360 4170 viros
391 4109 534 4186 quosdam
562 4107 692 4168 Sadoleti
724 4106 838 4166 similes
869 4106 1004 4166 infestari
1035 4105 1133 4166 noluit
1164 4123 1260 4183 neque
1295 4123 1354 4180 eos,

125 4216 286 4294 quominus
313 4215 386 4276 alios
414 4216 461 4276 sui
485 4215 598 4276 similes
621 4214 812 4292 sospitarent,
840 4213 1003 4290 impedivit.
1048 4213 1152 4291 Itaque
1174 4213 1241 4290 ipse
1264 4211 1354 4273 Sado-

125 4461 294 4530 pmiessori‘,
322 4477 390 4531 quae
418 4461 499 4516 verba
527 4459 636 4515 exhibet
664 4459 817 4530 exemplum
845 4459 873 4512 in
896 4457 999 4514 Gizensi
1022 4457 1182 4513 bibliotheca
1209 4460 1354 4513 servatum.

126 4551 243 4607 sturmio
261 4549 402 4608 Sadolctua
421 4549 580 4608 amicissime
599 4549 706 4622 scripsit
723 4566 746 4604 a.
768 4549 845 4607 1539.
