3202 5058
196 220 231 276 40
688 219 792 268 Pharis
811 218 924 268 Parorsrs

196 453 228 496 se
249 435 376 509 potuisse
396 435 463 508 jure
487 432 611 506 quodam
626 431 675 492 ille
699 433 880 506 meminerat,
903 447 980 490 nuno
999 431 1036 490 16
1058 447 1132 490 novo
1155 429 1309 504 dogmate,
1331 431 1413 503 cujus

197 527 404 600 absurditatem
423 543 453 598 et
473 535 652 611 fatuitatem,
674 537 699 594 si
720 535 792 594 illud
815 551 851 594 ex
873 535 943 609 ipsis
965 535 1110 594 historicis
1131 534 1292 593 catholicae
1320 533 1412 592 eccle·

198 644 260 702 siae
294 641 452 702 rationibus
488 641 642 714 judicatur,
675 636 809 700 Helelius
842 639 948 698 talibus
984 639 1162 714 argumentis
1195 637 1413 710 demonstravit,

198 747 297 821 quales
315 745 435 820 posthac
454 760 547 818 neque
566 745 628 818 ipre
650 759 744 817 neque
767 743 841 803 alius
862 744 1012 817 quisquam
1027 743 1165 802 refellere
1180 741 1281 800 valuit.
1317 741 1412 812 Quare

199 849 331 910 dubitare
353 849 400 908 vir
422 865 538 923 possum
560 847 631 919 quin
650 847 693 906 vir
712 847 893 906 doctissimus
915 847 952 906 de
976 847 1110 922 dogmate
1144 847 1208 920 1116,
1239 844 1315 918 quod
1336 844 1414 918 apud

199 959 314 1014 veteres
342 953 512 1012 christianos
536 949 644 1010 trustra
670 967 725 1024 per
745 951 865 1025 triginta
887 967 977 1010 annos
999 967 1031 1010 66
1059 950 1212 1025 indagasse
1236 954 1266 1008 et
1288 947 1414 1021 anquisi-

199 1058 274 1116 viese
297 1056 443 1116 confessus
462 1053 603 1128 quondam
627 1059 684 1130 est,
713 1055 801 1114 etiam
825 1071 901 1114 nunc
923 1055 1001 1129 apud
1023 1071 1055 1114 66
1085 1055 1179 1128 ipsum
1201 1053 1293 1112 dicat:
1328 1051 1415 1125 ,nihi-

199 1161 323 1220 lominus
353 1158 506 1218 absurdnm
538 1157 609 1232 est,‘
640 1158 774 1218 similiter
804 1163 890 1232 atque
914 1159 1060 1232 Galileus,
1082 1163 1232 1233 postquam
1258 1155 1414 1216 violentiae

201 1265 308 1325 cedens
334 1279 432 1322 veram
455 1265 630 1323 sententiam
653 1280 735 1323 suam
755 1264 914 1340 revocavit,
943 1264 1049 1324 dixisse
1072 1263 1109 1322 de
1132 1263 1193 1321 sole
1217 1261 1323 1339 fertur:
1359 1259 1416 1336 ,Et

201 1373 300 1428 111161
325 1365 473 1428 movetur}
517 1369 563 1426 lta
592 1385 663 1427 vero
690 1369 851 1428 sentientes
882 1369 1010 1442 episcopi
1041 1365 1207 1426 Germanici
1238 1364 1413 1425 multitudini

201 1468 318 1531 16111161
350 1475 381 1531 61
411 1477 577 1532 constanter
610 1473 726 1532 obstare
763 1472 909 1532 dehebant
948 1489 1047 1532 eorum
1077 1473 1222 1546 exemplo,
1256 1471 1306 1546 qui
1337 1469 1415 1543 olim,

202 1575 315 1650 quando
348 1575 499 1634 universus
531 1576 609 1635 orbis
634 1576 760 1636 Arianus
796 1593 860 1636 esse
890 1577 1052 1648 dicebatur,
1085 1577 1232 1650 puriorem
1261 1575 1414 1634 veritatem

202 1679 387 1738 christianam
414 1677 640 1740 vindicaverunt.
685 1681 783 1740 Etiam
811 1680 946 1755 episcopo
969 1680 1113 1755 Romano,
1135 1686 1168 1739 ut
1189 1679 1296 1738 Parrlus
1319 1679 1416 1752 Petro,

201 1783 292 1858 ,quod
316 1799 374 1842 non
403 1787 485 1843 recte
515 1783 676 1844 ambularet
698 1784 735 1843 ad
759 1785 911 1844 veritatem
942 1783 1110 1858 evangelii,‘
1147 1785 1193 1859 ,in
1213 1782 1320 1843 faciem
1340 1781 1411 1840 resi-

202 1885 293 1946 116116*
316 1885 486 1946 debebant¹
530 1889 578 1949 Sic
605 1888 732 1948 muueris
754 1889 799 1948 sui
828 1886 923 1948 officio
945 1887 1156 1948 satisfacientes
1178 1887 1327 1962 antiquum
1350 1887 1411 1960 ejus

202 1992 339 2051 honorem
372 1993 448 2050 tueri
481 1997 511 2052 et
543 1993 699 2052 restituere
729 1997 874 2067 poterant.
923 1993 1007 2053 Nunc
1031 2011 1089 2052 uon
1118 1997 1231 2052 tantum
1256 2007 1338 2050 suum
1360 1989 1411 2048 sed

202 2095 290 2155 etiam
326 2097 454 2156 muneris
489 2098 532 2157 sui
568 2097 706 2158 honorem
738 2115 855 2172 prorsus
890 2099 1033 2174 exstingui
1062 2081 1165 2172 ignave
1199 2112 1234 2156 ac
1267 2094 1412 2156 serviliter
1468 2169 1472 2174 ι

201 2201 393 2274 patiebantur.

288 2303 423 2377 Eousque
445 2305 579 2364 nimirum
601 2307 783 2380 episcopatus
802 2307 959 2367 catholicus
981 2307 1088 2367 veteris
1111 2305 1259 2381 dignitatis
1274 2309 1305 2364 61
1326 2303 1412 2362 libor·
1444 2324 1446 2328 ¹

202 2407 271 2465 tatis
300 2406 410 2479 aliquid
433 2409 548 2480 semper
569 2414 745 2470 servaverat.
790 2409 965 2484 Quamquam
986 2408 1143 2470 Pontifices
1166 2411 1227 2483 iam
1248 2425 1302 2483 per
1323 2407 1414 2467 multa

203 2511 301 2569 secula
323 2509 500 2569 dominatam
527 2517 557 2572 et
579 2512 730 2586 imperium
752 2515 782 2572 in
803 2515 967 2574 nniversam
1000 2515 1153 2576 ecclesiam
1171 2513 1249 2574 haud
1270 2514 1414 2573 incessum

204 2611 427 2687 affectaverant,
457 2619 568 2689 tamen,
596 2616 672 2688 quod
692 2616 729 2676 ad
751 2616 920 2693 dignitatem
944 2619 1134 2693 episcopalem
1156 2619 1297 2692 pertinet,
1320 2617 1414 2676 adhuc

203 2717 333 2790 legitime
367 2716 534 2793 docebatur,
564 2717 724 2779 Romanmn
756 2723 923 2798 episcopum
952 2723 993 2781 nil
1019 2723 1162 2781 66661161
1188 2722 1310 2796 primum
1338 2721 1415 2779 iuter

206 2835 305 2895 pares,
332 2821 381 2894 qui
406 2837 505 2886 omnes
533 2837 625 2896 aeque
653 2828 739 2898 atque
762 2825 812 2885 ille
836 2827 1032 2900 episcopatum
1053 2828 1090 2886 ab
1112 2828 1175 2901 ipso
1198 2825 1311 2885 Christo
1333 2841 1416 2883 acce-

204 2923 322 2998 pissent
367 2924 478 2983 hieratio
506 2923 595 2985 tiebat
619 2925 752 3000 Gregorii
782 2929 896 3005 Magni,
922 2931 972 3004 qui
998 2928 1086 3005 Papis
1113 2946 1218 2989 nomen
1243 2929 1415 2988 universalis

206 3028 334 3102 episcopi
356 3028 576 3088 detrectandum
597 3029 685 3090 111666
707 3033 839 3109 dixisset,
863 3051 900 3093 ne
923 3036 963 3109 ,si
978 3034 1032 3095 sibi
1054 3035 1200 3110 gloriam
1222 3033 1415 3109 singulari-

204 3133 298 3193 tatis
320 3133 496 3209 arriperent,
518 3134 594 3194 hanc
616 3137 747 3197 omnibus
776 3138 915 3198 fratribus
937 3138 1097 3213 denegasse
1119 3133 1328 3198 riderentur.‘¹
1371 3135 1416 3194 Ex

206 3255 243 3297 61
261 3239 325 3312 ipsa
346 3239 473 3298 omnium
495 3240 621 3313 paritate
641 3241 805 3314 pmbissimi
826 3243 959 3303 doctores
983 3243 1203 3317 concludebant,
1226 3256 1285 3300 non
1307 3241 1417 3314 Papam

207 3356 272 3399 esse
293 3340 355 3399 11111
377 3343 520 3416 nescium,
544 3343 596 3404 sed
619 3343 776 3404 Concilium
798 3348 962 3406 universale
984 3349 1147 3407 universam
1170 3347 1323 3407 ecclesiam
1345 3345 1418 3418 legi·

207 3444 277 3502 time
297 3450 530 3518 repraesentans.
575 3447 658 3505 Hanc
686 3447 846 3508 doctrinam
868 3451 1031 3510 liberaliter
1051 3459 1082 3511 et
1102 3452 1294 3526 spiritualiter
1315 3465 1418 3523 accep·
1504 3525 1506 3528 .
1592 3435 1593 3460 ¹

207 3551 267 3606 tam
290 3547 378 3606 etiam
396 3547 534 3607 Erasmus
558 3549 764 3611 etLeihnitius
785 3569 880 3626 neque
903 3555 1034 3616 sincerae
1056 3554 1126 3616 fidei
1148 3571 1313 3630 repugnare
1335 3557 1418 3627 puta-

208 3655 322 3726 verant,
345 3667 440 3724 ueque
462 3652 570 3712 rationi
583 3653 744 3730 humanae,
763 3657 869 3731 quippe
891 3658 959 3718 inde
974 3658 1177 3734 derivandam,
1198 3658 1274 3733 quod
1288 3656 1418 3716 Christus

209 3755 357 3832 discipulis
378 3756 560 3831 promisisset
576 3775 608 3818 66
624 3774 675 3818 616
697 3761 813 3820 nomine
833 3765 1014 3837 congregatis
1035 3770 1220 3838 praesentem
1234 3761 1298 3822 iore
1313 3776 1419 3834 eosque

209 3861 313 3936 spiritu
334 3879 386 3922 auo
409 3863 440 3920 in
462 3879 575 3922 omnem
598 3865 751 3925 veritatem
765 3865 882 3926 ductum
905 3867 949 3926 iri.
994 3869 1074 3942 Quae
1096 3871 1202 3944 verba,
1225 3865 1419 3928 etiamsinon

211 3967 247 4025 16
273 3968 389 4040 synodis
415 3967 482 4042 lege
508 3969 707 4028 ecclesiastiea
731 3971 872 4030 institutis
896 3977 999 4046 agunt,
1028 3979 1125 4034 tamen
1147 3977 1185 4035 ad
1207 3973 1419 4054 6116161616

211 4071 309 4130 verius
331 4070 436 4132 Christi
463 4073 579 4134 nomine
606 4081 817 4150 congregantur
843 4081 874 4134 61
899 4077 1100 4153 consiliantur,
1132 4097 1167 4139 eo
1193 4083 1299 4155 justius
1326 4086 1418 4140 trans·

211 4172 291 4252 terri,
312 4176 400 4234 etiam
409 4176 582 4252 Evangellci
602 4179 682 4240 salva
706 4181 889 4241 examinandi
911 4180 1030 4242 decreta
1045 4199 1144 4243 earum
1159 4191 1304 4260 potestate
1319 4199 1420 4244 conce·

300 4433 592 4501 1)111.1,11-11.

300 4522 327 4588 l)
347 4519 467 4588 Gregorii
484 4519 505 4570 Ι.
524 4535 581 4585 app.
601 4525 631 4583 5,
654 4527 684 4572 18
703 4521 746 4586 (cl.
768 4527 798 4584 s,
818 4523 871 4586 13).
