3144 5092
226 267 277 324 108
766 269 855 324 canor
873 269 907 322 V.

224 469 464 548 archiepiscopus
492 469 689 546 Colorrieusis,
721 489 740 530 a
766 469 899 532 Galilaeo
931 471 1057 532 missum
1085 473 1349 534 commodaverat.
1406 473 1493 548 Quae

225 577 318 639 Italus
337 578 369 638 in
386 577 467 638 eaelo
486 577 637 638 detexerat
654 597 723 638 cunr
741 596 817 638 novo
835 580 960 654 mundo,
984 597 1074 658 quem
1092 580 1171 640 alius
1189 581 1311 658 Italus,
1341 582 1492 642 Christe

225 687 335 766 pharus
355 685 528 761 Columbus,
547 689 629 746 hans
648 683 797 746 Oceanum
815 687 981 763 invenerat,
1000 689 1191 765 comparavit.
1225 687 1376 763 Quattuor
1397 691 1489 750 doris

225 793 312 854 lunas
331 793 518 871 conspicatus
537 793 727 854 exclamavit:
747 794 891 870 Gdilaee,
909 795 1016 856 nasu
1044 795 1254 857 Narrationem
1271 815 1387 858 eornm
1405 817 1488 877 quas

226 902 290 980 ipsa
313 901 516 962 observaverat
538 901 650 980 publici
670 902 748 979 juris
770 903 854 977 fecit,
877 907 959 964 utet
977 903 1114 964 exemtis
1133 905 1318 982 probrorum
1343 907 1487 966 mmmm

226 1008 324 1070 dubiis
347 1013 523 1086 occurreret,
546 1013 577 1070 et
595 1008 720 1070 Galilaei
742 1010 998 1086 obtrectatoribus,
1021 1011 1073 1088 qui
1091 1012 1140 1072 rel
1158 1012 1261 1089 palam
1280 1013 1337 1073 vel
1358 1015 1485 1074 oeenlua

226 1117 352 1178 exitium
379 1117 406 1178 ai
434 1117 690 1192 machinabantur,
718 1117 871 1178 silentium
898 1117 1071 1196 imponeret
1118 1117 1201 1192 Quae
1228 1121 1338 1180 omnia
1369 1139 1482 1180 ansam

227 1225 425 1303 praebuerunt
443 1224 569 1302 Segheto
587 1224 742 1301 Britanno,
760 1229 795 1286 ut
812 1243 881 1286 cum
898 1225 967 1286 aliis
986 1225 1124 1286 distichis
1142 1225 1217 1286 haee
1235 1227 1276 1288 ad
1296 1228 1481 1288 Galilaeum

228 1333 369 1394 mitteret:

493 1417 637 1487 Koplarus,
657 1416 784 1484 Galilaea,
803 1419 867 1472 tuus
886 1419 932 1472 tua
950 1417 1038 1472 sidera
1055 1417 1134 1472 vidit:

529 1507 611 1562 Tanto
630 1507 689 1577 quis
708 1507 810 1562 dubitet
828 1508 935 1562 credero
954 1509 1022 1561 teste
1041 1507 1108 1562 tibi?

475 1596 583 1666 Vicisti,
603 1595 731 1652 Galilaea!
751 1597 865 1651 tremant
882 1595 945 1651 licet
964 1597 1049 1652 Orcus
1068 1600 1096 1651 et
1113 1597 1238 1652 umbrae:

511 1685 636 1756 luppiter·
653 1685 741 1756 illum,
760 1687 825 1741 istas
844 1687 976 1756 opprimet
993 1689 1052 1742 orta
1069 1687 1153 1742 dias¹

336 1834 485 1897 Galilaeae
512 1835 640 1914 Ile-ploro
667 1835 851 1914 respondens
877 1836 988 1912 gratias
1014 1837 1088 1913 agit,
1115 1836 1194 1914 quod
1222 1836 1289 1912 ille,
1323 1838 1474 1914 primns

228 1963 267 2005 ae
285 1945 360 2005 iare
378 1942 491 2018 solus,
514 1961 546 2005 re
564 1943 686 2004 minime
704 1943 850 2020 inspecta,
874 1961 949 2022 quae
967 1944 1032 2020 ejus
1052 1944 1091 2004 sit
1108 1944 1279 2021 ingenuitas
1298 1949 1331 2004 et
1348 1945 1471 2021 ingenii

230 2051 410 2127 sublimitas,
439 2051 515 2127 ,suis
542 2050 783 2112 assertationibus
810 2051 957 2128 integram
983 2051 1072 2111 fidem
1096 2051 1286 2130 praebuerit}
1336 2051 1471 2124 Indicet,

229 2160 351 2240 quinam
373 2160 487 2220 detecta
511 2177 565 2221 sua
586 2159 677 2220 variis
700 2159 804 2219 Italiae
826 2158 900 2220 loeis
923 2177 977 2236 per
999 2158 1193 2236 telesoopium
1215 2159 1280 2218 sive
1302 2161 1469 2238 perspicil-

229 2267 292 2328 lum
315 2267 451 2329 viderint
498 2265 638 2342 Queritur
659 2267 738 2346 quod
765 2266 818 2326 alii
845 2267 1008 2344 conspicati
1030 2271 1145 2326 taceam
1167 2271 1197 2326 et
1218 2266 1383 2342 haesitent,
1414 2268 1466 2326 alii

229 2375 432 2454 obloquantur.
467 2373 558 2450 ,Quid
577 2374 689 2452 igitnr‘,
712 2372 823 2452 inquit,
847 2373 1026 2450 ,agenduml
1048 2391 1116 2434 cum
1134 2373 1301 2434 Democrito
1318 2379 1374 2433 aut
1393 2394 1465 2434 enm

229 2483 377 2544 Heraclito
405 2483 562 2542 standum?
606 2481 696 2557 Volo,
723 2482 765 2542 mi
791 2481 933 2559 Keplere,
960 2485 995 2540 ut
1020 2480 1169 2540 rideamus
1196 2481 1346 2558 insignem
1375 2482 1464 2559 vulgi

230 2590 395 2650 stultitiam.
441 2587 519 2664 Quid
541 2589 622 2650 dices
649 2589 687 2649 de
713 2589 862 2666 primariis
889 2588 980 2666 hujus
1007 2588 1156 2666 gymnasii
1178 2588 1379 2666 philosophis,
1409 2591 1462 2667 qni

229 2697 341 2774 aspidis
360 2695 521 2775 pertinacia
538 2695 664 2773 repleti²
686 2714 851 2774 nunquam,
873 2697 946 2756 lieet
962 2715 1011 2756 me
1029 2695 1107 2755 ultre
1125 2695 1224 2754 dedite
1241 2713 1329 2772 opera
1346 2695 1462 2756 millies

229 2803 382 2880 offerente,
411 2821 466 2864 aec
488 2802 627 2863 Plarretas
650 2821 706 2863 aee
728 2803 830 2863 lunam
852 2823 908 2864 nee
930 2803 1137 2882 perspicillum
1159 2801 1260 2862 ridere
1281 2802 1461 2864 roluenmt?

229 2929 332 2973 verum
356 2917 390 2974 ut
411 2911 464 2972 ille
486 2928 585 2986 arares,
613 2911 657 2972 sie
679 2911 730 2972 isti
753 2911 854 2972 oculos
876 2917 978 2973 eontra
999 2909 1132 2971 variam
1154 2909 1253 2970 lucem
1275 2910 1458 2971 obturarunt

231 3055 272 3065 -
298 3018 379 3096 Quos
401 3019 503 3081 ederes
526 3019 697 3094 cachinnos,
726 3019 752 3080 si
774 3019 892 3080 audires
920 3037 996 3098 quae
1023 3023 1124 3080 contra
1148 3035 1197 3078 me
1224 3035 1322 3077 eoram
1348 3017 1457 3095 Magno

132 3101 137 3111 Ι
229 3129 312 3190 Duce
330 3128 409 3190 Pisis
431 3147 449 3188 a
471 3127 646 3206 philosopho
669 3126 752 3188 illius
770 3127 919 3204 gymnasii
942 3127 1081 3206 primario
1099 3124 1212 3204 prolata
1231 3126 1362 3200 hienmt,
1385 3126 1455 3184 dnm

230 3237 412 3314 argumentis
430 3235 619 3314 logicalibus,
641 3239 792 3314 tamquam
815 3235 939 3313 magieis
962 3233 1262 3313 praecantationibus,
1283 3251 1375 3293 novos
1394 3233 1455 3311 pla-
1551 3273 1552 3278 κ

230 3347 315 3404 netas
337 3361 354 3404 e
376 3343 457 3404 coelo
484 3343 626 3404 divellere
652 3347 683 3404 et
709 3361 830 3404 evocare
857 3342 1016 3404 contendit
1062 3341 1151 3416 Vale,
1177 3341 1224 3400 vir
1250 3339 1453 3415 emditissime,
1551 3325 1552 3370 ³

230 3455 261 3512 et
282 3469 343 3524 me,
365 3455 400 3510 nt
422 3449 513 3526 soles,
535 3453 622 3512 ama‘

341 3557 462 3635 Kepleri
494 3575 650 3618 assensum
681 3557 825 3632 Galilaea,
861 3557 913 3636 qui
945 3558 1011 3636 ipsc
1041 3575 1076 3617 eo
1107 3574 1205 3616 eoram
1236 3553 1342 3631 Magno
1374 3553 1451 3614 Duce

231 3665 356 3726 Etnrsco
382 3665 468 3724 nisus
494 3663 574 3740 est,8
604 3683 665 3725 non
692 3665 808 3725 tantiam
840 3665 954 3726 animos
985 3665 1147 3738 addidisse,
1178 3681 1282 3722 venam
1309 3662 1395 3721 etiam
1421 3662 1449 3721 in

231 3771 382 3851 republica
399 3771 541 3832 litteraria
559 3771 639 3832 haud
657 3789 761 3850 parum
779 3773 928 3851 prodiisse
946 3779 1059 3833 eertum
1078 3775 1132 3832 est
1169 3769 1340 3830 Fortissimo
1357 3773 1447 3828 anam

232 3881 264 3941 in
287 3879 374 3940 Italia
395 3879 565 3956 adjumento
588 3880 688 3958 ipsum
716 3880 794 3959 quod
817 3881 1009 3941 fabricaverat
1030 3879 1225 3957 telescopium
1246 3877 1275 3938 ei
1296 3881 1370 3950 eat,
1395 3895 1448 3954 qno

231 3987 365 4066 inspecto
397 4007 466 4048 mox
497 3988 667 4066 gravissimi
701 3993 731 4048 et
762 3987 959 4048 illustrissimi
1001 3987 1072 4064 viri,
1108 3986 1255 4064 imprimis
1282 3984 1402 4044 Venetis
1430 3989 1456 4044 et

340 4219 367 4281 1)
391 4215 458 4286 Opp.
481 4215 509 4270 di
531 4215 589 4272 Gal.
617 4215 833 4286 supplementum
860 4233 887 4286 p
906 4217 950 4272 ab.
969 4217 1012 4272 39„
1053 4215 1155 4272 Eadem
1181 4217 1304 4284 podmah
1324 4209 1446 4282 lieplsms

231 4307 401 4373 ,nmationb
419 4321 485 4362 suae
503 4307 632 4376 adjunxit
669 4305 708 4364 Cf.
728 4305 795 4377 Opp
814 4305 843 4362 11
860 4307 914 4362 513
927 4323 964 4361 ss

338 4395 365 4454 a
385 4395 521 4465 &gnificat
538 4395 627 4450 laicum
645 4395 690 4452 Ps
704 4395 740 4451 58
750 4398 816 4464 (bib.
830 4397 860 4457 5.
878 4395 924 4451 ubl
941 4397 1054 4450 affamur
1069 4395 1214 4451 similitude
1232 4392 1344 4463 ,aspidis
1360 4392 1445 4447 surdae

231 4487 259 4536 ot
276 4483 424 4538 obturantis
442 4501 522 4539 annas
540 4487 622 4540 sm‘
657 4485 788 4556 Iacuitnr
805 4487 839 4541 de
857 4487 996 4556 mmo
1014 4486 1147 4542 Padum

338 4574 367 4632 3)
385 4573 452 4643 Opp
472 4573 511 4628 w
529 4575 565 4629 94
587 4575 621 4629 cl.
641 4575 701 4630 102.
