3188 5086
708 284 800 334 Carnu
817 283 851 334 11.
1351 277 1386 333 83

174 501 323 572 bucusque
354 501 479 558 evitasse
508 498 621 567 dicunt;
654 497 730 570 quod
753 502 786 554 ut
812 496 994 570 aliquatenus
1020 501 1116 554 astuto
1143 497 1243 553 curiae
1271 492 1389 551 consilio

174 603 328 677 tribuatur,
354 619 430 676 quae
459 602 496 660 ad
523 607 637 675 tempus
668 618 733 660 cum
762 601 825 660 sola
852 600 1010 659 Germania
1038 601 1142 658 luctari
1173 604 1219 656 sat
1241 597 1389 656 habuerit:

175 715 372 767 verumtamen
404 707 513 780 aliquid
538 708 626 764 etiam
657 706 800 765 subtiliori
830 705 1055 778 gubernatorum
1076 705 1293 762 Austriacorum
1323 719 1390 775 pro·

174 812 348 885 spicientiae
379 810 504 870 dandum
532 826 605 869 esse.
650 810 715 868 Huc
741 809 771 868 id
800 811 924 868 maxime
947 809 1113 882 referimus,
1136 808 1212 880 quod
1235 808 1323 866 etiam
1345 808 1389 864 illi

172 918 219 988 jus
247 931 368 974 munere
396 914 568 974 demovendi
598 915 720 972 clericos
746 915 872 972 rebelles
898 911 1053 972 fortissime
1084 913 1194 970 civitati
1230 917 1390 982 reservant,

175 1021 226 1080 sed
258 1023 315 1094 ita,
353 1027 386 1078 ut
411 1035 449 1077 ne
483 1021 581 1093 specie
613 1019 730 1092 quidem
758 1025 874 1077 veteres
906 1019 988 1090 leges
1018 1015 1201 1075 hierarchiae
1230 1015 1390 1073 catholicae

174 1123 397 1196 infringantur}
448 1122 488 1182 Ut
516 1124 592 1182 enim
619 1125 650 1180 in
680 1123 812 1196 civitate,
843 1122 924 1193 cnjus
946 1122 1108 1194 patrocinio
1131 1119 1255 1178 eeclesia
1275 1119 1391 1193 fruitur,

176 1229 297 1301 quilibet
324 1228 475 1301 episeopus
500 1244 621 1286 munere
652 1243 702 1286 suo
724 1228 782 1285 rite
805 1226 950 1300 iungatur,
981 1242 1053 1300 opus
1073 1231 1118 1284 est
1140 1226 1264 1284 civitatis
1287 1240 1391 1296 appro-

176 1333 311 1407 batione,
343 1332 406 1390 aine
429 1347 488 1404 qua
506 1333 566 1404 jam
587 1331 671 1389 initio
692 1330 821 1390 dioecesi
843 1345 913 1388 suae
936 1328 1056 1403 praefici
1078 1345 1136 1388 non
1155 1331 1256 1402 potuit.
1303 1327 1390 1398 Ouujns

177 1436 410 1510 approbationis,
445 1436 470 1494 si
504 1436 657 1508 episeopus
695 1451 816 1493 munere
852 1440 953 1492 contm
991 1435 1072 1508 leges
1112 1435 1210 1493 civiles
1251 1434 1390 1506 abutitur,

176 1539 358 1600 revocandas
382 1540 434 1611 ius,
453 1539 555 1596 civitas
579 1539 642 1596 sine
665 1537 752 1596 dubio
774 1537 864 1596 babet
882 1554 976 1610 eoque
999 1539 1068 1596 nixa
1089 1539 1126 1596 ab
1149 1539 1273 1597 ecclesia
1293 1545 1391 1613 postn-

177 1645 238 1702 lare
267 1647 380 1716 potest,
408 1647 442 1700 nt
464 1647 495 1700 et
516 1642 580 1714 ipsa
603 1643 768 1714 episcopum
790 1642 847 1700 rite
870 1647 1050 1700 summoveat
1074 1643 1193 1716 ejusque
1216 1643 1279 1702 leco
1303 1644 1391 1701 alium

178 1747 279 1819 eligat,
309 1745 386 1819 quod
408 1745 543 1817 quamdiu
567 1744 673 1803 factum
697 1761 755 1802 non
778 1747 848 1820 erit,
877 1746 979 1803 civitas
1001 1758 1068 1804 eum
1090 1751 1123 1804 ut
1145 1747 1201 1804 rite
1224 1745 1392 1822 fungentem

176 1867 235 1908 non
266 1854 413 1924 agnoscet
468 1849 529 1906 Has
561 1850 690 1908 rationes
723 1849 856 1923 Austris,
886 1867 973 1922 quum
1003 1857 1069 1922 post
1102 1849 1244 1908 Vaticana
1272 1851 1392 1911 decreta

176 1970 270 2012 novae
309 1953 452 2026 quaedam
482 1954 563 2027 leges
589 1953 775 2012 necessariae
809 1953 985 2024 viderentur,
1016 1954 1047 2010 in
1075 1954 1261 2028 exprimenda
1292 1972 1405 2014 earum

177 2055 269 2116 forma
300 2058 434 2115 serravit.
479 2056 607 2116 Easdem
636 2058 764 2116 rationes
796 2058 882 2116 etiam
909 2057 1045 2116 Bomussia
1072 2060 1133 2131 jnm
1157 2059 1225 2117 inde
1253 2060 1393 2134 abiegni

177 2161 323 2220 Electeris
365 2157 567 2234 temporibus²
609 2169 710 2220 secuta
747 2167 819 2220 erat.
880 2161 989 2219 Mirum
1030 2161 1107 2234 quod
1145 2178 1244 2221 earum
1282 2165 1393 2237 pondus

177 2282 279 2324 omnes
299 2265 457 2323 Ministerii
476 2265 623 2323 Berussici
653 2266 832 2324 consultores
859 2264 970 2339 fugisse
992 2282 1088 2338 nuper
1108 2267 1230 2326 videtur.
1275 2269 1392 2327 Etenim

177 2385 253 2427 nova
276 2370 343 2442 lege
365 2369 542 2442 postulatum
564 2374 622 2442 est,
652 2375 699 2442 ut,
726 2370 751 2426 si
773 2369 901 2428 tribunal
926 2367 998 2427 illud
1027 2369 1126 2444 civile,
1157 2371 1194 2428 ad
1216 2371 1393 2431 dirimendas

179 2488 282 2532 causas
311 2473 644 2546 ecclesiasticopoliticas
671 2475 872 2548 constitutum,
901 2475 1067 2548 episcopum
1095 2475 1161 2534 loco
1184 2477 1393 2550 summovisset,

178 2577 384 2636 canonicorum
414 2577 580 2651 collegium,
608 2579 690 2650 quasi
712 2577 867 2636 tribunalis
887 2577 966 2636 illius
987 2578 1108 2637 decreta
1124 2581 1186 2654 jam
1207 2597 1314 2654 perse
1337 2583 1394 2639 vim

180 2681 409 2739 ecclesiasticam
430 2681 586 2754 baberent,
615 2683 713 2738 statim
735 2697 839 2740 novum
861 2683 1029 2755 episcopum
1052 2683 1183 2757 eligeret
1229 2684 1293 2742 Non
1315 2684 1394 2743 vide-

180 2785 252 2842 bant
269 2785 468 2860 legislatores,
490 2785 520 2844 id
542 2787 631 2844 etiam
655 2801 754 2844 eorum
770 2785 984 2846 Catholicorum
999 2788 1205 2846 conscientiam
1220 2787 1395 2846 offensurum

181 2904 256 2961 esse,
278 2890 327 2960 qui
341 2905 360 2946 a
373 2889 515 2948 dasuitico
531 2895 562 2948 et
574 2888 716 2958 Vaticano
735 2891 853 2963 ingenie
868 2891 954 2962 longe
968 2892 1075 2949 remoti
1089 2896 1194 2951 essent.
1228 2892 1290 2950 Hoc
1304 2893 1396 2950 solnm

180 2993 213 3050 in
233 2993 346 3066 legibus
367 2993 454 3066 Majis
477 2993 618 3066 ejusmodi
640 2998 721 3067 erat,
743 2999 776 3050 nt
799 2994 901 3052 civitas
923 2999 1043 3067 propter
1062 2969 1231 3067 usurpatum
1253 2995 1395 3068 quoddam

179 3096 227 3168 jus
252 3111 332 3155 mere
352 3098 580 3156 ecclesiasticum
606 3099 673 3169 jure
695 3098 854 3169 vituperari
882 3103 987 3170 posset
1032 3097 1090 3156 Sed
1112 3113 1150 3156 ne
1173 3115 1260 3156 unum
1280 3099 1396 3171 quidem

181 3200 254 3258 illud
275 3200 485 3260 admittendum
505 3208 578 3263 erat.

269 3303 345 3362 Dum
372 3321 441 3364 vero
468 3306 523 3365 hoc
553 3305 638 3364 modo
665 3305 844 3378 reipublicae
871 3309 1099 3378 propugnatores
1127 3305 1190 3364 sine
1219 3306 1278 3364 ullo
1298 3305 1395 3365 fructu

181 3425 238 3466 nec
260 3409 323 3467 sine
346 3409 451 3468 damno
469 3411 592 3469 internis
614 3409 784 3483 quibusdam
807 3409 950 3468 ecclesiae
965 3409 1052 3468 rebus
1066 3426 1098 3468 se
1112 3411 1284 3485 immiscent,
1306 3412 1395 3471 iidem

181 3528 283 3570 rursus
307 3514 422 3585 saepius
444 3514 475 3571 in
497 3513 755 3585 &coaptationibus
776 3515 852 3588 suis,
874 3514 924 3572 ubi
947 3516 1076 3587 apertius
1095 3521 1182 3588 atque
1197 3516 1284 3574 altitu
1306 3517 1397 3574 inter·

181 3633 235 3674 nas
268 3617 408 3688 quasdam
439 3617 580 3675 ecclesiae
608 3618 794 3690 quaestiones
823 3623 951 3676 tractare
979 3619 1035 3690 ipsi
1061 3619 1240 3692 reipublicae
1268 3621 1396 3678 salutare

182 3725 270 3793 atquo
302 3720 478 3779 fructuosum
507 3720 622 3795 fuisset,
658 3721 760 3794 fugere
795 3738 846 3781 eas
870 3727 956 3794 atque
983 3724 1094 3780 evitare
1125 3724 1204 3780 anxii
1230 3722 1396 3796 studebant,

182 3841 355 3898 quamquam
377 3841 415 3884 nc
437 3833 499 3883 tum
521 3824 636 3898 quddam
659 3841 774 3900 semper
793 3835 926 3884 constare
949 3827 1005 3884 sibi
1026 3831 1171 3900 poterant
1216 3825 1297 3896 Quod
1318 3826 1395 3883 unde

182 3928 292 3986 factum
321 3931 374 4002 sit,
405 3929 623 4002 prudentiorem
645 3931 792 3988 neminem
825 3931 936 3988 latebit
987 3929 1080 4000 Quum
1116 3929 1193 3987 enim
1220 3928 1337 3986 comitia
1365 3933 1397 3986 et

181 4033 297 4104 imperii
320 4033 487 4092 Germanici
509 4041 540 4092 et
560 4035 645 4107 regni
660 4033 807 4093 Borussici
826 4033 1000 4106 synodorum
1014 4033 1121 4090 similia
1135 4029 1199 4090 fieri
1218 4031 1396 4105 dicerentur,

182 4135 269 4208 idque
303 4137 381 4194 baud
415 4139 560 4196 immerito
593 4144 712 4211 propter
740 4139 864 4210 agitatas
895 4137 955 4194 illic
990 4143 1033 4194 tot
1068 4143 1221 4208 tantasque
1245 4136 1396 4210 religionis

183 4241 385 4316 quaestiones,
406 4257 465 4300 non
487 4243 604 4316 mirum
634 4241 710 4314 quod
733 4241 770 4300 ab
792 4241 837 4298 his
857 4256 978 4313 magnus
1000 4241 1116 4314 imperii
1139 4239 1337 4299 Cancellarins
1360 4257 1395 4298 eo

271 4462 298 4530 1)
315 4464 382 4514 Karl
399 4465 469 4514 Haeo
487 4464 504 4514 l
523 4480 544 4515 c.
563 4480 588 4529 p.
602 4469 645 4517 lt.

273 4551 299 4618 t)
319 4551 357 4600 ct.
367 4549 562 4600 Publieationeu
574 4567 620 4599 aus
633 4552 680 4600 deu
690 4551 721 4600 K.
732 4551 917 4600 Preussiacben
927 4549 1133 4601 Staatsarebiven
1144 4549 1165 4600 I.
1184 4567 1210 4616 p.
1219 4554 1270 4600 303
1290 4565 1328 4603 nr.
1340 4557 1397 4601 200.

1141 4635 1184 4702 5*
