3194 5042
182 311 234 364 198
294 363 295 368 ,
712 311 799 365 Carus
819 309 878 364 VIl.

180 405 471 414 —.—----.——..
482 405 503 410 —
513 403 539 410 .-
554 405 610 410 ......
619 405 704 412 ..-.-.
721 407 743 410 --
756 406 798 411 -.
809 407 841 410 —
863 406 1060 413 -„...-—.-

139 593 140 596 Ἴ
180 513 353 588 gloriantes,
386 517 485 571 tamen
516 517 668 588 grassetur
699 513 847 572 barbaries
878 513 949 585 ista,
983 531 1071 592 quae,
1103 518 1137 572 ut
1167 513 1226 572 alia
1258 513 1419 588 sileamus,

180 621 260 680 Petri
288 621 403 679 Arbues
435 625 466 680 et
492 620 613 696 Josephi
642 619 737 679 Labra
767 619 1000 694 canonizatione,
1033 620 1177 681 blunsteri
1209 621 1418 680 reformatoria

180 733 210 787 ot
232 727 439 787 Bcza-Buoeri
465 727 593 786 Thomas
616 727 774 806 equinatis
802 727 955 804 ingenium
982 728 1115 788 timentis
1142 727 1312 788 inventione
1339 729 1416 788 illu-

180 839 297 896 stratur.

286 941 323 1001 In
350 943 447 1002 modio
469 961 560 1019 regno
586 943 817 1002 antichristiano
832 943 942 1003 Romae
970 944 1130 1003 constituto
1152 944 1229 1003 inter
1250 947 1295 1003 tot
1318 943 1413 1004 falsas

180 1054 210 1110 et
228 1050 383 1109 ementitas
405 1050 577 1110 traditiones
596 1050 740 1109 humanae
759 1067 916 1127 superesse
937 1055 1036 1110 brnen
1055 1051 1242 1126 evangelium
1264 1057 1295 1110 et
1313 1068 1412 1110 sacm-

180 1161 292 1232 menta,
319 1157 428 1234 quibus
451 1157 586 1216 homines
613 1157 684 1217 licet
707 1175 760 1234 per
785 1157 896 1218 multas
918 1159 1056 1234 ambages
1079 1157 1349 1235 impedimentaque
1372 1159 1412 1217 ad

180 1265 306 1324 salutem
338 1265 529 1324 christianam
562 1265 716 1342 pervenire
744 1271 870 1342 possunt
897 1265 1044 1342 multique
1070 1283 1172 1326 revera
1204 1271 1409 1342 pervenerant,

181 1371 330 1431 Lutherus
352 1373 503 1450 expressis
526 1373 623 1432 verbis
646 1373 820 1432 enuntiavit.
865 1371 928 1433 Nos
951 1373 1040 1433 etiam
1063 1373 1141 1432 inter
1162 1373 1321 1450 primatum
1345 1373 1412 1450 epi·

181 1479 262 1556 scopi
281 1479 419 1555 Romani,
442 1498 500 1558 quo
519 1480 617 1540 unitas
640 1479 782 1540 eoolesiae
800 1480 990 1540 occidentalis
1013 1480 1091 1540 iuter
1109 1480 1219 1540 multas
1240 1485 1411 1557 temporum

180 1579 378 1664 tempestates*
394 1591 508 1648 servata
536 1587 684 1665 quondam
711 1593 769 1663 est,
802 1593 832 1647 et
858 1588 937 1648 inter
963 1593 1104 1664 papatum
1131 1588 1226 1664 magis
1254 1587 1413 1666 magisque

180 1713 233 1770 per
252 1694 352 1754 secula
374 1695 579 1771 depravatum,
602 1695 689 1772 cujus
711 1695 754 1754 rei
777 1712 882 1755 causas
902 1695 988 1754 tertio
1011 1700 1042 1754 et
1064 1699 1168 1772 quarto
1191 1694 1297 1772 prioris
1314 1697 1413 1772 partis

180 1801 277 1878 capite
303 1801 494 1878 contemplati
522 1820 639 1877 sumus,
672 1803 761 1880 pmbe
792 1802 998 1862 discernimus.
1048 1801 1143 1862 Immo
1170 1803 1250 1880 apud
1276 1820 1412 1864 summos

180 1914 347 1969 nostrorum
375 1909 526 1986 theologos
553 1911 609 1970 hoo
636 1910 736 1970 seculo
762 1929 822 1970 usu
848 1915 999 1988 receptum
1027 1914 1102 1984 erat,
1129 1914 1164 1969 ut
1185 1910 1320 1986 neglecto
1347 1911 1413 1970 lere

180 2017 352 2076 confutandi
370 2017 645 2078 antichristianismi
668 2023 698 2078 et
719 2017 920 2078 defendendae
942 2017 1085 2078 ecclesiae
1107 2017 1293 2094 evangelicae
1310 2018 1413 2078 officio

179 2123 355 2200 gravissima
377 2125 559 2185 hierarchiae
581 2125 702 2199 damna,
730 2125 815 2202 quasi
839 2143 877 2184 ex
904 2125 1128 2202 praeteritorum
1150 2129 1316 2202 temporum
1339 2143 1413 2184 oon·

179 2231 345 2292 dicionibus
367 2233 542 2292 necessitate
569 2233 712 2310 quaedam
735 2237 849 2308 exorta,
874 2233 956 2308 justo
978 2232 1074 2308 magis
1101 2237 1291 2308 excusarent,
1319 2251 1413 2310 quae·

179 2357 298 2416 cunque
324 2357 393 2399 veru
420 2339 484 2400 illic
511 2358 629 2416 magua,
662 2339 784 2414 nobilia,
811 2357 880 2400 vere
908 2340 1069 2399 christiana
1097 2344 1283 2417 supererant,
1314 2341 1413 2401 amico

179 2447 278 2506 animo
305 2447 517 2524 perquirerent.
563 2447 667 2525 Neque
694 2448 730 2507 ab
758 2447 814 2508 hoc
840 2447 933 2507 nimio
959 2447 1118 2525 aequitatis
1145 2447 1244 2534 studio
1266 2448 1413 2508 absterre

180 2555 287 2613 bantur
312 2555 470 2614 virulentis
497 2554 666 2630 calumniis,
695 2573 769 2633 quas
793 2555 956 2615 Pontifices
983 2555 1020 2614 de
1047 2555 1286 2616 reformatoribus
1313 2554 1414 2633 deque

180 2665 280 2720 nostra
311 2661 436 2720 ecclesia
467 2680 506 2721 ex
537 2662 675 2722 cathedra
706 2663 840 2722 emittere
872 2662 1061 2740 pergebant¹
1111 2661 1175 2721 Hae
1206 2667 1241 2722 ut
1271 2662 1414 2723 innoxiae

180 2767 287 2827 veteris
310 2769 403 2828 morbi
426 2768 569 2846 reliquiae
591 2770 737 2846 patienter
755 2769 892 2830 ferendae
915 2787 982 2830 esse
1003 2769 1186 2830 videbantur.
1231 2768 1414 2848 Nuperrime

180 2875 313 2950 demum,
341 2874 478 2953 inprimis
501 2881 569 2952 post
591 2875 768 2936 Vaticanum
792 2875 960 2938 Concilium
987 2895 1026 2936 ex
1048 2877 1162 2936 incuria
1185 2881 1297 2954 nostra,
1325 2877 1413 2937 velut

180 3001 196 3042 e
224 3001 339 3057 somno,
372 2983 547 3044 exsuscitari
575 2984 672 3061 ooepti
704 3002 816 3044 sumus.
869 2984 968 3044 Etiam
999 3003 1080 3045 nuuc
1106 2985 1249 3044 adversus
1280 2984 1413 3060 injustos

179 3090 360 3152 adversarios
380 3091 515 3167 justitiae
537 3091 656 3152 studere
678 3110 738 3151 non
763 3092 941 3152 desinemus.
989 3090 1139 3170 Quidquid
1162 3091 1226 3151 illic
1248 3110 1286 3152 ex
1308 3093 1412 3169 purio-

180 3199 262 3258 ribus
298 3198 462 3274 originibus
493 3199 641 3260 laudabile
673 3203 809 3277 superest
844 3199 1038 3259 laudabimus.
1094 3197 1244 3276 Quidquid
1273 3199 1341 3276 jure
1376 3199 1411 3259 in

180 3311 280 3366 nostra
311 3305 437 3366 eeclesia
468 3306 648 3382 vituperant,
681 3325 720 3366 ne
751 3306 925 3383 neglegatur
955 3307 1154 3381 monebimus,
1186 3305 1295 3366 veteris
1326 3308 1412 3366 verbi

181 3431 336 3473 memores:
369 3413 409 3473 Et
435 3414 471 3472 ab
498 3413 584 3472 hoste
611 3413 798 3473 consilium.²
843 3413 901 3474 Sed
924 3413 1065 3472 immania
1090 3414 1246 3474 infernalis
1271 3413 1330 3474 odii
1354 3415 1411 3492 fig-

180 3525 290 3594 menta,
318 3520 500 3581 alesuitioa
527 3525 609 3598 parte
636 3521 725 3580 stab
752 3521 818 3598 ipsa
840 3520 973 3581 Romana
1000 3521 1070 3580 sede
1092 3525 1193 3581 contra
1219 3539 1274 3582 nos
1300 3522 1409 3580 iterum

180 3626 301 3702 omissa,
334 3645 460 3704 quorum
487 3629 643 3688 innumera
669 3629 807 3706 exempla
833 3637 902 3689 ante
929 3628 1031 3688 oculos
1057 3628 1154 3706 posita
1177 3632 1259 3703 sunt,
1291 3628 1410 3690 silentio

179 3751 266 3810 porro
297 3735 529 3810 praetermittere
555 3735 678 3796 minime
708 3736 786 3796 licet
837 3735 926 3796 Haud
953 3736 1062 3795 furstra
1094 3735 1239 3813 scriptum
1266 3741 1312 3796 est
1342 3753 1410 3796 esse

180 3846 299 3918 tempus
330 3841 445 3901 tacendi
473 3849 503 3902 et
534 3843 704 3921 loquendi.³
747 3844 814 3903 dam
845 3848 876 3904 et
902 3843 1087 3903 continenter
1117 3847 1148 3902 et
1174 3841 1279 3903 intimo
1309 3842 1409 3902 animo

180 3965 234 4008 nos
261 3949 412 4008 reminisci
435 3955 562 4027 oportet,
590 3950 662 4028 quid
685 3951 817 4028 postulet
842 3970 861 4010 a
882 3951 967 4011 nobis
994 3949 1104 4010 veritas
1126 3950 1309 4026 evangelica,
1336 3949 1409 4027 quid

180 4055 341 4116 christiana
367 4057 504 4134 ccclesia,
538 4057 688 4134 ,columna
715 4063 745 4118 et
777 4059 996 4118 firmamentum
1022 4057 1183 4132 veritatis‘,
1215 4055 1288 4134 quid
1314 4057 1410 4134 patria

288 4321 315 4392 1)
334 4322 372 4377 cf.
391 4321 415 4376 J.
435 4321 465 4376 L.
483 4321 576 4376 iacobi
599 4322 627 4376 in
649 4321 739 4377 libello
761 4321 891 4392 polemico
909 4320 1113 4391 ,Streiflichter‘
1136 4321 1164 4374 et
1185 4320 1213 4374 in
1230 4318 1321 4374 libello
1344 4335 1409 4388 apo-

179 4409 300 4479 logstico.

288 4517 315 4584 2)
334 4518 372 4571 Ct.
392 4533 459 4586 quae
479 4518 512 4571 de
531 4533 563 4570 ea
581 4533 610 4571 ra
628 4533 710 4586 supra
728 4518 800 4573 dicta
818 4521 882 4572 suut
899 4535 925 4588 p.
944 4519 961 4574 6
976 4535 998 4573 s.

287 4606 315 4674 3)
334 4605 509 4661 Ecclesiastes
528 4605 557 4674 3,
577 4607 601 4659 7.
