3134 5054
656 302 749 354 floron
765 302 812 354 xl.
1289 301 1339 358 281

215 517 297 578 Haeo
319 516 471 590 inpriore
494 514 627 590 Gatalogi
655 517 734 576 illins
757 517 885 578 editione
908 520 1024 595 scripsit
1044 519 1190 578 Erasmus.
1235 517 1343 578 Evenit

120 621 207 696 qnod
228 627 389 682 ructuaret
429 621 498 680 lem
524 637 618 694 pauca
647 621 711 697 illa,
737 637 812 696 qnae
842 623 881 682 de
908 625 1055 699 proposito
1085 641 1137 684 sno
1164 623 1340 699 prodiderat,

119 743 244 788 saevam
265 727 415 799 utriusque
436 726 527 800 partis
547 726 622 784 iram
641 727 850 790 excitaverunt
896 729 1091 789 Fremuornnt
1111 728 1340 788 Romanocatho-

119 833 178 892 lici
200 837 318 906 propter
339 847 391 905 ea,
419 846 495 903 qnae
516 829 554 890 de
576 832 701 892 veritate
726 836 757 890 et
778 831 916 892 libertate
938 834 1109 906 evangelica
1130 850 1197 892 cunr
1218 832 1341 892 Lotherl

121 936 246 1012 negotio
271 935 443 996 consociatis
470 941 531 994 tam
558 935 709 1010 splendide
736 936 858 996 dherat
906 937 965 996 Alii
993 937 1124 1013 quidam,
1151 937 1202 1012 qni
1229 937 1341 1013 ‚Evan-

122 1042 239 1116 gelioos
269 1057 301 1100 ss
329 1041 426 1099 vocari
458 1038 649 1116 gaudebant‘,
683 1057 778 1114 paene
808 1041 846 1101 ad
877 1043 989 1103 rabiem
1022 1043 1118 1102 adacti
1151 1047 1233 1116 sunt,
1265 1041 1341 1115 quod

122 1147 266 1206 Erasmus
287 1162 346 1204 non
365 1145 462 1204 omnia
483 1145 515 1202 in
536 1143 666 1204 Lothero
687 1145 860 1219 probaturus
880 1152 958 1221 erat,
982 1147 1078 1222 ‚qnasi
1097 1148 1243 1222 piaculum
1264 1151 1342 1206 osset

123 1249 308 1325 lapidatione
327 1248 444 1324 publica
465 1248 583 1324 dignum
605 1265 670 1308 oum
690 1250 820 1310 Luthern
842 1253 889 1312 vol
910 1250 1041 1311 ducendi
1063 1252 1159 1327 gretia
1172 1250 1340 1326 disputare‘

121 1358 234 1429 Itaque
255 1355 285 1414 in
306 1355 402 1414 altera
423 1352 554 1429 Catalogi
576 1353 653 1414 illius
676 1353 819 1430 editione,
848 1373 923 1430 qnae
945 1356 1054 1430 prodiit
1079 1357 1163 1416 initio
1186 1357 1255 1416 anni
1277 1355 1341 1414 mil·

122 1460 225 1520 issimi
255 1459 478 1533 quingentesimi
512 1459 642 1518 vicesimi
674 1461 785 1532 quarti,
820 1460 959 1520 Ειιειιιιιι
995 1460 1069 1522 haec
1103 1461 1194 1521 verba
1229 1459 1341 1520 addidit

124 1569 294 1624 memoratu
315 1563 417 1637 digna:
445 1561 524 1637 ‚Ego
545 1562 593 1621 vix
613 1563 665 1622 ulli
687 1564 882 1624 concesserim
902 1571 935 1624 ut
955 1567 1048 1640 magis
1069 1563 1166 1626 faveat
1187 1565 1340 1638 evaugelio

123 1686 217 1742 quam
238 1669 328 1728 faveo
372 1667 509 1726 Ceterum
528 1666 582 1726 hoc
604 1667 751 1741 negotium
773 1683 810 1728 ea
823 1669 1022 1730 moderatione
1043 1671 1164 1730 tractari
1178 1669 1340 1744 cupiebam,

123 1779 160 1832 nt
189 1771 317 1846 absque
340 1770 518 1830 seditione
541 1771 653 1831 fieret
674 1773 822 1832 omniurn
844 1791 1029 1835 commune.
1081 1773 1209 1834 Proinde
1232 1775 1339 1847 scripto

122 1876 243 1951 publico
265 1893 345 1950 sporn
366 1875 422 1935 feci
445 1875 529 1951 hujus
551 1877 731 1952 argumenti,
753 1883 874 1951 captans
896 1877 926 1938 id
945 1878 1022 1951 qnod
1042 1879 1192 1954 optabam,
1216 1883 1248 1936 ut
1262 1883 1340 1936 utra·

123 1997 188 2055 que
216 1997 283 2054 pare
312 1996 410 2040 amoro
443 1979 615 2042 concordiae
637 1980 804 2040 hertaretur
825 1999 872 2042 me
895 1982 933 2042 ad
954 1983 1086 2056 promissi
1105 1982 1257 2042 voluminis
1279 1980 1341 2039 edi·

123 2087 245 2144 tionem
287 2083 329 2144 Et
354 2085 410 2144 hac
436 2083 474 2146 de
501 2100 535 2144 re
556 2085 689 2144 nonnihil
711 2091 809 2145 wtum
831 2091 878 2146 eat
900 2086 979 2161 apud
1001 2082 1184 2146 Caesarem.¹
1229 2085 1287 2146 Sed
1308 2091 1342 2144 nt

123 2189 316 2249 animadverti
338 2194 472 2248 neutram
493 2194 606 2263 punem
629 2189 666 2248 dc
688 2207 720 2249 se
743 2190 886 2264 praehere
909 2206 991 2264 spem
1012 2189 1204 2264 componendi
1219 2165 1349 2263 dissidii*

123 2293 210 2354 nolui
238 2292 345 2352 frustra
371 2309 484 2354 sumere
513 2310 645 2369 operam,
676 2295 825 2367 utriusque
853 2295 959 2355 malam
986 2295 1108 2370 gratiam
1128 2293 1253 2353 initurus
1275 2309 1341 2352 mea

124 2397 291 2458 sedulitate.
342 2398 427 2457 Nunc
455 2415 571 2473 precor,
600 2403 633 2457 ut
659 2398 801 2458 Dominus
825 2399 927 2471 Jesns,
965 2400 1014 2472 qui
1043 2400 1120 2459 solus
1149 2403 1258 2472 potest,
1287 2396 1340 2456 has

124 2519 228 2562 rernm
249 2501 339 2562 undas
362 2507 393 2562 ct
414 2502 489 2562 hnnc
511 2501 654 2563 ecclesiae
677 2507 881 2578 tempestatem
899 2505 982 2578 jussu
1003 2520 1056 2564 suo
1077 2500 1265 2576 ιιιιιιιιιιιιιοι.ι

216 2607 322 2666 Mirum
350 2611 396 2666 ost
425 2607 500 2680 quod
527 2607 678 2682 Ειιιιιιιιιι,
706 2608 737 2666 in
765 2609 970 2684 componendis
991 2608 1074 2668 libris
1096 2608 1156 2668 suis
1176 2607 1341 2668 incredibili

123 2712 240 2786 ingenii
261 2709 402 2771 facilitate
425 2712 531 2786 alioqui
553 2713 687 2788 insignis,
708 2712 787 2772 illius
808 2713 938 2788 opusculi
957 2713 1090 2774 lahorem
1107 2713 1183 2773 tanti
1201 2712 1285 2787 fecit,
1307 2717 1340 2772 ut

124 2834 199 2878 enm
228 2817 325 2876 subire
356 2817 413 2875 nisi
443 2822 592 2891 utriusque
625 2818 717 2892 partis
750 2818 952 2879 exhortatione
980 2819 1116 2878 incitatus
1145 2817 1225 2877 nnho
1255 2817 1340 2876 modo

125 2922 230 2983 vellet.
273 2921 391 2982 Utinam
417 2920 494 2982 hand
523 2921 613 2982 multo
639 2927 704 2996 post
733 2923 849 2984 comitia
869 2923 1096 2984 wormatiensis
1117 2921 1247 2997 dialogos
1276 2921 1341 2980 illos

123 3027 238 3087 usitata
258 3025 409 3086 eeleritate
431 3025 612 3100 perfecisset.
648 3027 789 3087 Lectores
808 3028 866 3086 illis
888 3043 947 3088 non
968 3026 1129 3089 defuissent
1150 3027 1228 3086 avidi
1249 3026 1342 3100 multi,

123 3130 240 3192 dociles
260 3130 400 3191 nonnulli.
444 3131 541 3190 Etiam
563 3131 640 3192 iuter
662 3130 791 3192 Saxones
812 3138 882 3191 tone
902 3137 1047 3205 regnante
1068 3130 1220 3190 Friderico
1241 3131 1341 3205 plnres

124 3250 217 3311 quam
241 3236 342 3310 paucis
369 3235 454 3294 annis
480 3241 546 3310 post
569 3234 806 3311 inveniebantur,
833 3237 883 3310 qni
909 3235 1025 3295 &cami
1050 3235 1171 3295 consilia
1195 3235 1283 3309 plane
1311 3239 1342 3294 ct

123 3338 226 3401 lucide
248 3340 378 3414 exposita
397 3345 479 3400 recte
498 3340 705 3414 intellegerent
722 3343 859 3416 justeque
883 3340 1089 3415 ponderaront
1123 3339 1227 3414 Neque
1250 3339 1340 3414 illum,

125 3446 154 3504 si
194 3449 285 3504 totum
316 3449 516 3518 argumentum
545 3443 621 3518 qnod
654 3451 844 3520 proposuerat
872 3450 1040 3519 persecutus
1071 3449 1163 3521 esset,
1193 3445 1341 3519 quisquam

124 3548 261 3622 obsequii
290 3553 321 3608 et
349 3549 553 3608 assentationis
573 3549 650 3609 serio
671 3550 845 3625 incusasset,
875 3550 928 3611 sed
950 3565 1138 3626 quaecunque
1168 3550 1341 3625 scripsisset,

125 3667 186 3712 sna
213 3658 317 3726 sponte
346 3653 521 3728 propriaque
543 3653 692 3713 volunmta
723 3671 788 3714 curn
810 3655 959 3730 scripsisse
980 3656 1170 3730 apparuisset
1215 3653 1264 3713 Sic
1283 3654 1342 3714 for·

126 3763 210 3818 tasso
231 3756 333 3816 hostile
356 3756 477 3817 Lntheri
500 3761 531 3816 et
550 3757 666 3817 Erasini
688 3758 839 3818 discidium
867 3759 971 3820 emtori
995 3764 1123 3835 poterat,
1152 3757 1228 3832 quod
1254 3773 1340 3831 quam

126 3861 325 3936 perniciosum
345 3862 499 3922 universae
521 3861 697 3923 Germaniae
719 3863 809 3924 inerit
829 3861 1060 3939 significavimus.
1098 3863 1232 3935 Denique
1254 3861 1343 3920 Eras-

126 3981 209 4040 mus,
235 3967 295 4026 sire
324 3965 496 4040 profecisset
524 3967 634 4042 aliquid
658 3968 718 4029 sive
748 3968 822 4027 nihil
848 3967 1007 4043 profecisse
1033 3968 1112 4028 visos
1139 3972 1230 4041 esset,
1261 3969 1341 4026 certe

127 4086 267 4144 magnum
288 4086 324 4130 ac
346 4085 434 4146 grave
454 4069 581 4132 officinm
602 4071 679 4132 hand
700 4071 809 4132 frustm
829 4072 1016 4147 implevisset.

219 4175 407 4252 tinnovero,
435 4182 589 4257 praetexta
616 4178 748 4253 opusculi
778 4177 856 4238 illius
879 4174 1065 4253 difficultate,
1093 4193 1130 4237 ea
1151 4192 1227 4251 quae
1248 4175 1344 4236 minna

126 4281 255 4342 molesta
277 4281 460 4342 cnsdmahat
480 4285 517 4342 ils
538 4299 614 4358 quac
636 4283 804 4344 honestiora
824 4287 909 4344 eram
928 4283 1077 4358 praetulit.
1119 4280 1210 4342 Ludit
1227 4279 1343 4356 quidem

220 4519 247 4588 1)
265 4519 354 4572 Pretio
372 4519 477 4587 dignum
496 4521 557 4587 erit,
573 4521 651 4588 hujus
668 4521 720 4587 rei,
739 4521 860 4590 adquam
877 4521 1000 4573 Erasmus
1013 4519 1116 4588 puhlioe
1133 4535 1272 4588 provocare
1289 4535 1341 4574 non

125 4607 245 4672 dubitat,
264 4609 376 4674 vestigia
393 4624 521 4675 qumans.
