<?xml version="1.0" encoding="UTF-8"?>
<!DOCTYPE html PUBLIC "-//W3C//DTD XHTML 1.0 Transitional//EN"
    "http://www.w3.org/TR/xhtml1/DTD/xhtml1-transitional.dtd">
<html xmlns="http://www.w3.org/1999/xhtml" xml:lang="en" lang="en">
 <head>
  <title>
</title>
<meta http-equiv="Content-Type" content="text/html;charset=utf-8" />
  <meta name='ocr-system' content='tesseract 3.04.00' />
  <meta name='ocr-capabilities' content='ocr_page ocr_carea ocr_par ocr_line ocrx_word'/>
</head>
<body>
  <div class='ocr_page' id='page_1' title='image "./erasmusredivivu00schlgoog_0119.png"; bbox 0 0 3188 5086; ppageno 0'>
   <div class='ocr_carea' id='block_1_1' title="bbox 232 337 960 393">
    <p class='ocr_par' dir='ltr' id='par_1_1' title="bbox 232 337 960 393">
     <span class='ocr_line' id='line_1_1' title="bbox 232 337 960 393; baseline -0.007 -2"><span class='ocrx_word' id='word_1_1' title='bbox 232 337 286 393; x_wconf 79' lang='grc'>102</span> <span class='ocrx_word' id='word_1_2' title='bbox 723 338 824 388; x_wconf 80' lang='lat' dir='ltr'>Psnrrs</span> <span class='ocrx_word' id='word_1_3' title='bbox 842 337 960 387; x_wconf 83' lang='lat' dir='ltr'>Paronrs</span> 
     </span>
    </p>
   </div>
   <div class='ocr_carea' id='block_1_2' title="bbox 225 545 1451 4473">
    <p class='ocr_par' dir='ltr' id='par_1_2' title="bbox 225 545 1451 4473">
     <span class='ocr_line' id='line_1_2' title="bbox 229 545 1448 626; baseline -0.004 -14"><span class='ocrx_word' id='word_1_4' title='bbox 229 552 365 626; x_wconf 88' lang='lat' dir='ltr'>opinione</span> <span class='ocrx_word' id='word_1_5' title='bbox 391 550 494 610; x_wconf 86' lang='lat' dir='ltr'><strong>imbuti</strong></span> <span class='ocrx_word' id='word_1_6' title='bbox 526 566 614 626; x_wconf 88' lang='lat' dir='ltr'>agere</span> <span class='ocrx_word' id='word_1_7' title='bbox 642 548 829 623; x_wconf 77' lang='lat' dir='ltr'>conabantur,</span> <span class='ocrx_word' id='word_1_8' title='bbox 856 549 996 622; x_wconf 72' lang='lat' dir='ltr'>maiorem</span> <span class='ocrx_word' id='word_1_9' title='bbox 1021 547 1164 621; x_wconf 90' lang='lat' dir='ltr'>quondam</span> <span class='ocrx_word' id='word_1_10' title='bbox 1194 545 1322 606; x_wconf 85' lang='lat' dir='ltr'>futurum</span> <span class='ocrx_word' id='word_1_11' title='bbox 1343 545 1448 607; x_wconf 89' lang='lat' dir='ltr'>iaatum</span> 
     </span>
     <span class='ocr_line' id='line_1_3' title="bbox 230 651 1448 731; baseline -0.002 -16"><span class='ocrx_word' id='word_1_12' title='bbox 230 659 313 731; x_wconf 90' lang='lat' dir='ltr'>quasi</span> <span class='ocrx_word' id='word_1_13' title='bbox 347 656 597 730; x_wconf 86' lang='lat' dir='ltr'>praenuntiabant.</span> <span class='ocrx_word' id='word_1_14' title='bbox 647 653 796 728; x_wconf 84' lang='lat' dir='ltr'>Ejusmodi</span> <span class='ocrx_word' id='word_1_15' title='bbox 834 653 969 726; x_wconf 89' lang='lat' dir='ltr'>superbia</span> <span class='ocrx_word' id='word_1_16' title='bbox 1002 651 1039 711; x_wconf 92' lang='lat' dir='ltr'>ab</span> <span class='ocrx_word' id='word_1_17' title='bbox 1078 651 1219 726; x_wconf 91' lang='lat' dir='ltr'>Irenaeo,</span> <span class='ocrx_word' id='word_1_18' title='bbox 1257 652 1448 728; x_wconf 82' lang='lat' dir='ltr'>Tertulliano,</span> 
     </span>
     <span class='ocr_line' id='line_1_4' title="bbox 233 757 1448 836; baseline -0.002 -17"><span class='ocrx_word' id='word_1_19' title='bbox 233 760 377 836; x_wconf 82' lang='lat' dir='ltr'>cypriano</span> <span class='ocrx_word' id='word_1_20' title='bbox 404 761 529 819; x_wconf 87' lang='lat' dir='ltr'>viriliter</span> <span class='ocrx_word' id='word_1_21' title='bbox 549 774 685 833; x_wconf 90' lang='lat' dir='ltr'>repressa</span> <span class='ocrx_word' id='word_1_22' title='bbox 708 763 769 832; x_wconf 89' lang='lat' dir='ltr'>eat,</span> <span class='ocrx_word' id='word_1_23' title='bbox 795 762 897 832; x_wconf 90' lang='lat' dir='ltr'>postea</span> <span class='ocrx_word' id='word_1_24' title='bbox 918 762 1080 831; x_wconf 90' lang='lat' dir='ltr'>temporum</span> <span class='ocrx_word' id='word_1_25' title='bbox 1102 757 1220 831; x_wconf 90' lang='lat' dir='ltr'>ingenio</span> <span class='ocrx_word' id='word_1_26' title='bbox 1242 763 1330 831; x_wconf 92' lang='lat' dir='ltr'>atque</span> <span class='ocrx_word' id='word_1_27' title='bbox 1350 757 1448 816; x_wconf 89' lang='lat' dir='ltr'>condi-</span> 
     </span>
     <span class='ocr_line' id='line_1_5' title="bbox 232 859 1448 940; baseline -0.003 -16"><span class='ocrx_word' id='word_1_28' title='bbox 232 866 315 924; x_wconf 89' lang='lat' dir='ltr'>cione</span> <span class='ocrx_word' id='word_1_29' title='bbox 341 865 435 940; x_wconf 87' lang='lat' dir='ltr'>magis</span> <span class='ocrx_word' id='word_1_30' title='bbox 469 865 618 937; x_wconf 87' lang='lat' dir='ltr'>magisque</span> <span class='ocrx_word' id='word_1_31' title='bbox 646 861 808 937; x_wconf 80' lang='lat' dir='ltr'><strong>fovebatur,</strong></span> <span class='ocrx_word' id='word_1_32' title='bbox 836 863 879 921; x_wconf 90' lang='lat' dir='ltr'>ita</span> <span class='ocrx_word' id='word_1_33' title='bbox 908 867 940 920; x_wconf 92' lang='lat' dir='ltr'>ut</span> <span class='ocrx_word' id='word_1_34' title='bbox 966 860 1090 920; x_wconf 90' lang='lat' dir='ltr'>Romani</span> <span class='ocrx_word' id='word_1_35' title='bbox 1116 859 1272 920; x_wconf 89' lang='lat' dir='ltr'>Pontifices</span> <span class='ocrx_word' id='word_1_36' title='bbox 1302 861 1391 921; x_wconf 88' lang='lat' dir='ltr'>etiam</span> <span class='ocrx_word' id='word_1_37' title='bbox 1417 861 1448 920; x_wconf 92' lang='lat' dir='ltr'>in</span> 
     </span>
     <span class='ocr_line' id='line_1_6' title="bbox 231 965 1448 1041; baseline -0.003 -12"><span class='ocrx_word' id='word_1_38' title='bbox 231 970 366 1029; x_wconf 79' lang='lat' dir='ltr'>orientali</span> <span class='ocrx_word' id='word_1_39' title='bbox 378 969 557 1028; x_wconf 82' lang='lat' dir='ltr'>Graecorum</span> <span class='ocrx_word' id='word_1_40' title='bbox 580 968 707 1027; x_wconf 89' lang='lat' dir='ltr'>eeclesia</span> <span class='ocrx_word' id='word_1_41' title='bbox 725 967 851 1041; x_wconf 86' lang='lat' dir='ltr'>arreptis</span> <span class='ocrx_word' id='word_1_42' title='bbox 873 965 1073 1024; x_wconf 86' lang='lat' dir='ltr'>occasionibus</span> <span class='ocrx_word' id='word_1_43' title='bbox 1095 965 1286 1040; x_wconf 80' lang='lat' dir='ltr'>principalem</span> <span class='ocrx_word' id='word_1_44' title='bbox 1301 965 1448 1040; x_wconf 89' lang='lat' dir='ltr'>quandam</span> 
     </span>
     <span class='ocr_line' id='line_1_7' title="bbox 228 1068 1450 1148; baseline -0.003 -15"><span class='ocrx_word' id='word_1_45' title='bbox 228 1073 420 1148; x_wconf 90' lang='lat' dir='ltr'>dignitatem,</span> <span class='ocrx_word' id='word_1_46' title='bbox 442 1072 530 1146; x_wconf 92' lang='lat' dir='ltr'>idque</span> <span class='ocrx_word' id='word_1_47' title='bbox 552 1073 659 1146; x_wconf 91' lang='lat' dir='ltr'>passim</span> <span class='ocrx_word' id='word_1_48' title='bbox 682 1070 817 1146; x_wconf 79' lang='lat' dir='ltr'>feliciter,</span> <span class='ocrx_word' id='word_1_49' title='bbox 838 1069 892 1130; x_wconf 90' lang='lat' dir='ltr'>sibi</span> <span class='ocrx_word' id='word_1_50' title='bbox 915 1068 1105 1128; x_wconf 84' lang='lat' dir='ltr'>vindicarent</span> <span class='ocrx_word' id='word_1_51' title='bbox 1149 1069 1207 1129; x_wconf 88' lang='lat' dir='ltr'>Sed</span> <span class='ocrx_word' id='word_1_52' title='bbox 1230 1086 1328 1128; x_wconf 87' lang='lat' dir='ltr'>verum</span> <span class='ocrx_word' id='word_1_53' title='bbox 1344 1069 1450 1130; x_wconf 92' lang='lat' dir='ltr'>illicet</span> 
     </span>
     <span class='ocr_line' id='line_1_8' title="bbox 231 1173 1449 1250; baseline -0.002 -14"><span class='ocrx_word' id='word_1_54' title='bbox 231 1178 398 1236; x_wconf 89' lang='lat' dir='ltr'>continuum</span> <span class='ocrx_word' id='word_1_55' title='bbox 420 1177 573 1250; x_wconf 86' lang='lat' dir='ltr'>imperium</span> <span class='ocrx_word' id='word_1_56' title='bbox 595 1191 653 1234; x_wconf 92' lang='lat' dir='ltr'>uon</span> <span class='ocrx_word' id='word_1_57' title='bbox 675 1175 774 1248; x_wconf 88' lang='lat' dir='ltr'>adepti</span> <span class='ocrx_word' id='word_1_58' title='bbox 797 1180 871 1233; x_wconf 87' lang='lat' dir='ltr'>sunt</span> <span class='ocrx_word' id='word_1_59' title='bbox 916 1173 1012 1244; x_wconf 84' lang='lat' dir='ltr'>Quare</span> <span class='ocrx_word' id='word_1_60' title='bbox 1036 1174 1073 1232; x_wconf 91' lang='lat' dir='ltr'>de</span> <span class='ocrx_word' id='word_1_61' title='bbox 1096 1174 1157 1232; x_wconf 91' lang='lat' dir='ltr'>solo</span> <span class='ocrx_word' id='word_1_62' title='bbox 1179 1174 1242 1232; x_wconf 92' lang='lat' dir='ltr'>orbi</span> <span class='ocrx_word' id='word_1_63' title='bbox 1265 1173 1449 1246; x_wconf 88' lang='lat' dir='ltr'>occidentali,</span> 
     </span>
     <span class='ocr_line' id='line_1_9' title="bbox 232 1278 1448 1357; baseline -0.002 -17"><span class='ocrx_word' id='word_1_64' title='bbox 232 1283 326 1357; x_wconf 88' lang='lat' dir='ltr'>qualis</span> <span class='ocrx_word' id='word_1_65' title='bbox 355 1281 549 1340; x_wconf 85' lang='lat' dir='ltr'>Romanarum</span> <span class='ocrx_word' id='word_1_66' title='bbox 584 1279 878 1353; x_wconf 88' lang='lat' dir='ltr'>Germanicarumque</span> <span class='ocrx_word' id='word_1_67' title='bbox 915 1278 1045 1353; x_wconf 86' lang='lat' dir='ltr'>gentium</span> <span class='ocrx_word' id='word_1_68' title='bbox 1085 1278 1263 1350; x_wconf 91' lang='lat' dir='ltr'>potissimum</span> <span class='ocrx_word' id='word_1_69' title='bbox 1304 1279 1448 1338; x_wconf 89' lang='lat' dir='ltr'>consortio</span> 
     </span>
     <span class='ocr_line' id='line_1_10' title="bbox 231 1380 1447 1460; baseline -0.001 -16"><span class='ocrx_word' id='word_1_70' title='bbox 231 1386 371 1460; x_wconf 89' lang='lat' dir='ltr'>paulatim</span> <span class='ocrx_word' id='word_1_71' title='bbox 394 1385 520 1458; x_wconf 89' lang='lat' dir='ltr'>exstitit,</span> <span class='ocrx_word' id='word_1_72' title='bbox 549 1385 603 1443; x_wconf 91' lang='lat' dir='ltr'>hoc</span> <span class='ocrx_word' id='word_1_73' title='bbox 628 1385 692 1444; x_wconf 91' lang='lat' dir='ltr'>loco</span> <span class='ocrx_word' id='word_1_74' title='bbox 716 1386 794 1456; x_wconf 90' lang='lat' dir='ltr'>loqui</span> <span class='ocrx_word' id='word_1_75' title='bbox 824 1380 936 1441; x_wconf 84' lang='lat' dir='ltr'>sufficit.</span> <span class='ocrx_word' id='word_1_76' title='bbox 987 1381 1074 1456; x_wconf 77' lang='lat' dir='ltr'>Oujm</span> <span class='ocrx_word' id='word_1_77' title='bbox 1099 1383 1251 1456; x_wconf 91' lang='lat' dir='ltr'>imperium</span> <span class='ocrx_word' id='word_1_78' title='bbox 1274 1383 1379 1457; x_wconf 90' lang='lat' dir='ltr'>papale</span> <span class='ocrx_word' id='word_1_79' title='bbox 1403 1399 1447 1457; x_wconf 89' lang='lat' dir='ltr'>eo,</span> 
     </span>
     <span class='ocr_line' id='line_1_11' title="bbox 232 1487 1449 1564; baseline -0.002 -15"><span class='ocrx_word' id='word_1_80' title='bbox 232 1505 319 1562; x_wconf 92' lang='lat' dir='ltr'>quem</span> <span class='ocrx_word' id='word_1_81' title='bbox 333 1489 466 1564; x_wconf 84' lang='lat' dir='ltr'>diximus,</span> <span class='ocrx_word' id='word_1_82' title='bbox 481 1493 643 1561; x_wconf 87' lang='lat' dir='ltr'>temporam</span> <span class='ocrx_word' id='word_1_83' title='bbox 659 1488 758 1547; x_wconf 87' lang='lat' dir='ltr'>favore</span> <span class='ocrx_word' id='word_1_84' title='bbox 773 1487 811 1546; x_wconf 93' lang='lat' dir='ltr'>ad</span> <span class='ocrx_word' id='word_1_85' title='bbox 826 1489 964 1561; x_wconf 88' lang='lat' dir='ltr'>majorem</span> <span class='ocrx_word' id='word_1_86' title='bbox 981 1502 1098 1560; x_wconf 88' lang='lat' dir='ltr'>semper</span> <span class='ocrx_word' id='word_1_87' title='bbox 1113 1487 1217 1544; x_wconf 87' lang='lat' dir='ltr'>virium</span> <span class='ocrx_word' id='word_1_88' title='bbox 1229 1487 1449 1560; x_wconf 91' lang='lat' dir='ltr'>amplitudinem</span> 
     </span>
     <span class='ocr_line' id='line_1_12' title="bbox 232 1589 1448 1668; baseline -0.002 -16"><span class='ocrx_word' id='word_1_89' title='bbox 232 1598 415 1668; x_wconf 85' lang='lat' dir='ltr'>provectum,</span> <span class='ocrx_word' id='word_1_90' title='bbox 453 1593 579 1666; x_wconf 92' lang='lat' dir='ltr'>denique</span> <span class='ocrx_word' id='word_1_91' title='bbox 614 1592 659 1658; x_wconf 43' lang='lat' dir='ltr'>in,</span> <span class='ocrx_word' id='word_1_92' title='bbox 674 1591 881 1666; x_wconf 80' lang='lat' dir='ltr'>insanabilem,</span> <span class='ocrx_word' id='word_1_93' title='bbox 909 1607 965 1664; x_wconf 94' lang='lat' dir='ltr'>quo</span> <span class='ocrx_word' id='word_1_94' title='bbox 989 1593 1051 1666; x_wconf 88' lang='lat' dir='ltr'>jam</span> <span class='ocrx_word' id='word_1_95' title='bbox 1082 1589 1131 1648; x_wconf 92' lang='lat' dir='ltr'>diu</span> <span class='ocrx_word' id='word_1_96' title='bbox 1159 1590 1289 1666; x_wconf 92' lang='lat' dir='ltr'>laborat,</span> <span class='ocrx_word' id='word_1_97' title='bbox 1318 1591 1448 1652; x_wconf 89' lang='lat' dir='ltr'>morbum</span> 
     </span>
     <span class='ocr_line' id='line_1_13' title="bbox 234 1694 1450 1771; baseline 0 -16"><span class='ocrx_word' id='word_1_98' title='bbox 234 1695 384 1771; x_wconf 91' lang='lat' dir='ltr'>delapsum</span> <span class='ocrx_word' id='word_1_99' title='bbox 407 1701 460 1755; x_wconf 86' lang='lat' dir='ltr'>eat</span> <span class='ocrx_word' id='word_1_100' title='bbox 505 1696 588 1768; x_wconf 83' lang='lat' dir='ltr'>Quod</span> <span class='ocrx_word' id='word_1_101' title='bbox 611 1695 753 1769; x_wconf 88' lang='lat' dir='ltr'>quomodo</span> <span class='ocrx_word' id='word_1_102' title='bbox 775 1695 883 1754; x_wconf 84' lang='lat' dir='ltr'>iactum</span> <span class='ocrx_word' id='word_1_103' title='bbox 906 1695 944 1753; x_wconf 90' lang='lat' dir='ltr'>sit</span> <span class='ocrx_word' id='word_1_104' title='bbox 964 1699 996 1753; x_wconf 93' lang='lat' dir='ltr'>nt</span> <span class='ocrx_word' id='word_1_105' title='bbox 1016 1695 1107 1769; x_wconf 91' lang='lat' dir='ltr'>probe</span> <span class='ocrx_word' id='word_1_106' title='bbox 1122 1694 1291 1769; x_wconf 89' lang='lat' dir='ltr'>illustretur,</span> <span class='ocrx_word' id='word_1_107' title='bbox 1313 1711 1332 1754; x_wconf 92' lang='lat' dir='ltr'>a</span> <span class='ocrx_word' id='word_1_108' title='bbox 1353 1696 1450 1756; x_wconf 90' lang='lat' dir='ltr'>sanio-</span> 
     </span>
     <span class='ocr_line' id='line_1_14' title="bbox 233 1795 1372 1874; baseline -0.002 -14"><span class='ocrx_word' id='word_1_109' title='bbox 233 1800 313 1860; x_wconf 83' lang='lat' dir='ltr'>ribus</span> <span class='ocrx_word' id='word_1_110' title='bbox 336 1817 372 1858; x_wconf 87' lang='lat' dir='ltr'>ex</span> <span class='ocrx_word' id='word_1_111' title='bbox 394 1805 478 1874; x_wconf 88' lang='lat' dir='ltr'>parte</span> <span class='ocrx_word' id='word_1_112' title='bbox 500 1800 723 1872; x_wconf 83' lang='lat' dir='ltr'>melioribusque</span> <span class='ocrx_word' id='word_1_113' title='bbox 746 1799 823 1858; x_wconf 88' lang='lat' dir='ltr'>illius</span> <span class='ocrx_word' id='word_1_114' title='bbox 843 1798 934 1856; x_wconf 90' lang='lat' dir='ltr'>initiis</span> <span class='ocrx_word' id='word_1_115' title='bbox 955 1797 1039 1856; x_wconf 83' lang='lat' dir='ltr'>nobis</span> <span class='ocrx_word' id='word_1_116' title='bbox 1060 1795 1297 1871; x_wconf 86' lang='lat' dir='ltr'>proficiscendum</span> <span class='ocrx_word' id='word_1_117' title='bbox 1320 1805 1372 1858; x_wconf 84' lang='lat' dir='ltr'>est</span> 
     </span>
     <span class='ocr_line' id='line_1_15' title="bbox 320 1902 1451 1979; baseline -0.001 -16"><span class='ocrx_word' id='word_1_118' title='bbox 320 1904 387 1963; x_wconf 84' lang='lat' dir='ltr'>lam</span> <span class='ocrx_word' id='word_1_119' title='bbox 409 1905 532 1979; x_wconf 87' lang='lat' dir='ltr'>primum</span> <span class='ocrx_word' id='word_1_120' title='bbox 558 1905 589 1963; x_wconf 96' lang='lat' dir='ltr'>id</span> <span class='ocrx_word' id='word_1_121' title='bbox 618 1919 706 1978; x_wconf 88' lang='lat' dir='ltr'>supra</span> <span class='ocrx_word' id='word_1_122' title='bbox 736 1903 909 1977; x_wconf 90' lang='lat' dir='ltr'>monuimus,</span> <span class='ocrx_word' id='word_1_123' title='bbox 936 1903 1079 1961; x_wconf 88' lang='lat' dir='ltr'>ecclesiae</span> <span class='ocrx_word' id='word_1_124' title='bbox 1106 1902 1248 1961; x_wconf 91' lang='lat' dir='ltr'>unitatem</span> <span class='ocrx_word' id='word_1_125' title='bbox 1270 1903 1365 1979; x_wconf 92' lang='lat' dir='ltr'>illam,</span> <span class='ocrx_word' id='word_1_126' title='bbox 1393 1920 1451 1976; x_wconf 90' lang='lat' dir='ltr'>qua</span> 
     </span>
     <span class='ocr_line' id='line_1_16' title="bbox 232 2003 1450 2084; baseline -0.002 -16"><span class='ocrx_word' id='word_1_127' title='bbox 232 2013 357 2084; x_wconf 89' lang='lat' dir='ltr'>papatus</span> <span class='ocrx_word' id='word_1_128' title='bbox 371 2009 483 2081; x_wconf 89' lang='lat' dir='ltr'>nititur,</span> <span class='ocrx_word' id='word_1_129' title='bbox 499 2007 698 2082; x_wconf 90' lang='lat' dir='ltr'>gravissimam</span> <span class='ocrx_word' id='word_1_130' title='bbox 714 2007 889 2066; x_wconf 88' lang='lat' dir='ltr'>christianae</span> <span class='ocrx_word' id='word_1_131' title='bbox 900 2003 968 2065; x_wconf 90' lang='lat' dir='ltr'>fidei</span> <span class='ocrx_word' id='word_1_132' title='bbox 982 2021 1017 2064; x_wconf 91' lang='lat' dir='ltr'>ao</span> <span class='ocrx_word' id='word_1_133' title='bbox 1031 2005 1109 2064; x_wconf 87' lang='lat' dir='ltr'>vitae</span> <span class='ocrx_word' id='word_1_134' title='bbox 1124 2010 1237 2079; x_wconf 80' lang='lat' dir='ltr'>partem</span> <span class='ocrx_word' id='word_1_135' title='bbox 1252 2023 1325 2066; x_wconf 91' lang='lat' dir='ltr'>esse.</span> <span class='ocrx_word' id='word_1_136' title='bbox 1348 2007 1450 2081; x_wconf 86' lang='lat' dir='ltr'>Neque</span> 
     </span>
     <span class='ocr_line' id='line_1_17' title="bbox 233 2108 1450 2186; baseline -0.002 -13"><span class='ocrx_word' id='word_1_137' title='bbox 233 2129 297 2173; x_wconf 90' lang='lat' dir='ltr'>eam</span> <span class='ocrx_word' id='word_1_138' title='bbox 325 2119 391 2186; x_wconf 93' lang='lat' dir='ltr'>post</span> <span class='ocrx_word' id='word_1_139' title='bbox 417 2112 609 2186; x_wconf 89' lang='lat' dir='ltr'>apostolorum</span> <span class='ocrx_word' id='word_1_140' title='bbox 639 2117 752 2185; x_wconf 90' lang='lat' dir='ltr'>tempus</span> <span class='ocrx_word' id='word_1_141' title='bbox 779 2112 867 2170; x_wconf 89' lang='lat' dir='ltr'>etiam</span> <span class='ocrx_word' id='word_1_142' title='bbox 901 2110 1029 2170; x_wconf 86' lang='lat' dir='ltr'>extemis</span> <span class='ocrx_word' id='word_1_143' title='bbox 1058 2108 1229 2182; x_wconf 90' lang='lat' dir='ltr'>quibusdam</span> <span class='ocrx_word' id='word_1_144' title='bbox 1254 2111 1393 2169; x_wconf 88' lang='lat' dir='ltr'>institutis</span> <span class='ocrx_word' id='word_1_145' title='bbox 1415 2127 1450 2170; x_wconf 92' lang='lat' dir='ltr'>ac</span> 
     </span>
     <span class='ocr_line' id='line_1_18' title="bbox 232 2214 1449 2292; baseline -0.002 -16"><span class='ocrx_word' id='word_1_146' title='bbox 232 2218 345 2292; x_wconf 91' lang='lat' dir='ltr'>legibus</span> <span class='ocrx_word' id='word_1_147' title='bbox 367 2215 537 2276; x_wconf 88' lang='lat' dir='ltr'>firmandam</span> <span class='ocrx_word' id='word_1_148' title='bbox 562 2215 652 2276; x_wconf 84' lang='lat' dir='ltr'>fuisse</span> <span class='ocrx_word' id='word_1_149' title='bbox 673 2232 821 2290; x_wconf 81' lang='lat' dir='ltr'>negamus.</span> <span class='ocrx_word' id='word_1_150' title='bbox 866 2215 1002 2274; x_wconf 86' lang='lat' dir='ltr'>Fortibus</span> <span class='ocrx_word' id='word_1_151' title='bbox 1024 2219 1093 2272; x_wconf 87' lang='lat' dir='ltr'>tune</span> <span class='ocrx_word' id='word_1_152' title='bbox 1115 2214 1239 2273; x_wconf 83' lang='lat' dir='ltr'>maxime</span> <span class='ocrx_word' id='word_1_153' title='bbox 1261 2215 1449 2274; x_wconf 87' lang='lat' dir='ltr'>ecelesiarum</span> 
     </span>
     <span class='ocr_line' id='line_1_19' title="bbox 230 2316 1447 2395; baseline -0.003 -14"><span class='ocrx_word' id='word_1_154' title='bbox 230 2321 472 2395; x_wconf 85' lang='lat' dir='ltr'>gubernatoribus</span> <span class='ocrx_word' id='word_1_155' title='bbox 481 2337 552 2394; x_wconf 92' lang='lat' dir='ltr'>opus</span> <span class='ocrx_word' id='word_1_156' title='bbox 569 2325 642 2379; x_wconf 92' lang='lat' dir='ltr'>erat.</span> <span class='ocrx_word' id='word_1_157' title='bbox 672 2319 813 2379; x_wconf 90' lang='lat' dir='ltr'>Permulti</span> <span class='ocrx_word' id='word_1_158' title='bbox 825 2319 952 2393; x_wconf 83' lang='lat' dir='ltr'>episcopi</span> <span class='ocrx_word' id='word_1_159' title='bbox 967 2318 1073 2392; x_wconf 91' lang='lat' dir='ltr'>animo,</span> <span class='ocrx_word' id='word_1_160' title='bbox 1094 2316 1285 2392; x_wconf 83' lang='lat' dir='ltr'>confessione,</span> <span class='ocrx_word' id='word_1_161' title='bbox 1307 2319 1447 2393; x_wconf 85' lang='lat' dir='ltr'>martyrio</span> 
     </span>
     <span class='ocr_line' id='line_1_20' title="bbox 227 2423 1446 2498; baseline -0.002 -14"><span class='ocrx_word' id='word_1_162' title='bbox 227 2441 259 2484; x_wconf 88' lang='lat' dir='ltr'>se</span> <span class='ocrx_word' id='word_1_163' title='bbox 283 2424 447 2485; x_wconf 81' lang='lat' dir='ltr'>Christiano</span> <span class='ocrx_word' id='word_1_164' title='bbox 467 2425 572 2498; x_wconf 92' lang='lat' dir='ltr'>populo</span> <span class='ocrx_word' id='word_1_165' title='bbox 593 2423 791 2498; x_wconf 78' lang='lat' dir='ltr'>probaverunt</span> <span class='ocrx_word' id='word_1_166' title='bbox 812 2438 967 2496; x_wconf 90' lang='lat' dir='ltr'>eorumque</span> <span class='ocrx_word' id='word_1_167' title='bbox 983 2427 1112 2496; x_wconf 89' lang='lat' dir='ltr'>potestas</span> <span class='ocrx_word' id='word_1_168' title='bbox 1132 2427 1255 2496; x_wconf 88' lang='lat' dir='ltr'>urgente</span> <span class='ocrx_word' id='word_1_169' title='bbox 1271 2423 1446 2482; x_wconf 88' lang='lat' dir='ltr'>necessitate</span> 
     </span>
     <span class='ocr_line' id='line_1_21' title="bbox 228 2527 1447 2602; baseline -0.001 -15"><span class='ocrx_word' id='word_1_170' title='bbox 228 2528 353 2602; x_wconf 89' lang='lat' dir='ltr'>quadam</span> <span class='ocrx_word' id='word_1_171' title='bbox 374 2533 461 2586; x_wconf 87' lang='lat' dir='ltr'>aucta</span> <span class='ocrx_word' id='word_1_172' title='bbox 483 2533 536 2586; x_wconf 91' lang='lat' dir='ltr'>est.</span> <span class='ocrx_word' id='word_1_173' title='bbox 574 2527 637 2599; x_wconf 74' lang='lat' dir='ltr'>Qua</span> <span class='ocrx_word' id='word_1_174' title='bbox 658 2531 804 2601; x_wconf 85' lang='lat' dir='ltr'>potestate</span> <span class='ocrx_word' id='word_1_175' title='bbox 822 2527 945 2586; x_wconf 84' lang='lat' dir='ltr'>Romani</span> <span class='ocrx_word' id='word_1_176' title='bbox 960 2527 1089 2600; x_wconf 86' lang='lat' dir='ltr'>episcopi</span> <span class='ocrx_word' id='word_1_177' title='bbox 1111 2542 1169 2586; x_wconf 93' lang='lat' dir='ltr'>non</span> <span class='ocrx_word' id='word_1_178' title='bbox 1186 2531 1301 2586; x_wconf 90' lang='lat' dir='ltr'>tautum</span> <span class='ocrx_word' id='word_1_179' title='bbox 1322 2528 1354 2585; x_wconf 91' lang='lat' dir='ltr'>in</span> <span class='ocrx_word' id='word_1_180' title='bbox 1376 2543 1447 2586; x_wconf 89' lang='lat' dir='ltr'>suae</span> 
     </span>
     <span class='ocr_line' id='line_1_22' title="bbox 229 2629 1447 2704; baseline 0 -14"><span class='ocrx_word' id='word_1_181' title='bbox 229 2631 400 2691; x_wconf 88' lang='lat' dir='ltr'>dioeceseos</span> <span class='ocrx_word' id='word_1_182' title='bbox 421 2631 546 2704; x_wconf 92' lang='lat' dir='ltr'>negotiis</span> <span class='ocrx_word' id='word_1_183' title='bbox 568 2631 621 2690; x_wconf 91' lang='lat' dir='ltr'>sed</span> <span class='ocrx_word' id='word_1_184' title='bbox 642 2630 798 2704; x_wconf 90' lang='lat' dir='ltr'>aliquando</span> <span class='ocrx_word' id='word_1_185' title='bbox 822 2631 910 2690; x_wconf 91' lang='lat' dir='ltr'>etiam</span> <span class='ocrx_word' id='word_1_186' title='bbox 932 2632 963 2689; x_wconf 91' lang='lat' dir='ltr'>in</span> <span class='ocrx_word' id='word_1_187' title='bbox 985 2631 1101 2690; x_wconf 88' lang='lat' dir='ltr'>summis</span> <span class='ocrx_word' id='word_1_188' title='bbox 1120 2629 1278 2689; x_wconf 90' lang='lat' dir='ltr'>utebantur</span> <span class='ocrx_word' id='word_1_189' title='bbox 1293 2631 1447 2690; x_wconf 85' lang='lat' dir='ltr'>universae</span> 
     </span>
     <span class='ocr_line' id='line_1_23' title="bbox 231 2733 1447 2810; baseline 0 -15"><span class='ocrx_word' id='word_1_190' title='bbox 231 2735 373 2795; x_wconf 86' lang='lat' dir='ltr'>ecelesiae</span> <span class='ocrx_word' id='word_1_191' title='bbox 399 2733 501 2810; x_wconf 91' lang='lat' dir='ltr'>rebus,</span> <span class='ocrx_word' id='word_1_192' title='bbox 529 2735 635 2808; x_wconf 90' lang='lat' dir='ltr'>quippe</span> <span class='ocrx_word' id='word_1_193' title='bbox 660 2751 734 2808; x_wconf 91' lang='lat' dir='ltr'>quae</span> <span class='ocrx_word' id='word_1_194' title='bbox 765 2733 821 2793; x_wconf 94' lang='lat' dir='ltr'>sibi</span> <span class='ocrx_word' id='word_1_195' title='bbox 846 2735 1024 2808; x_wconf 90' lang='lat' dir='ltr'>potissimum</span> <span class='ocrx_word' id='word_1_196' title='bbox 1046 2734 1183 2793; x_wconf 91' lang='lat' dir='ltr'>unanimo</span> <span class='ocrx_word' id='word_1_197' title='bbox 1205 2750 1347 2794; x_wconf 89' lang='lat' dir='ltr'>consensu</span> <span class='ocrx_word' id='word_1_198' title='bbox 1370 2751 1447 2795; x_wconf 86' lang='lat' dir='ltr'>eom·</span> 
     </span>
     <span class='ocr_line' id='line_1_24' title="bbox 228 2837 1447 2914; baseline 0 -16"><span class='ocrx_word' id='word_1_199' title='bbox 228 2839 316 2898; x_wconf 91' lang='lat' dir='ltr'>missa</span> <span class='ocrx_word' id='word_1_200' title='bbox 348 2853 413 2898; x_wconf 89' lang='lat' dir='ltr'>esse</span> <span class='ocrx_word' id='word_1_201' title='bbox 443 2837 583 2897; x_wconf 88' lang='lat' dir='ltr'>viderent.</span> <span class='ocrx_word' id='word_1_202' title='bbox 633 2838 715 2910; x_wconf 74' lang='lat' dir='ltr'>Quod</span> <span class='ocrx_word' id='word_1_203' title='bbox 741 2839 766 2898; x_wconf 92' lang='lat' dir='ltr'>si</span> <span class='ocrx_word' id='word_1_204' title='bbox 791 2839 823 2896; x_wconf 92' lang='lat' dir='ltr'>in</span> <span class='ocrx_word' id='word_1_205' title='bbox 851 2855 916 2897; x_wconf 90' lang='lat' dir='ltr'>eam</span> <span class='ocrx_word' id='word_1_206' title='bbox 943 2855 1006 2898; x_wconf 88' lang='lat' dir='ltr'>rem</span> <span class='ocrx_word' id='word_1_207' title='bbox 1024 2841 1086 2913; x_wconf 89' lang='lat' dir='ltr'>jam</span> <span class='ocrx_word' id='word_1_208' title='bbox 1108 2837 1247 2912; x_wconf 76' lang='lat' dir='ltr'>Cypriani</span> <span class='ocrx_word' id='word_1_209' title='bbox 1268 2839 1447 2914; x_wconf 89' lang='lat' dir='ltr'>temporibus</span> 
     </span>
     <span class='ocr_line' id='line_1_25' title="bbox 228 2942 1448 3018; baseline 0 -16"><span class='ocrx_word' id='word_1_210' title='bbox 228 2943 320 3002; x_wconf 86' lang='lat' dir='ltr'>falsae</span> <span class='ocrx_word' id='word_1_211' title='bbox 349 2942 500 3017; x_wconf 92' lang='lat' dir='ltr'>opiniones</span> <span class='ocrx_word' id='word_1_212' title='bbox 533 2942 570 3002; x_wconf 89' lang='lat' dir='ltr'>de</span> <span class='ocrx_word' id='word_1_213' title='bbox 600 2943 777 3018; x_wconf 81' lang='lat' dir='ltr'>sacerdotio,</span> <span class='ocrx_word' id='word_1_214' title='bbox 802 2959 821 3002; x_wconf 92' lang='lat' dir='ltr'>a</span> <span class='ocrx_word' id='word_1_215' title='bbox 848 2943 930 3002; x_wconf 88' lang='lat' dir='ltr'>Novo</span> <span class='ocrx_word' id='word_1_216' title='bbox 957 2943 1145 3002; x_wconf 88' lang='lat' dir='ltr'>Testamento</span> <span class='ocrx_word' id='word_1_217' title='bbox 1175 2942 1290 3004; x_wconf 84' lang='lat' dir='ltr'>alienae</span> <span class='ocrx_word' id='word_1_218' title='bbox 1321 2949 1352 3002; x_wconf 91' lang='lat' dir='ltr'>et</span> <span class='ocrx_word' id='word_1_219' title='bbox 1380 2959 1448 3002; x_wconf 89' lang='lat' dir='ltr'>curn</span> 
     </span>
     <span class='ocr_line' id='line_1_26' title="bbox 227 3045 1449 3123; baseline 0 -16"><span class='ocrx_word' id='word_1_220' title='bbox 227 3047 337 3108; x_wconf 84' lang='lat' dir='ltr'>Vetere</span> <span class='ocrx_word' id='word_1_221' title='bbox 364 3051 480 3106; x_wconf 90' lang='lat' dir='ltr'>tantum</span> <span class='ocrx_word' id='word_1_222' title='bbox 509 3051 721 3123; x_wconf 84' lang='lat' dir='ltr'>congruentes,</span> <span class='ocrx_word' id='word_1_223' title='bbox 747 3045 941 3122; x_wconf 85' lang='lat' dir='ltr'>influxerunt,</span> <span class='ocrx_word' id='word_1_224' title='bbox 970 3047 1001 3106; x_wconf 92' lang='lat' dir='ltr'>id</span> <span class='ocrx_word' id='word_1_225' title='bbox 1030 3063 1090 3106; x_wconf 91' lang='lat' dir='ltr'>non</span> <span class='ocrx_word' id='word_1_226' title='bbox 1121 3051 1180 3105; x_wconf 69' lang='lat' dir='ltr'>mm</span> <span class='ocrx_word' id='word_1_227' title='bbox 1209 3048 1278 3106; x_wconf 92' lang='lat' dir='ltr'>solis</span> <span class='ocrx_word' id='word_1_228' title='bbox 1305 3048 1449 3122; x_wconf 89' lang='lat' dir='ltr'>episcopis</span> 
     </span>
     <span class='ocr_line' id='line_1_27' title="bbox 229 3149 1449 3228; baseline -0.001 -16"><span class='ocrx_word' id='word_1_229' title='bbox 229 3151 376 3228; x_wconf 87' lang='lat' dir='ltr'>Romanis,</span> <span class='ocrx_word' id='word_1_230' title='bbox 400 3169 485 3226; x_wconf 91' lang='lat' dir='ltr'>quam</span> <span class='ocrx_word' id='word_1_231' title='bbox 508 3152 639 3211; x_wconf 90' lang='lat' dir='ltr'>omnibus</span> <span class='ocrx_word' id='word_1_232' title='bbox 653 3149 717 3212; x_wconf 87' lang='lat' dir='ltr'>fere</span> <span class='ocrx_word' id='word_1_233' title='bbox 732 3169 832 3211; x_wconf 91' lang='lat' dir='ltr'>eorum</span> <span class='ocrx_word' id='word_1_234' title='bbox 847 3151 1028 3225; x_wconf 87' lang='lat' dir='ltr'>aequalibus,</span> <span class='ocrx_word' id='word_1_235' title='bbox 1050 3152 1209 3226; x_wconf 88' lang='lat' dir='ltr'>praecipue</span> <span class='ocrx_word' id='word_1_236' title='bbox 1223 3151 1280 3226; x_wconf 91' lang='lat' dir='ltr'>ipsi</span> <span class='ocrx_word' id='word_1_237' title='bbox 1295 3151 1449 3228; x_wconf 81' lang='lat' dir='ltr'>Cypriane,</span> 
     </span>
     <span class='ocr_line' id='line_1_28' title="bbox 227 3255 1449 3330; baseline 0 -14"><span class='ocrx_word' id='word_1_238' title='bbox 227 3256 412 3316; x_wconf 82' lang='lat' dir='ltr'>tribuendum</span> <span class='ocrx_word' id='word_1_239' title='bbox 445 3261 498 3316; x_wconf 84' lang='lat' dir='ltr'>est</span> <span class='ocrx_word' id='word_1_240' title='bbox 549 3255 604 3328; x_wconf 77' lang='lat' dir='ltr'>Qui</span> <span class='ocrx_word' id='word_1_241' title='bbox 632 3256 749 3330; x_wconf 91' lang='lat' dir='ltr'>quidem</span> <span class='ocrx_word' id='word_1_242' title='bbox 773 3257 819 3315; x_wconf 86' lang='lat' dir='ltr'>vir</span> <span class='ocrx_word' id='word_1_243' title='bbox 849 3256 1047 3315; x_wconf 69' lang='lat' dir='ltr'>mucthsimus</span> <span class='ocrx_word' id='word_1_244' title='bbox 1074 3271 1140 3315; x_wconf 91' lang='lat' dir='ltr'>cum</span> <span class='ocrx_word' id='word_1_245' title='bbox 1169 3256 1249 3329; x_wconf 91' lang='lat' dir='ltr'>plebi</span> <span class='ocrx_word' id='word_1_246' title='bbox 1271 3256 1449 3316; x_wconf 87' lang='lat' dir='ltr'>christianae</span> 
     </span>
     <span class='ocr_line' id='line_1_29' title="bbox 229 3359 1450 3436; baseline 0.002 -18"><span class='ocrx_word' id='word_1_247' title='bbox 229 3359 465 3433; x_wconf 86' lang='lat' dir='ltr'>presbyterisque</span> <span class='ocrx_word' id='word_1_248' title='bbox 502 3362 622 3434; x_wconf 87' lang='lat' dir='ltr'>antiqua</span> <span class='ocrx_word' id='word_1_249' title='bbox 649 3359 791 3434; x_wconf 88' lang='lat' dir='ltr'>quaedam</span> <span class='ocrx_word' id='word_1_250' title='bbox 820 3363 888 3436; x_wconf 91' lang='lat' dir='ltr'>jura</span> <span class='ocrx_word' id='word_1_251' title='bbox 917 3375 1069 3420; x_wconf 83' lang='lat' dir='ltr'>reservare</span> <span class='ocrx_word' id='word_1_252' title='bbox 1100 3359 1226 3436; x_wconf 90' lang='lat' dir='ltr'>studuit,</span> <span class='ocrx_word' id='word_1_253' title='bbox 1255 3365 1317 3418; x_wconf 89' lang='lat' dir='ltr'>tum</span> <span class='ocrx_word' id='word_1_254' title='bbox 1346 3364 1450 3420; x_wconf 69' lang='lat' dir='ltr'>conus</span> 
     </span>
     <span class='ocr_line' id='line_1_30' title="bbox 228 3463 1449 3540; baseline 0.004 -21"><span class='ocrx_word' id='word_1_255' title='bbox 228 3469 458 3522; x_wconf 85' lang='lat' dir='ltr'>succrescentem</span> <span class='ocrx_word' id='word_1_256' title='bbox 480 3463 628 3523; x_wconf 74' lang='grc' dir='ltr'>Βοιιιιιιιε</span> <span class='ocrx_word' id='word_1_257' title='bbox 655 3465 754 3523; x_wconf 88' lang='lat' dir='ltr'>euriae</span> <span class='ocrx_word' id='word_1_258' title='bbox 786 3465 983 3538; x_wconf 80' lang='lat' dir='ltr'>arrogantiam</span> <span class='ocrx_word' id='word_1_259' title='bbox 1005 3465 1120 3536; x_wconf 85' lang='lat' dir='ltr'>statuit,</span> <span class='ocrx_word' id='word_1_260' title='bbox 1150 3469 1280 3540; x_wconf 90' lang='lat' dir='ltr'>,ceteros</span> <span class='ocrx_word' id='word_1_261' title='bbox 1303 3465 1449 3539; x_wconf 87' lang='lat' dir='ltr'>apostolos</span> 
     </span>
     <span class='ocr_line' id='line_1_31' title="bbox 227 3563 1447 3643; baseline 0.003 -19"><span class='ocrx_word' id='word_1_262' title='bbox 227 3563 306 3624; x_wconf 91' lang='lat' dir='ltr'>idem</span> <span class='ocrx_word' id='word_1_263' title='bbox 325 3563 415 3624; x_wconf 86' lang='lat' dir='ltr'>fuisse</span> <span class='ocrx_word' id='word_1_264' title='bbox 438 3566 513 3640; x_wconf 91' lang='lat' dir='ltr'>quod</span> <span class='ocrx_word' id='word_1_265' title='bbox 534 3567 669 3642; x_wconf 87' lang='lat' dir='ltr'>Petrum,</span> <span class='ocrx_word' id='word_1_266' title='bbox 701 3568 765 3641; x_wconf 90' lang='lat' dir='ltr'>pari</span> <span class='ocrx_word' id='word_1_267' title='bbox 788 3570 932 3628; x_wconf 87' lang='lat' dir='ltr'>consortio</span> <span class='ocrx_word' id='word_1_268' title='bbox 954 3569 1103 3643; x_wconf 88' lang='lat' dir='ltr'>praeditos</span> <span class='ocrx_word' id='word_1_269' title='bbox 1126 3575 1157 3628; x_wconf 88' lang='lat' dir='ltr'>et</span> <span class='ocrx_word' id='word_1_270' title='bbox 1172 3569 1289 3628; x_wconf 90' lang='lat' dir='ltr'>honoris</span> <span class='ocrx_word' id='word_1_271' title='bbox 1312 3574 1343 3628; x_wconf 89' lang='lat' dir='ltr'>et</span> <span class='ocrx_word' id='word_1_272' title='bbox 1364 3573 1447 3643; x_wconf 92' lang='lat' dir='ltr'>pote-</span> 
     </span>
     <span class='ocr_line' id='line_1_32' title="bbox 227 3669 1449 3746; baseline 0.004 -19"><span class='ocrx_word' id='word_1_273' title='bbox 227 3669 327 3742; x_wconf 85' lang='lat' dir='ltr'>statis,</span> <span class='ocrx_word' id='word_1_274' title='bbox 353 3669 423 3728; x_wconf 87' lang='lat' dir='ltr'>licet</span> <span class='ocrx_word' id='word_1_275' title='bbox 450 3669 598 3729; x_wconf 83' lang='lat' dir='ltr'>exordium</span> <span class='ocrx_word' id='word_1_276' title='bbox 625 3671 663 3730; x_wconf 91' lang='lat' dir='ltr'>ab</span> <span class='ocrx_word' id='word_1_277' title='bbox 692 3671 803 3730; x_wconf 89' lang='lat' dir='ltr'>unitate</span> <span class='ocrx_word' id='word_1_278' title='bbox 825 3670 1032 3746; x_wconf 90' lang='lat' dir='ltr'>proficiscatur,</span> <span class='ocrx_word' id='word_1_279' title='bbox 1059 3678 1092 3731; x_wconf 90' lang='lat' dir='ltr'>ut</span> <span class='ocrx_word' id='word_1_280' title='bbox 1114 3673 1239 3732; x_wconf 86' lang='lat' dir='ltr'>ecclesia</span> <span class='ocrx_word' id='word_1_281' title='bbox 1261 3671 1369 3732; x_wconf 77' lang='lat' dir='ltr'>Christi</span> <span class='ocrx_word' id='word_1_282' title='bbox 1389 3688 1449 3732; x_wconf 89' lang='lat' dir='ltr'>una</span> 
     </span>
     <span class='ocr_line' id='line_1_33' title="bbox 226 3773 1449 3852; baseline 0.002 -20"><span class='ocrx_word' id='word_1_283' title='bbox 226 3773 434 3847; x_wconf 75' lang='lat' dir='ltr'>monstretur3‘</span> <span class='ocrx_word' id='word_1_284' title='bbox 467 3775 683 3848; x_wconf 90' lang='lat' dir='ltr'>,episcopatum</span> <span class='ocrx_word' id='word_1_285' title='bbox 714 3792 803 3833; x_wconf 92' lang='lat' dir='ltr'>unum</span> <span class='ocrx_word' id='word_1_286' title='bbox 835 3791 917 3850; x_wconf 92' lang='lat' dir='ltr'>esse,</span> <span class='ocrx_word' id='word_1_287' title='bbox 948 3779 1031 3851; x_wconf 87' lang='lat' dir='ltr'>cujus</span> <span class='ocrx_word' id='word_1_288' title='bbox 1061 3791 1080 3835; x_wconf 92' lang='lat' dir='ltr'>a</span> <span class='ocrx_word' id='word_1_289' title='bbox 1109 3776 1230 3852; x_wconf 84' lang='lat' dir='ltr'>singulis</span> <span class='ocrx_word' id='word_1_290' title='bbox 1261 3777 1292 3835; x_wconf 92' lang='lat' dir='ltr'>in</span> <span class='ocrx_word' id='word_1_291' title='bbox 1326 3775 1449 3836; x_wconf 89' lang='lat' dir='ltr'>solidum</span> 
     </span>
     <span class='ocr_line' id='line_1_34' title="bbox 225 3875 1448 3954; baseline 0.001 -17"><span class='ocrx_word' id='word_1_292' title='bbox 225 3894 295 3952; x_wconf 91' lang='lat' dir='ltr'>pars</span> <span class='ocrx_word' id='word_1_293' title='bbox 319 3875 497 3938; x_wconf 84' lang='lat' dir='ltr'>teneatur.‘¹</span> <span class='ocrx_word' id='word_1_294' title='bbox 549 3877 607 3938; x_wconf 86' lang='lat' dir='ltr'>Sed</span> <span class='ocrx_word' id='word_1_295' title='bbox 644 3895 680 3937; x_wconf 90' lang='lat' dir='ltr'>ex</span> <span class='ocrx_word' id='word_1_296' title='bbox 712 3879 816 3938; x_wconf 91' lang='lat' dir='ltr'>iisdem</span> <span class='ocrx_word' id='word_1_297' title='bbox 849 3878 1038 3940; x_wconf 87' lang='lat' dir='ltr'>sacerdotalis</span> <span class='ocrx_word' id='word_1_298' title='bbox 1069 3879 1251 3940; x_wconf 89' lang='lat' dir='ltr'>hierarchiae</span> <span class='ocrx_word' id='word_1_299' title='bbox 1288 3881 1448 3954; x_wconf 91' lang='lat' dir='ltr'>principiis,</span> 
     </span>
     <span class='ocr_line' id='line_1_35' title="bbox 227 3980 1448 4058; baseline 0.003 -18"><span class='ocrx_word' id='word_1_300' title='bbox 227 3997 302 4054; x_wconf 91' lang='lat' dir='ltr'>quae</span> <span class='ocrx_word' id='word_1_301' title='bbox 325 3988 444 4042; x_wconf 77' lang='lat' dir='ltr'>suenus</span> <span class='ocrx_word' id='word_1_302' title='bbox 466 3980 672 4058; x_wconf 88' lang='lat' dir='ltr'>profitebatur,</span> <span class='ocrx_word' id='word_1_303' title='bbox 695 3982 786 4058; x_wconf 90' lang='lat' dir='ltr'>aliae,</span> <span class='ocrx_word' id='word_1_304' title='bbox 810 3999 894 4056; x_wconf 90' lang='lat' dir='ltr'>quam</span> <span class='ocrx_word' id='word_1_305' title='bbox 918 3985 980 4058; x_wconf 90' lang='lat' dir='ltr'>ipse</span> <span class='ocrx_word' id='word_1_306' title='bbox 1003 3984 1149 4058; x_wconf 88' lang='lat' dir='ltr'>voluerat,</span> <span class='ocrx_word' id='word_1_307' title='bbox 1170 3998 1219 4042; x_wconf 89' lang='lat' dir='ltr'>res</span> <span class='ocrx_word' id='word_1_308' title='bbox 1233 3983 1343 4044; x_wconf 86' lang='lat' dir='ltr'>Romae</span> <span class='ocrx_word' id='word_1_309' title='bbox 1362 3983 1448 4044; x_wconf 89' lang='lat' dir='ltr'>iacile</span> 
     </span>
     <span class='ocr_line' id='line_1_36' title="bbox 228 4085 1448 4162; baseline 0.005 -20"><span class='ocrx_word' id='word_1_310' title='bbox 228 4086 483 4146; x_wconf 89' lang='lat' dir='ltr'>concludebantur.</span> <span class='ocrx_word' id='word_1_311' title='bbox 529 4085 611 4160; x_wconf 77' lang='lat' dir='ltr'>Quod</span> <span class='ocrx_word' id='word_1_312' title='bbox 636 4085 717 4146; x_wconf 90' lang='lat' dir='ltr'>illinc</span> <span class='ocrx_word' id='word_1_313' title='bbox 740 4105 776 4148; x_wconf 85' lang='lat' dir='ltr'>ex</span> <span class='ocrx_word' id='word_1_314' title='bbox 802 4087 938 4162; x_wconf 85' lang='lat' dir='ltr'>Cypriani</span> <span class='ocrx_word' id='word_1_315' title='bbox 961 4089 1183 4162; x_wconf 87' lang='lat' dir='ltr'>aequaliumque</span> <span class='ocrx_word' id='word_1_316' title='bbox 1206 4094 1303 4148; x_wconf 89' lang='lat' dir='ltr'>mente</span> <span class='ocrx_word' id='word_1_317' title='bbox 1327 4089 1448 4148; x_wconf 59' lang='lat' dir='ltr'>uniatis</span> 
     </span>
     <span class='ocr_line' id='line_1_37' title="bbox 228 4188 1449 4267; baseline 0.002 -20"><span class='ocrx_word' id='word_1_318' title='bbox 228 4188 378 4248; x_wconf 83' lang='lat' dir='ltr'>exordium</span> <span class='ocrx_word' id='word_1_319' title='bbox 407 4189 567 4264; x_wconf 85' lang='lat' dir='ltr'>proiectum</span> <span class='ocrx_word' id='word_1_320' title='bbox 590 4196 651 4266; x_wconf 90' lang='lat' dir='ltr'>est,</span> <span class='ocrx_word' id='word_1_321' title='bbox 683 4193 805 4266; x_wconf 86' lang='lat' dir='ltr'>eogitari</span> <span class='ocrx_word' id='word_1_322' title='bbox 827 4193 874 4252; x_wconf 82' lang='lat' dir='ltr'>vix</span> <span class='ocrx_word' id='word_1_323' title='bbox 897 4197 1013 4266; x_wconf 92' lang='lat' dir='ltr'>poterat</span> <span class='ocrx_word' id='word_1_324' title='bbox 1033 4193 1097 4252; x_wconf 91' lang='lat' dir='ltr'>sine</span> <span class='ocrx_word' id='word_1_325' title='bbox 1120 4191 1304 4267; x_wconf 88' lang='lat' dir='ltr'>gubernandi</span> <span class='ocrx_word' id='word_1_326' title='bbox 1324 4192 1449 4266; x_wconf 90' lang='lat' dir='ltr'>quodam</span> 
     </span>
     <span class='ocr_line' id='line_1_38' title="bbox 227 4289 1449 4372; baseline 0.004 -22"><span class='ocrx_word' id='word_1_327' title='bbox 227 4289 324 4351; x_wconf 88' lang='lat' dir='ltr'>officio</span> <span class='ocrx_word' id='word_1_328' title='bbox 350 4309 386 4352; x_wconf 85' lang='lat' dir='ltr'>ae</span> <span class='ocrx_word' id='word_1_329' title='bbox 404 4296 487 4370; x_wconf 87' lang='lat' dir='ltr'>jure,</span> <span class='ocrx_word' id='word_1_330' title='bbox 514 4313 570 4369; x_wconf 93' lang='lat' dir='ltr'>quo</span> <span class='ocrx_word' id='word_1_331' title='bbox 590 4296 615 4354; x_wconf 95' lang='lat' dir='ltr'>si</span> <span class='ocrx_word' id='word_1_332' title='bbox 643 4297 774 4355; x_wconf 91' lang='lat' dir='ltr'>nonnulli</span> <span class='ocrx_word' id='word_1_333' title='bbox 797 4297 878 4356; x_wconf 90' lang='lat' dir='ltr'>abuti</span> <span class='ocrx_word' id='word_1_334' title='bbox 897 4299 960 4371; x_wconf 86' lang='lat' dir='ltr'>jem</span> <span class='ocrx_word' id='word_1_335' title='bbox 983 4296 1181 4372; x_wconf 88' lang='lat' dir='ltr'>incipiebant,</span> <span class='ocrx_word' id='word_1_336' title='bbox 1208 4313 1268 4356; x_wconf 91' lang='lat' dir='ltr'>non</span> <span class='ocrx_word' id='word_1_337' title='bbox 1289 4295 1449 4356; x_wconf 90' lang='lat' dir='ltr'>tollebatur</span> 
     </span>
     <span class='ocr_line' id='line_1_39' title="bbox 228 4397 1448 4473; baseline 0.002 -15"><span class='ocrx_word' id='word_1_338' title='bbox 228 4401 327 4458; x_wconf 63' lang='lat' dir='ltr'>amen</span> <span class='ocrx_word' id='word_1_339' title='bbox 350 4398 444 4471; x_wconf 86' lang='lat' dir='ltr'>ipsum</span> <span class='ocrx_word' id='word_1_340' title='bbox 465 4400 648 4473; x_wconf 89' lang='lat' dir='ltr'>gubernandi</span> <span class='ocrx_word' id='word_1_341' title='bbox 670 4397 806 4460; x_wconf 85' lang='lat' dir='ltr'>officiam.</span> <span class='ocrx_word' id='word_1_342' title='bbox 851 4400 886 4460; x_wconf 96' lang='lat' dir='ltr'>Id</span> <span class='ocrx_word' id='word_1_343' title='bbox 909 4402 998 4463; x_wconf 88' lang='lat' dir='ltr'>etiam</span> <span class='ocrx_word' id='word_1_344' title='bbox 1017 4401 1216 4462; x_wconf 90' lang='lat' dir='ltr'>imbecillioris</span> <span class='ocrx_word' id='word_1_345' title='bbox 1239 4401 1328 4460; x_wconf 86' lang='lat' dir='ltr'>animi</span> <span class='ocrx_word' id='word_1_346' title='bbox 1346 4401 1448 4461; x_wconf 84' lang='lat' dir='ltr'>Ponti·</span> 
     </span>
    </p>
   </div>
   <div class='ocr_carea' id='block_1_3' title="bbox 317 4613 781 4681">
    <p class='ocr_par' dir='ltr' id='par_1_3' title="bbox 317 4613 781 4681">
     <span class='ocr_line' id='line_1_40' title="bbox 317 4613 781 4681; baseline 0.006 -17"><span class='ocrx_word' id='word_1_347' title='bbox 317 4613 343 4681; x_wconf 88' lang='lat'>1)</span> <span class='ocrx_word' id='word_1_348' title='bbox 362 4613 401 4666; x_wconf 88' lang='lat' dir='ltr'>De</span> <span class='ocrx_word' id='word_1_349' title='bbox 419 4614 518 4665; x_wconf 85' lang='lat' dir='ltr'>unitate</span> <span class='ocrx_word' id='word_1_350' title='bbox 537 4613 738 4667; x_wconf 73' lang='lat' dir='ltr'>amississet.</span> <span class='ocrx_word' id='word_1_351' title='bbox 758 4622 781 4667; x_wconf 82' lang='lat' dir='ltr'>e.</span> 
     </span>
    </p>
   </div>
   <div class='ocr_carea' id='block_1_4' title="bbox 0 0 1599 5086">
    <p class='ocr_par' dir='ltr' id='par_1_4' title="bbox 0 0 1599 5086">
     <span class='ocr_line' id='line_1_41' title="bbox 0 0 1599 5086; baseline 0 0"><span class='ocrx_word' id='word_1_352' title='bbox 0 0 1599 5086; x_wconf 95' lang='lat' dir='ltr'> </span> 
     </span>
    </p>
   </div>
  </div>
 </body>
</html>
