3194 5052
712 329 805 382 Orsus
825 331 885 384 vil.
1359 329 1410 386 187

182 545 269 604 Cum
290 544 412 605 Lntberi
434 547 541 606 litteris
563 561 679 620 semper
701 545 923 622 comparabitur,
946 551 1114 622 comparata
1136 562 1252 621 semper
1273 545 1410 605 sordebit.

182 649 411 722 Elegantissimi
437 666 531 725 papae
553 655 766 710 monumentum
788 651 841 710 illa
863 655 920 723 est,
944 667 962 709 a
985 650 1074 710 Curia
1096 651 1143 726 oi,
1164 655 1196 709 nt
1218 665 1323 710 nomen
1344 649 1411 710 snb·

185 752 350 829 scriberet,
383 755 466 828 quasi
499 754 654 829 dictatum,
688 754 812 814 barbaro
845 761 876 814 et
908 761 1079 828 argumento
1113 760 1143 813 et
1181 755 1247 814 stilo
1279 753 1410 828 horrens,

186 857 324 916 inanium
350 857 592 918 declamationum
623 863 736 918 tumore
762 858 964 934 intolerabile,
996 876 1056 918 non
1078 859 1173 917 minus
1195 857 1321 931 deniqne
1341 856 1410 916 ridi·

187 962 290 1020 culum
312 979 398 1036 quarn
419 962 545 1036 impium
591 961 679 1036 Cujus
706 963 751 1021 rei
775 978 869 1036 pauca
894 961 1036 1036 quaedam
1060 963 1206 1037 exempla,
1231 962 1357 1038 abactis
1380 967 1411 1019 ct
1486 1017 1489 1022 .

189 1067 341 1124 nonnullis
364 1066 486 1125 liutteni
509 1066 631 1140 notulis,
654 1066 701 1125 hic
724 1083 894 1140 expromere
917 1067 1010 1126 visum
1033 1071 1088 1126 est.

284 1169 354 1228 Post
373 1169 480 1228 multas
497 1170 642 1238 orationis
662 1170 798 1244 ambages
813 1169 987 1229 damnantur
1001 1170 1194 1244 quadraginta
1208 1169 1271 1228 lere
1285 1169 1409 1228 Lntberi

191 1275 372 1348 sententiae,
402 1274 508 1347 partim
535 1273 700 1348 paradoxae
722 1291 825 1346 parum
846 1274 983 1349 religiose
1006 1279 1178 1348 excerptae,
1203 1273 1309 1347 partim
1333 1275 1408 1346 ejus·

192 1378 273 1437 modi
302 1384 335 1437 ut
362 1378 504 1452 disputari
532 1377 569 1438 de
598 1379 634 1436 iis
664 1379 769 1453 possit,
798 1378 904 1452 partim
927 1378 1193 1438 christianissimae.
1237 1377 1283 1436 Ex
1305 1377 1407 1450 quibus

192 1482 271 1541 hanc
292 1497 393 1557 unam,
416 1483 505 1542 etiam
526 1483 646 1556 posthac
672 1482 776 1541 Curiae
799 1481 939 1556 imprimis
963 1499 1080 1557 semper
1103 1488 1283 1543 exsecratam
1303 1479 1408 1540 afferre

192 1583 316 1644 sufficit:
345 1586 531 1660 ,Haereticos
562 1585 691 1646 comburi
722 1591 767 1645 est
796 1593 897 1646 annua
918 1587 1095 1648 voluntatem
1118 1585 1254 1660 spiritua‘
1299 1585 1409 1644 Narrat

193 1690 273 1764 Leo,
292 1707 324 1749 se
347 1692 518 1763 compluries
534 1691 691 1750 Lntberum
714 1691 811 1750 oblato
828 1692 908 1750 salvo
923 1691 1067 1750 conductu
1083 1691 1223 1751 invitasse
1240 1695 1273 1748 ut
1287 1689 1408 1748 Romam

192 1795 309 1853 senhet
329 1795 391 1854 sine
414 1800 494 1854 metu
516 1796 613 1869 aliquo
633 1789 734 1876 (quem
748 1795 881 1868 perlecta
897 1795 1005 1854 ceritum
1018 1796 1097 1854 foras
1111 1795 1228 1854 minere
1244 1789 1408 1872 debuisset)

194 1915 231 1958 ac
256 1897 412 1958 Salvatorie
440 1900 532 1959 nostri
560 1900 742 1974 apostolique
771 1899 855 1958 Pauli
885 1901 1018 1972 exemplo
1047 1917 1105 1958 non
1135 1900 1166 1956 in
1196 1899 1323 1971 occulto,
1354 1895 1407 1956 sed

192 2003 290 2076 palntn
311 2003 487 2075 loqueretur.
530 2003 577 2062 Ad
599 2004 673 2063 haec
688 2003 849 2062 Hnttenus:
871 2002 933 2077 ,An
955 2003 986 2060 in
1009 2005 1122 2061 occulto
1141 2003 1252 2060 locutus
1275 2007 1334 2074 est,
1357 2000 1406 2073 qui

192 2109 284 2164 totam
306 2122 400 2179 paene
422 2107 570 2181 Europam
591 2107 817 2180 praedicationis
840 2123 910 2166 suae
932 2105 1033 2165 auditu
1055 2105 1219 2179 implevitr‘
1264 2104 1346 2163 idern
1368 2103 1405 2162 de

192 2209 290 2269 oblato
312 2211 391 2270 salvo
414 2211 572 2270 conductu:
596 2213 734 2285 ,Fatetur
749 2211 811 2270 Leo
834 2209 996 2284 pericnlum
1018 2225 1082 2268 esse
1100 2211 1131 2268 in
1148 2208 1287 2268 accessu‘
1322 2207 1405 2266 Addo

191 2313 268 2386 quod
289 2315 352 2388 ipse
373 2315 503 2389 pontifex
525 2316 556 2373 in
577 2316 658 2374 bulla
681 2331 733 2374 sua
748 2315 836 2374 Hnssi
859 2314 1088 2374 combustionem
1104 2313 1292 2388 justissimam
1314 2310 1406 2370 luisse

191 2418 358 2493 praedicat,
390 2435 475 2493 qnam
503 2424 601 2493 spreto
624 2419 697 2479 salvi
726 2420 884 2479 conductus
906 2423 1088 2478 sacramento
1111 2417 1220 2477 iactam
1242 2433 1306 2476 esse
1329 2416 1405 2476 bene

192 2522 280 2584 norit.
325 2522 411 2581 Nunc
438 2523 638 2598 nihilominus,
669 2529 792 2597 paterna
820 2539 874 2583 sua
903 2524 1026 2582 cantate
1057 2539 1128 2597 erga
1148 2521 1307 2582 Lntberum
1330 2519 1406 2580 haud

192 2631 282 2689 semel
319 2629 474 2704 gloriatus,
508 2631 614 2689 iterum
641 2629 840 2704 plenissimum
868 2629 896 2688 ei
924 2629 1034 2690 salvum
1061 2628 1232 2688 conductum
1254 2627 1406 2703 promittit,

192 2735 218 2792 si
253 2733 436 2808 profitendae
472 2731 658 2794 obedientiae
696 2749 783 2794 cansa
819 2733 942 2793 Romam
984 2734 1085 2793 venire
1121 2733 1201 2793 velit.
1257 2731 1303 2790 Ad
1332 2731 1406 2790 haec

192 2838 352 2897 lluttenus:
376 2837 467 2912 ‚Tunc
489 2839 601 2898 scilieet
622 2839 726 2899 liceret
748 2837 914 2898 interlicere
938 2837 990 2897 tibi
1012 2838 1244 2912 praedicatorem
1264 2837 1405 2924 veritatis.

191 2941 257 3000 Non
276 2943 384 3015 absque
408 2957 496 3001 causa
515 2943 603 3002 toties
625 2943 719 3003 allicis
737 2943 907 3004 Lntberum.
952 2941 1053 3016 Apage
1076 2942 1116 3001 sis
1138 2942 1293 3001 cantatem
1314 2947 1404 3014 tuam,

191 3045 266 3120 Leo,
294 3062 380 3119 quam
410 3047 515 3106 scimus
544 3048 637 3121 qualis
667 3047 721 3106 sit‘
765 3047 816 3107 Sin
845 3063 914 3106 vero
940 3048 1021 3105 intre
1045 3047 1196 3118 sexaginta
1219 3045 1281 3105 dics
1303 3061 1404 3104 omues

191 3150 352 3210 sententias
368 3151 434 3211 illas
448 3167 505 3210 non
520 3153 702 3212 revocaverit
715 3151 873 3227 Lntberus,
893 3150 1028 3210 Pontifex
1043 3149 1169 3208 futurum
1184 3165 1248 3208 esse
1264 3148 1403 3223 declarat,

191 3258 225 3312 ut
253 3253 324 3313 diris
354 3255 601 3316 exsecrationibus
631 3251 717 3337 (ques
740 3256 821 3329 large
844 3248 979 3335 effundit)
1009 3235 1039 3313 et
1060 3253 1112 3312 ille
1137 3259 1168 3312 et
1189 3253 1319 3312 fautores
1341 3253 1404 3326 ejus

191 3355 342 3417 feriantur.
386 3359 432 3419 De
453 3376 489 3419 ea
505 3377 538 3419 re
554 3359 673 3420 mandat
686 3365 747 3419 tum
762 3359 951 3434 Patriarohis,
974 3358 1140 3434 Episcopis,
1159 3357 1403 3432 Archiepiscopis‚

191 3467 252 3520 tum
281 3462 424 3538 Regibus,
451 3465 692 3540 Imperatoribns‚
720 3463 913 3524 Electoribns.
968 3463 1105 3538 Utrisque
1139 3461 1220 3524 addit
1252 3462 1405 3522 innumera

191 3565 254 3625 iere
281 3566 453 3640 dignitatum
478 3569 742 3628 ecclesiasticarum
765 3575 796 3628 et
817 3568 945 3628 civilium
965 3569 1097 3644 nonina,
1127 3585 1202 3642 quae
1225 3585 1262 3627 ne
1286 3565 1404 3627 taedeat

191 3670 345 3745 lectorem,
360 3671 415 3731 hic
437 3674 602 3735 omittimus.
647 3674 693 3733 Ita
714 3673 849 3732 nimirum
872 3674 958 3734 deum
981 3680 1093 3748 terrae,
1116 3675 1165 3748 qui
1187 3673 1269 3731 etin
1291 3671 1403 3730 coelom

192 3775 273 3834 etin
294 3774 439 3835 infernum
461 3778 621 3850 potentiam
643 3777 764 3852 habeat,
788 3793 820 3836 se
844 3793 979 3838 exserere
1002 3778 1109 3837 studet.
1154 3777 1288 3848 Denique
1312 3773 1402 3832 talem

182 3883 358 3952 'tantamque
380 3881 487 3940 bullam
510 3882 654 3942 sexcentis
674 3881 837 3939 nominibus
861 3881 1003 3940 extollens
1022 3881 1099 3939 hanc
1121 3881 1184 3953 ejns
1205 3875 1292 3937 ίὶιιοιιι
1314 3875 1402 3934 iacit:

190 3983 282 4057 ,Nulli
305 4001 376 4057 ergo
397 3987 513 4046 omnino
535 3985 679 4044 hominum
702 3985 791 4044 liceat
812 3984 888 4042 hanc
910 3983 1045 4059 paginam
1066 3980 1271 4054 damnationis,
1300 3997 1402 4054 repro-

189 4085 331 4162 bationis,
368 4089 551 4165 rejectionis,
583 4087 710 4164 decreti,
744 4088 968 4162 declarationis,
1006 4085 1203 4159 inhibitionis,
1236 4085 1404 4159 voluntatis,

189 4191 333 4266 mandati,
363 4192 551 4269 hortationis,
579 4193 802 4268 obsecrationis,
833 4191 1043 4266 requisitionis,
1069 4189 1247 4261 monitionis,
1274 4189 1404 4263 assigna-

190 4295 290 4369 tionis,
310 4293 513 4372 coniessionis,
536 4297 797 4372 condemnationis,
822 4296 1026 4370 subjectionis,
1048 4293 1351 4354 excommunicationis
1374 4297 1405 4352 et

190 4399 490 4464 anathematizationis
511 4401 671 4476 infringere
693 4405 740 4462 vel
763 4403 791 4460 ei
814 4417 887 4461 ausu
906 4399 1063 4459 temerario
1089 4399 1244 4458 contraire.
1288 4395 1404 4471 siquis

190 4509 287 4562 autem
310 4505 365 4564 hoc
384 4511 530 4566 attentare
553 4507 795 4582 praesumpserit,
814 4505 1042 4580 indignationem
1062 4505 1267 4579 omnipotentis
1289 4501 1346 4562 Dei
1368 4521 1404 4564 ac

190 4609 340 4671 beatorum
362 4609 447 4674 Pauli
470 4618 501 4674 et
522 4611 618 4691 Petri,
642 4613 837 4692 apostolorum
860 4612 937 4688 ejus,
960 4627 991 4672 ee
1014 4611 1128 4676 noverit
1149 4609 1348 4672 incursurum‘
1401 4631 1408 4640 ·
