3202 5058
691 317 784 368 Carnu
802 317 823 367 1.
1348 321 1365 374 9

768 409 1062 417 ..ἡ-,ᾐ-

147 529 332 600 quoruudam
361 529 507 588 hominum
537 528 661 605 facinus,
687 531 762 604 qnod
785 534 892 606 ceteri,
914 535 1034 592 unitatis
1056 535 1260 608 superstitione
1284 535 1364 608 quid·

146 632 224 706 quid
252 638 452 706 perpetratum
481 639 525 693 est
554 637 637 707 sequi
664 637 809 711 consueti,
837 638 883 696 vel
905 639 994 696 tacite
1016 638 1186 713 admittant,
1214 641 1261 698 vel
1282 639 1365 698 initio
1422 715 1426 724 Ι

144 738 238 795 inviti
264 755 329 797 mox
366 739 490 797 libentes
519 739 663 812 adjuvent.
716 740 763 800 Sic
791 743 879 801 etiam
906 743 1081 817 Dentonem,
1115 744 1153 802 ad
1186 743 1365 817 prohibenda

144 843 332 915 Septembris
353 843 507 902 homicidia
530 851 696 920 evocatum,
723 847 922 920 respondisse,
944 848 1043 920 populi
1065 865 1164 907 vocem
1186 847 1243 906 Dei
1264 864 1363 906 vocem

145 963 228 1004 esse.
274 946 382 1006 Contra
411 947 552 1020 eiusmodi
582 930 675 1008 motus
698 967 780 1009 suam
802 953 1007 1010 conscientiam
1031 957 1061 1010 et
1082 953 1170 1011 animi
1189 953 1363 1011 sententiam
1389 1029 1393 1036 ι

145 1052 389 1123 imperturbatam
413 1054 495 1125 sequi
518 1055 595 1126 apud
616 1053 790 1114 Teutonicas
813 1061 915 1129 gentes
938 1074 989 1130 pro
1014 1059 1151 1130 cujusque
1173 1057 1288 1115 honesti
1308 1057 1363 1115 viri

144 1153 246 1213 officio
270 1155 351 1230 duci,
374 1157 451 1229 apud
465 1157 587 1216 Latinos
609 1158 759 1218 desuetam
783 1160 846 1220 iere
869 1179 932 1220 rem
956 1163 1123 1220 existimari.
1182 1159 1263 1233 Quod
1278 1166 1311 1218 ut
1333 1161 1364 1218 iu

143 1258 241 1318 rebus
263 1261 406 1336 civilibus,
429 1262 472 1320 ita
494 1263 582 1321 etiam
605 1264 635 1320 iu
658 1265 862 1324 ecclesiasticis
883 1266 1020 1340 conspici.
1064 1266 1180 1324 Etenim
1202 1266 1291 1324 nimio
1314 1265 1364 1322 illo

145 1381 187 1422 ac
220 1364 349 1424 morbido
383 1367 502 1424 unitatis
536 1367 629 1426 studio
652 1365 729 1441 fieri,
761 1376 793 1426 ut
813 1369 963 1444 dogmata,
998 1371 1165 1444 opiniones,
1198 1370 1364 1428 Lnrdenses

145 1466 268 1526 tabulae
299 1467 437 1528 facillime
465 1472 703 1544 necopinantibus
733 1473 925 1532 obtrudantur
953 1479 985 1534 et
1002 1475 1040 1532 ab
1062 1475 1179 1548 iisdem,
1205 1474 1255 1546 qui
1276 1475 1363 1545 paulo

146 1579 221 1632 ante
245 1590 363 1646 prorsus
387 1575 461 1633 alias
491 1577 651 1635 sententias
674 1593 801 1651 praese
824 1578 955 1652 tulerint,
987 1580 1033 1638 vel
1054 1579 1142 1638 tacite
1164 1578 1363 1650 admittantur,

146 1678 197 1736 vel
219 1678 391 1738 obedienter
413 1680 500 1739 immo
524 1681 651 1740 fanatico
680 1683 851 1757 credantur,
878 1683 925 1743 vel
947 1685 1029 1757 quasi
1051 1683 1162 1742 credita
1184 1683 1363 1759 simulentur.

145 1782 320 1842 Timendum
343 1799 413 1843 vero
436 1801 517 1859 csse,
541 1802 577 1844 ue
600 1793 630 1845 et
652 1785 689 1846 ab
712 1788 869 1862 ecclesiae,
894 1796 925 1846 et
947 1782 965 1845 a
986 1789 1166 1863 reipublicae
1189 1786 1362 1860 gubernato

145 1886 245 1961 ribus,
280 1895 417 1948 enervato
452 1891 585 1950 sincerae
616 1863 811 1951 conscientiae
844 1899 875 1951 et
907 1893 1015 1965 proprii
1041 1893 1143 1966 judicii
1171 1891 1292 1965 robore,
1316 1891 1363 1948 via

146 1997 298 2051 sternatur
319 1994 473 2052 socialismi
496 2001 528 2053 et
548 2012 641 2056 novae
660 1997 837 2071 paganitatis
860 1997 989 2069 imperio.

233 2097 294 2155 Iam
326 2097 416 2172 igitur
442 2099 572 2174 videant,
602 2100 818 2174 quibuscunque
848 2118 918 2159 vera
940 2101 1089 2159 Romanae
1120 2100 1263 2158 ecclesiae
1286 2100 1362 2157 salus

147 2200 230 2260 cordi
252 2207 312 2271 est,
336 2214 430 2262 utrum
453 2205 561 2263 rectius
584 2205 628 2263 illi
651 2205 687 2263 ab
709 2206 746 2264 iis
768 2205 969 2278 prospiciatur,
993 2206 1041 2277 qui
1060 2209 1093 2262 ut
1107 2204 1257 2276 praeteriti
1272 2202 1362 2260 seculi

146 2306 326 2365 detrimenta
357 2309 535 2383 resarciant,
568 2309 690 2368 latinum
724 2310 774 2381 qui
806 2308 912 2368 dicitur
944 2309 1072 2366 morbum
1107 2306 1242 2365 alendum
1276 2305 1362 2366 etin

145 2411 283 2470 desuitici
304 2413 452 2486 cujusdam
471 2415 585 2486 imperii
612 2413 760 2472 commoda
782 2413 952 2472 vertendum
975 2417 1090 2486 putent,
1112 2428 1151 2470 an
1173 2412 1195 2469 ii
1217 2411 1267 2484 qui
1281 2426 1362 2484 pror-

145 2532 197 2574 sus
220 2517 290 2590 alio,
311 2518 447 2576 nimirum
468 2519 584 2577 interno
607 2523 638 2577 et
661 2519 805 2592 spirituali
827 2517 911 2576 modo
934 2517 972 2576 ad
994 2518 1143 2575 meliorem
1164 2514 1362 2574 condicionem

145 2621 309 2694 provehere
338 2623 491 2682 ecclesiam
517 2622 660 2682 studeant.
712 2623 766 2694 Qui
790 2625 833 2681 ita
861 2623 1005 2695 sentiunt,
1034 2621 1112 2695 apud
1142 2622 1238 2680 varias
1260 2625 1362 2695 gentes

145 2725 256 2800 passim
284 2727 393 2785 inventi
415 2732 493 2800 sunt,
525 2728 611 2800 longe
634 2728 749 2800 plurimi
772 2729 849 2787 inter
870 2732 1022 2786 nostrates.
1067 2725 1152 2785 Unde
1177 2723 1362 2796 factumest,

146 2837 181 2889 ut
204 2831 354 2890 universus
374 2832 586 2890 catholicismus
605 2833 636 2890 in
648 2831 805 2892 Germania
827 2831 929 2904 ahum,
956 2837 1043 2903 atque
1064 2831 1152 2903 alibi,
1175 2831 1300 2888 colorem
1318 2829 1362 2885 in-

146 2937 246 2994 duisse
269 2937 414 2995 extraneis
436 2953 540 2995 recens
562 2935 736 2998 videretur.1
779 2938 846 2995 Plus
868 2937 915 2995 hic
938 2952 1023 3009 quam
1038 2937 1115 2993 inter
1128 2934 1249 2992 Latinos
1262 2913 1361 2992 'valere

146 3041 286 3100 dicebaut
311 3042 506 3100 conscientiae
535 3046 566 3100 et
588 3043 756 3115 Scripturae
780 3041 887 3100 Sacrae
916 3041 1131 3111 auctoritatem,
1163 3037 1362 3111 praesentiora

147 3144 282 3204 fidelibus
313 3163 377 3205 esse
407 3147 496 3219 ipsius
519 3145 626 3205 Christi
651 3152 683 3205 et
705 3147 898 3219 apostolorum
919 3145 1024 3217 verba,
1048 3143 1181 3202 altiorem
1205 3147 1235 3199 et
1253 3140 1362 3199 doctio-

146 3267 210 3309 rem
249 3250 342 3309 excoh
374 3251 550 3325 theologiam
583 3251 752 3310 catholicam
787 3253 817 3308 in
850 3247 1086 3306 universitatibus
1118 3245 1268 3303 litterariis
1298 3261 1362 3302 cum

147 3355 318 3427 evangelica
340 3361 510 3416 certantem.
556 3355 704 3430 Ejusmodi
733 3355 873 3413 interiore
903 3358 934 3411 et
960 3352 1126 3410 liberaliore
1148 3350 1259 3422 pietate
1282 3348 1362 3407 ducti

143 3462 206 3533 jam
228 3459 296 3518 inde
318 3460 355 3518 ab
377 3461 485 3519 ultimis
506 3461 660 3535 praeteriti
682 3461 772 3519 seculi
795 3458 943 3519 decenniis
964 3457 1048 3515 multi
1068 3455 1205 3515 Germani
1228 3453 1362 3512 catholici

146 3565 282 3638 propius,
309 3581 395 3637 quam
427 3566 474 3624 vix
498 3571 586 3624 antea
608 3566 731 3640 singuli,
754 3564 792 3623 ad
814 3566 877 3637 pios
901 3570 931 3622 et
953 3562 1081 3622 eruditos
1101 3561 1252 3619 Ecclesiae
1276 3575 1362 3618 evan-

146 3670 261 3742 gelicae
297 3671 390 3729 socios
426 3679 616 3730 accesserunt.
677 3670 729 3728 Vir
759 3669 810 3728 ille
837 3671 909 3727 miro
945 3673 977 3727 et
1003 3665 1142 3739 singulari
1171 3665 1288 3738 ingenio
1318 3665 1361 3721 in-

147 3775 253 3848 signis,
272 3775 389 3833 summis
411 3775 488 3834 ibina
509 3776 615 3834 aetatis
637 3774 730 3847 poetis
750 3780 780 3832 et
801 3772 978 3846 philosophis
1000 3769 1170 3844 quibusdam
1190 3769 1362 3839 carissimus,

146 3879 282 3952 idemque
305 3879 426 3938 Lutheri
459 3878 552 3938 fidelis
582 3880 653 3938 licet
686 3895 744 3936 uon
774 3879 888 3936 servilis
921 3877 1094 3950 discipulus,
1128 3871 1299 3932 Monasterii
1331 3871 1362 3926 in

146 3984 332 4058 westphalia
361 3985 398 4042 ab
429 3984 573 4044 ecclesiae
602 3983 750 4043 Romanae
779 3982 949 4055 primatibus
977 3981 1106 4038 fraterno
1128 3991 1207 4034 more
1227 3980 1362 4046 receptus

146 4095 209 4161 est,
236 4105 323 4160 quem
353 4088 448 4147 subita
471 4088 512 4147 ibi
541 4095 634 4147 morte
666 4094 798 4161 ereptum
823 4087 877 4144 hac
912 4085 1034 4157 simplici
1062 4078 1230 4153 sepulcralis
1258 4077 1362 4150 lapidis

24 4201 30 4214 ’
145 4193 337 4266 inscriptione
359 4193 587 4252 honoraverunt:
610 4193 680 4252 Viro
704 4192 865 4250 Christiano
887 4189 1013 4262 Georgia
1029 4187 1191 4244 Hamanno.
1236 4183 1363 4242 Sailerus
1422 4189 1428 4196 “

146 4299 300 4372 episcopus
323 4315 387 4356 cum
405 4298 523 4373 Hesaio,
545 4297 708 4358 venerabili
723 4295 889 4356 Turicenais
906 4292 1058 4351 Ecclesiae
1074 4288 1218 4362 antistite,
1240 4289 1362 4360 aliisque

238 4535 264 4604 l)
284 4538 469 4589 clitumno:
489 4537 694 4598 Oristianesimo,
716 4533 890 4586 Cattolieismo
909 4548 922 4581 e
941 4528 1034 4581 civitat.
1071 4529 1153 4578 Roma
1173 4530 1238 4577 1879
1257 4541 1282 4590 p.
1302 4528 1360 4576 ³05.

146 4631 199 4677 tta
220 4643 253 4676 ss.
290 4629 318 4676 h
340 4626 371 4676 de
390 4626 519 4691 Gasparin
536 4627 553 4676 l.
573 4643 593 4675 c.
616 4625 650 4675 lI.
670 4641 695 4688 p.
715 4627 772 4674 182.
793 4627 851 4673 all.
