3144 5092
219 285 253 340 70
764 281 852 338 Curur
869 281 903 336 V.

219 379 402 387 ——-..-—-

217 487 383 548 Adrianum
410 485 522 563 Papam
550 489 669 545 sanctae
695 483 867 560 memoriae,
899 489 1041 545 testatum
1067 485 1162 545 fuisse
1190 485 1314 563 saepius
1344 505 1483 546 memo-

217 595 302 655 ravit.
344 593 463 672 Optime
486 597 516 654 et
533 593 600 670 ipse
618 597 822 671 perspexerat,
846 593 1033 668 Pontificem,
1057 593 1127 671 quia
1145 593 1291 670 ejusmodi
1311 594 1482 654 reforma-
1557 569 1558 578 ἵ

217 702 328 763 tionem
355 703 485 776 timeret,
513 701 669 761 abhorrere
696 701 732 760 ab
759 699 920 760 universali
944 699 1076 761 Concilio
1104 701 1299 762 convocando.
1359 700 1480 776 Quare
1557 721 1558 742 ¹

217 815 253 870 ut
279 809 366 869 illum
393 809 431 868 ad
457 809 502 884 id,
532 808 610 886 quod
638 807 749 884 injuste
774 811 936 883 recusaret,
964 812 1084 885 urgeret
1111 827 1164 886 pro
1186 809 1301 870 viribus
1327 827 1367 869 ae
1396 829 1478 887 pm-

217 917 355 996 pelleret,
384 933 472 976 suurn
494 915 633 992 inprimis
656 919 690 974 ut
712 915 867 975 christiani
890 914 1079 992 hperatoris
1100 915 1151 992 jus
1174 921 1204 975 et
1225 915 1364 976 citimum
1395 935 1477 977 esse
1557 885 1558 902 l

218 1025 347 1102 putabat.
393 1023 498 1100 Neque
520 1021 640 1099 negavit
662 1022 693 1082 id
716 1021 795 1100 quod
817 1022 933 1082 dixerat
955 1021 1111 1098 Erasmus,
1135 1041 1223 1100 quem
1244 1023 1313 1101 ipse
1339 1026 1471 1084 summi

219 1133 342 1208 fecerat,
365 1148 431 1191 esse
454 1129 598 1208 quaedam
621 1147 696 1207 quae
719 1147 737 1189 a
758 1129 995 1190 Protestantibus
1017 1133 1096 1190 recte
1119 1130 1293 1190 docerentur
1316 1136 1350 1190 et
1368 1133 1471 1208 flagi-
1557 1201 1558 1210 ἵ

219 1244 358 1299 tarentum
406 1237 555 1312 Quaenam
578 1255 646 1297 vero
670 1255 704 1297 ea
727 1243 828 1298 essent
845 1237 988 1298 Erasmm
1015 1237 1128 1315 passim
1151 1237 1271 1316 quidem
1294 1239 1468 1315 significa·

218 1351 313 1420 verat,
346 1345 397 1406 sed
429 1351 463 1404 ut
494 1345 624 1406 vidimus
656 1345 765 1423 partim
796 1344 845 1404 vel
871 1345 1029 1404 timiditate
1056 1345 1216 1420 cohibitus,
1248 1345 1297 1405 vel
1324 1345 1467 1424 injustis
1557 1365 1558 1368 ’

218 1453 449 1514 Proteetantium
470 1453 612 1513 conviciis
631 1453 835 1528 exacerbatus
858 1451 966 1530 partim
985 1470 1038 1512 suo
1057 1453 1153 1529 ipsius
1169 1452 1281 1529 judicio
1299 1470 1363 1512 non
1381 1473 1464 1514 eon-

218 1561 314 1620 fidens
336 1578 489 1637 nunquam
512 1560 584 1620 satis
605 1559 693 1637 plene
711 1564 741 1620 et
759 1560 837 1620 clare
855 1559 1109 1638 pronuntiaverat5
1133 1560 1213 1619 haud
1235 1560 1346 1619 mirum
1371 1562 1461 1638 quod

218 1668 251 1727 in
274 1672 335 1727 tam
353 1667 493 1744 gravibus
511 1671 541 1727 et
559 1667 731 1728 difficilibus
750 1667 972 1746 quaestionibus
991 1667 1114 1728 Carolus
1133 1685 1250 1745 semper
1269 1668 1460 1728 dubitaverit

219 1780 249 1835 et
275 1775 373 1835 animo
400 1775 595 1835 fluemaverit
640 1775 687 1835 De
715 1775 842 1852 singulis
869 1776 958 1835 rebus
986 1775 1058 1852 quid
1086 1775 1258 1853 cogitaverit
1284 1775 1456 1850 nescimus,

219 1883 330 1962 quippe
348 1901 455 1960 parcus
475 1901 591 1961 sempor
609 1887 639 1943 et
657 1886 761 1946 cautus
780 1883 812 1942 in
830 1882 1005 1960 proferenda
1024 1883 1170 1943 sententia
1188 1887 1257 1943 erat.
1296 1883 1458 1944 Pendcbat

218 1995 368 2069 praeterea
395 1991 499 2065 nimis,
526 1991 558 2049 id
582 1991 660 2068 quod
685 1991 747 2066 jam
769 1989 893 2050 Nrasrm
920 1990 1087 2066 videbatur,
1114 2009 1132 2050 a
1160 1991 1361 2052 sacerdotibus
1386 1993 1455 2052 suis

219 2097 469 2174 confessionariis,
498 2117 556 2176 qua
579 2097 616 2158 de
638 2116 671 2158 re
695 2097 785 2158 etiam
806 2097 839 2156 in
863 2098 990 2174 negotiis
1013 2097 1143 2175 publicis
1167 2097 1327 2159 Granvella
1346 2099 1455 2176 junior

195 2225 199 2233 ·
219 2206 365 2284 queritur,
384 2205 486 2266 dicens
504 2205 553 2266 vel
571 2209 606 2266 ut
623 2206 735 2281 hydrae
754 2205 851 2282 capita
868 2205 1066 2266 conscientiae
1084 2205 1275 2266 difficultates
1293 2207 1374 2283 apud
1389 2206 1451 2265 Im-

218 2317 384 2391 peratorem
406 2311 589 2389 resurgere.l
631 2311 715 2386 Quod
738 2312 874 2372 cohaeret
892 2329 961 2372 cum
979 2330 1095 2372 morum
1113 2312 1208 2388 vitiis,
1232 2318 1355 2392 propter
1372 2331 1451 2391 quae

219 2420 433 2480 ahsolutionem
456 2419 667 2480 sacerdotalem
684 2419 736 2479 ille
755 2419 926 2479 desiderans
944 2419 1032 2479 etiam
1052 2419 1084 2484 in
1102 2419 1170 2479 aliis
1189 2419 1339 2479 interdurn
1358 2421 1448 2482 rebus

216 2529 298 2604 justo
325 2527 394 2604 plus
423 2527 622 2586 sacerdotibus
650 2526 834 2586 concedehat.
879 2525 985 2604 Neque
1010 2545 1080 2586 vero
1103 2526 1298 2586 dubitaverim
1321 2527 1397 2604 quin
1419 2533 1449 2588 et

219 2635 251 2693 in
274 2633 420 2709 dogmatis
442 2633 620 2693 Ratishonae
642 2633 819 2708 conciliatis,
843 2638 874 2694 et
895 2633 927 2692 in
949 2633 1000 2710 iis,
1030 2652 1105 2712 quae
1128 2651 1182 2711 por
1203 2633 1340 2708 Interim,
1369 2635 1447 2712 quod
1553 2698 1559 2727 a

219 2741 340 2815 dieitur,
363 2739 452 2799 etiam
475 2740 554 2799 inter
571 2739 862 2800 Romanocatholicos
880 2740 1039 2800 reformare
1057 2740 1199 2800 tenaciter
1218 2741 1345 2816 studuit,
1364 2761 1446 2818 prae·
1553 2756 1558 2803 1

219 2848 307 2925 cipue
334 2847 367 2906 in
390 2847 611 2926 quaestionibus
638 2848 675 2907 de
697 2851 796 2907 coacto
820 2848 1005 2908 sacerdotum
1028 2847 1173 2908 caelibatu
1196 2853 1225 2908 et
1247 2849 1284 2908 de
1302 2848 1444 2908 laicorum
1553 2852 1559 2923 !

219 2955 395 3016 eucharistia
417 2955 549 3032 agitatis,
573 2955 610 3014 ad
633 2955 864 3014 Protestantium
887 2955 1049 3016 sententias
1073 2955 1211 3015 similiter
1233 2959 1322 3034 atque
1344 2955 1445 3016 Perdi·

219 3064 336 3123 nandus
355 3065 445 3124 frater
464 3063 657 3123 inclinaverit.
695 3061 800 3140 Neque
818 3061 1013 3122 emittendum
1031 3067 1089 3138 est,
1108 3064 1188 3140 quod
1206 3063 1238 3122 in
1256 3063 1323 3140 ipsa
1336 3063 1445 3141 Hispa·

218 3171 269 3230 nia
287 3189 350 3247 eos,
376 3171 428 3249 qui
447 3173 483 3231 ab
501 3170 617 3230 Erasmi
636 3174 719 3248 parte
738 3174 896 3246 steterunt,
920 3175 1022 3230 eontm
1040 3188 1142 3230 caecos
1161 3171 1293 3230 omnium
1313 3175 1444 3230 veterum

219 3277 411 3337 traditionum
442 3283 580 3356 patronos
608 3277 736 3354 benigne
763 3277 903 3338 defendit
954 3277 1078 3355 Aliquid
1105 3277 1194 3337 etiarn
1221 3278 1253 3336 in
1281 3277 1330 3337 his
1356 3279 1443 3338 rebus

219 3385 394 3443 mutandum
422 3389 451 3443 et
478 3384 698 3444 reformandum
725 3401 792 3444 esse
819 3401 888 3443 eum
915 3383 968 3443 illo
983 3364 1191 3444 arbitrabatur.
1239 3382 1324 3458 Quod
1346 3389 1444 3444 tamen

219 3509 279 3551 non
310 3491 352 3550 ita
383 3491 523 3566 dicimus,
556 3491 655 3569 quasi,
689 3509 764 3568 quae
795 3489 937 3550 Erasmus
970 3491 1007 3551 de
1039 3491 1202 3568 spiritualis
1234 3491 1443 3552 christianismi

218 3597 354 3658 libertate
382 3598 493 3674 docuit,
526 3616 656 3676 unquam
681 3597 803 3658 Carolus
829 3598 919 3675 plene
946 3597 1129 3658 intellexerit
1154 3603 1243 3677 atque
1270 3599 1440 3677 probaverit
1559 3662 1560 3679 ἶ

218 3705 292 3765 Plus
320 3723 409 3784 quarn
436 3705 488 3765 ille
515 3706 664 3765 Adrianus
696 3706 775 3783 apud
802 3724 870 3766 eum
901 3705 1075 3766 auctoritate
1101 3706 1223 3767 valebat.
1271 3705 1358 3765 Haud
1383 3707 1439 3765 fru-

219 3817 280 3873 stra
308 3814 370 3890 jam
397 3832 415 3872 a
441 3817 541 3874 tenero
572 3814 693 3873 edoctus
725 3818 799 3888 erat,
832 3813 996 3873 haereticos
1024 3831 1089 3873 esse
1116 3813 1357 3874 comburendos.²
1400 3815 1439 3874 No

219 3920 317 3980 animo
340 3921 372 3979 in
394 3921 482 3980 torris
505 3920 568 3981 suis
591 3926 621 3980 et
639 3921 811 3998 Hispanicis
834 3925 863 3981 et
881 3920 1105 3981 Nederlandicis
1124 3921 1172 3998 agi
1189 3921 1291 3981 voluit.
1330 3921 1438 3981 Similia

219 4027 251 4086 in
280 4027 437 4088 Germania
467 4027 663 4106 perpetranda
695 4046 727 4088 se
759 4032 857 4088 mente
889 4029 1007 4089 voluere
1040 4047 1157 4106 semper
1183 4028 1310 4105 negavit
1362 4028 1437 4103 Quod

219 4139 318 4194 utrum
351 4141 506 4212 perspecta
534 4135 637 4195 mitius
663 4135 727 4196 illie
754 4135 861 4212 agendi
888 4136 1064 4197 necessitate
1091 4155 1130 4196 an
1157 4136 1224 4196 aliis
1252 4136 1351 4196 causis
1377 4155 1437 4214 per-

219 4241 326 4302 ductus
349 4243 452 4302 feeerit
470 4243 502 4302 in
520 4244 642 4304 obscuro
662 4248 719 4320 est,
742 4243 915 4321 praesertim
934 4262 1026 4323 quum
1046 4244 1182 4322 publicae
1200 4243 1339 4304 utilitatis
1357 4263 1437 4304 eausa
1560 4261 1561 4274 ¹

329 4488 355 4555 1)
374 4487 466 4541 Ranhe
486 4489 581 4542 Geseh.
601 4487 739 4543 Deutschl.
759 4489 792 4558 V,
812 4489 854 4544 76.

328 4574 355 4644 2)
374 4575 477 4628 Ibidem
495 4576 548 4646 111,
567 4577 610 4633 80.
