3188 5086
689 306 780 356 Gnrur
799 305 843 357 VI.
1326 306 1377 358 153

164 509 236 568 lium
265 512 325 571 vita
350 516 443 588 magia
470 517 501 574 in
530 515 592 576 dies
615 515 759 592 exhiberi,
790 516 914 590 denique
943 518 1055 577 emissis
1076 518 1146 577 uiris
1167 534 1237 576 vere
1259 523 1377 592 aposto-

164 616 230 675 licis
260 633 314 690 per
344 619 507 678 universnm
536 621 635 680 orbem
661 623 817 696 propagari
843 622 942 681 voluit
991 623 1039 682 Sic
1068 639 1166 680 veram
1193 626 1223 682 et
1245 637 1379 696 magnam

165 721 309 782 ecclesiae
331 723 580 802 reformationem,
603 727 660 784 etsi
682 725 737 784 hac
759 743 830 785 voce
852 727 894 784 uti
913 742 971 784 non
990 727 1116 800 solebat,
1139 727 1280 801 paulatim
1293 743 1379 800 pera-

166 825 290 898 gendam
325 843 389 886 esse
418 845 533 902 semper
554 829 744 903 existimarit,
769 830 811 888 sic
841 830 971 889 morbum
998 832 1060 904 ejus
1088 830 1264 905 sanandum,
1293 847 1378 903 quern

165 929 287 987 historia
314 932 471 1008 magistra,
503 939 535 991 ut
561 950 649 1007 supra
675 933 810 1008 vidimus,
837 935 897 992 alte
924 939 1107 1008 perspectum
1137 949 1319 1008 nequaquam
1347 935 1377 991 in

163 1034 287 1107 singulis
321 1040 431 1095 tantum
465 1036 600 1096 abusibus
635 1043 665 1097 ct
696 1039 949 1112 superstitionibus
981 1040 1116 1112 ponebat.
1173 1039 1268 1110 Quare
1303 1039 1377 1097 haec

165 1137 323 1214 detegere,
354 1143 514 1216 castigare,
544 1143 713 1216 impugnare
743 1159 806 1202 rem
834 1143 959 1200 omnium
987 1143 1184 1217 gravissimam
1215 1159 1272 1201 non
1312 1157 1376 1201 esee

164 1241 304 1318 putabat,
326 1244 377 1302 sed
397 1245 628 1318 prospiciendum
651 1247 762 1320 potius,
786 1252 818 1304 nt
840 1247 955 1304 unicum
977 1247 1043 1321 puri
1059 1247 1203 1320 evangelii
1217 1246 1377 1305 remedium

163 1347 222 1406 rite
245 1345 445 1409 adhiberetur.
491 1349 593 1423 Neque
616 1355 713 1409 tamen
737 1351 849 1425 singula
872 1350 1013 1409 ecclesiae
1027 1351 1104 1410 mala
1119 1351 1303 1424 neglegebat,
1325 1350 1378 1408 sed

167 1450 204 1509 iis
226 1451 338 1510 obviam
363 1454 407 1512 irc
431 1471 521 1526 nsque
544 1454 581 1512 ad
603 1461 726 1514 mortem
748 1471 806 1514 nou
829 1455 923 1514 desiit
1187 1519 1191 1528 ,

253 1555 348 1614 Testis
373 1563 418 1616 est
440 1559 502 1631 ipse
525 1559 600 1617 liber
621 1559 671 1618 ille
695 1558 732 1616 de
755 1559 867 1618 ratione
883 1559 1087 1631 concionandi,
1111 1576 1167 1632 quo
1188 1557 1289 1616 eadem
1306 1575 1377 1630 erga

166 1659 337 1719 catholicam
361 1662 513 1721 ecclesiam
535 1665 662 1737 pietate,
684 1680 742 1736 qua
756 1679 849 1736 nuper
863 1663 1040 1737 Renschins,
1063 1662 1180 1722 easdem
1198 1661 1260 1721 iere
1276 1679 1377 1736 super-

164 1764 297 1822 stitiones
319 1766 356 1823 ab
378 1767 455 1824 illius
477 1766 659 1840 praesulibus
682 1767 766 1826 ioede
789 1769 926 1826 toleratas
948 1768 1055 1842 passim
1077 1768 1208 1841 castigat.
1253 1767 1285 1824 ld
1309 1783 1377 1839 quo·

164 1884 222 1940 qne
249 1870 328 1926 salva
355 1871 455 1929 matris
477 1871 547 1930 Jesu
574 1873 740 1930 reverentia
771 1871 892 1931 adnotat
919 1889 976 1930 non
1005 1871 1143 1931 laudabili
1167 1871 1376 1930 consuetudine

164 1969 242 2044 fieri,
270 1979 303 2032 nt
330 1975 548 2034 concionatores
577 1975 674 2034 statim
706 1981 771 2049 post
797 1977 946 2035 exordium
977 1975 1084 2034 Christi
1112 1978 1232 2050 ejusque
1258 1975 1376 2048 spiritus

163 2076 229 2135 vice
253 2077 447 2137 beatissimam
478 2081 619 2152 virginem
648 2085 681 2138 nt
703 2078 812 2139 iontem
834 2082 948 2154 gratiae
972 2081 1125 2152 implorare
1149 2080 1269 2137 soleant.
1313 2079 1377 2137 Nec

161 2182 259 2238 minus
275 2183 397 2254 ingenue
426 2183 504 2241 diota
523 2185 582 2256 jam
603 2185 702 2242 militis
721 2185 871 2242 christiani
894 2183 1073 2242 enchiridion
1097 2183 1235 2256 continet,
1255 2199 1377 2254 opuscu-

162 2284 223 2343 lnm
246 2289 314 2345 aute
337 2288 428 2344 seculi
451 2303 557 2345 annum
581 2295 712 2361 quartum
733 2289 841 2348 editum
863 2294 894 2346 et
914 2288 1051 2361 piissimis
1073 2287 1258 2360 aequalibus,
1288 2287 1376 2345 etiam

161 2388 306 2464 Adriano,
334 2392 383 2464 qui
411 2397 512 2465 postea
541 2393 700 2451 Romanam
736 2393 834 2452 sedem
860 2393 1027 2466 occupavit,
1053 2391 1291 2464 acceptissimum.
1341 2389 1376 2448 ln

162 2495 246 2566 cuius
270 2493 344 2554 libro
374 2500 476 2555 octavo
507 2497 586 2556 locus
614 2498 777 2570 invenitur,
807 2501 873 2570 post
899 2503 1020 2556 mortern
1044 2493 1158 2556 demum
1181 2495 1295 2555 Erasmi
1318 2509 1376 2553 nna

162 2614 228 2656 curu
244 2599 308 2657 aliis
331 2599 481 2659 aRomani
504 2600 612 2659 Indicis
631 2599 854 2661 fabricatoribus
877 2601 1094 2676 ,expurgatus‚‘
1116 2600 1166 2659 ubi
1190 2617 1288 2660 eornm
1310 2616 1377 2658 cac-

160 2702 299 2762 1imonias
330 2711 483 2779 memorat,
511 2705 558 2778 qni
583 2704 781 2779 christophori
811 2706 947 2764 auxilium
971 2711 1072 2764 contra
1094 2706 1247 2764 imminens
1277 2704 1376 2778 iatum,

162 2805 271 2879 ,Rochi
297 2807 460 2882 enjusdam‘
488 2814 588 2868 contra
614 2815 741 2884 pestem,
770 2809 941 2883 Apolloniae
973 2815 1073 2868 contra
1097 2809 1225 2867 dentium
1247 2809 1376 2868 dolorem

161 2917 314 2986 expetant,
337 2929 456 2986 quorum
480 2914 619 2987 pietatem
644 2914 717 2973 adeo
742 2914 927 2973 christianam
949 2931 1007 2972 non
1029 2929 1094 2972 esse
1118 2914 1172 2984 ait,
1201 2919 1313 2970 utnon
1335 2915 1377 2970 ita

160 3015 286 3074 multum
306 3016 382 3076 absit
405 3018 442 3076 ab
465 3035 566 3078 eornm
589 3020 810 3092 superstitione,
831 3019 878 3091 qui
902 3017 1021 3076 Herculi
1043 3019 1089 3076 vel
1110 3017 1286 3089 Aesculapio
1308 3022 1376 3074 vota

160 3119 307 3192 quondam
336 3121 485 3180 dederint:
517 3123 635 3181 uomina
659 3123 774 3195 quidem
800 3127 912 3180 mutata
939 3137 1019 3193 esse,
1048 3120 1100 3178 sed
1129 3119 1216 3177 finem
1244 3119 1374 3191 utrisque

161 3240 228 3284 esse
259 3242 446 3284 communem.
492 3226 603 3286 Similia
632 3228 661 3286 in
682 3227 812 3299 plurimis
840 3227 902 3299 ejus
924 3225 1038 3299 scriptis
1060 3224 1205 3298 leguntur,
1233 3223 1322 3280 etiam
1344 3223 1375 3279 in

159 3329 274 3404 adagiis
306 3335 337 3388 et
366 3331 397 3388 in
427 3332 659 3389 annotationibus
698 3331 735 3388 ad
768 3331 878 3388 Novum
913 3329 1138 3386 Testamentum.
1193 3323 1378 3400 Vituperavit

159 3433 268 3493 abusus
282 3435 313 3492 iu
327 3435 513 3508 reliquiarum
530 3437 617 3510 cultu,
632 3437 663 3495 in
678 3435 961 3509 peregrinationibus
977 3432 1124 3508 religionis
1141 3448 1211 3506 ergo
1227 3432 1376 3505 susceptis,

159 3539 193 3595 in
214 3537 341 3597 ciborum
362 3539 475 3612 legibus
497 3540 676 3614 conspicuos,
700 3539 834 3612 denique,
858 3539 934 3611 quod
954 3538 991 3596 ad
1015 3537 1205 3596 caerimonias
1228 3541 1259 3595 et
1280 3553 1376 3596 mores

157 3643 303 3716 pertinet,
336 3645 466 3702 omuibus
501 3642 580 3716 fere,
614 3643 718 3717 quibus
751 3649 853 3716 postea
883 3643 1045 3716 Lutherus,
1083 3647 1180 3700 notam
1214 3641 1376 3713 adscripsit,

158 3745 245 3804 modo
268 3747 437 3820 gravissima
460 3747 625 3806 hortatione
649 3751 680 3805 et
703 3747 898 3806 obtestatione
922 3747 1081 3807 errantium
1104 3747 1214 3803 animos
1237 3744 1376 3816 excitans,

156 3849 244 3909 modo
264 3851 416 3910 levissimis
439 3851 565 3926 facetiis,
587 3851 689 3924 quihus
713 3853 851 3909 resistere
874 3850 994 3909 difficile
1017 3857 1094 3920 erat,
1113 3849 1260 3906 hominum
1283 3846 1375 3903 stulti-

158 3954 233 4012 tiam
255 3956 465 4028 perstriugens.
504 3957 626 4028 Semper
648 3971 717 4013 vero
740 3955 824 4011 simul
848 3953 1010 4026 admonuit,
1033 3951 1108 4024 quod
1130 3951 1262 4009 dematur
1284 3949 1376 4007 caeri-

156 4059 264 4116 moniis
287 4065 317 4117 ot
338 4059 501 4134 ludaismo,
532 4059 694 4118 addendum
724 4073 788 4116 esse
812 4058 944 4115 sincerae
966 4057 1068 4128 pietati
1093 4063 1123 4114 et
1149 4054 1375 4112 christianismo.

158 4162 319 4236 Corruptos
342 4165 413 4222 cleri
436 4169 467 4222 et
489 4165 692 4222 monachorum
717 4178 828 4232 mores,
852 4165 896 4219 tot
910 4161 1050 4220 malorum
1073 4160 1102 4216 iu
1120 4159 1244 4216 ecclesia
1258 4157 1376 4231 iontem,

157 4265 301 4326 audacter
323 4267 460 4342 castigat,
482 4267 569 4341 idque
591 4267 670 4326 haud
695 4281 764 4324 raro
786 4267 817 4323 in
841 4265 970 4337 epistolis
993 4263 1029 4322 ad
1052 4264 1217 4336 episcopos,
1244 4261 1375 4321 cardina·

156 4373 217 4444 les,
245 4369 404 4445 pontifices.
458 4372 555 4431 Etiam
586 4373 683 4430 curiae
713 4371 821 4430 litteris
849 4369 879 4426 in
902 4369 993 4442 ipsam
1016 4367 1116 4425 urbem
1138 4365 1259 4425 Romam
1281 4366 1376 4422 missis

156 4491 218 4534 non
244 4475 393 4550 parcebat
438 4475 581 4551 Papatnm
607 4483 744 4550 tanquam
771 4489 910 4533 summum
938 4473 969 4530 in
991 4487 1090 4530 omnes
1113 4472 1262 4545 episcopos
1284 4469 1376 4543 impe-

154 4579 234 4640 rium
258 4596 375 4654 prorsus
407 4581 535 4640 alienum
561 4581 650 4641 fuisse
679 4598 696 4640 a
722 4579 829 4640 Sancto
852 4577 1015 4651 Augustino
1045 4577 1164 4650 ejusque
1188 4590 1260 4634 aevo
1283 4575 1374 4650 probe
