3222 5034
231 255 266 308 92
773 259 861 313 error
879 257 912 310 V.

231 457 408 534 quibusdam
431 461 461 517 et
483 458 586 518 additii
608 461 694 519 novis
716 461 898 538 argumentis
921 460 1116 536 confirmavit,
1141 459 1193 520 sed
1216 460 1304 520 etiam
1326 461 1457 521 inventis

232 564 430 625 celeberrimis
453 565 548 626 tribus
570 566 688 642 legibus
710 567 748 627 ad
766 567 1027 628 demonstrandum
1045 567 1300 645 simplicissimum
1318 568 1457 645 pulcher-

231 672 400 750 rimumque
432 673 535 733 mundi
567 674 698 734 ordinem
730 675 871 736 adhibuit.
922 675 1019 736 Simul
1049 693 1126 735 nova
1155 675 1336 752 problemata
1363 676 1456 752 signi-

231 779 335 854 ficans,
359 798 485 858 quorum
508 781 651 841 nonnulla
674 783 787 844 solvere
804 782 960 843 Newtonio
981 787 1084 860 postea
1106 783 1242 858 contigit,
1267 782 1386 858 ,Haee‘,
1409 783 1455 842 iu·

232 887 297 964 quit
320 891 350 947 et
372 892 468 948 cetera
491 889 662 966 hujusmodi
684 889 778 951 latent
799 890 832 949 in
850 890 1003 968 pandectis
1021 890 1086 950 aevi
1105 890 1268 968 sequentis,
1292 909 1352 950 non
1370 894 1457 950 antea

231 993 382 1070 discenda,
406 1014 495 1073 quam
518 996 628 1056 librum
651 997 731 1058 hunc
750 997 845 1074 Deus,
868 998 976 1058 arbiter
999 997 1180 1072 seculorum,
1202 996 1358 1058 recluserit
1380 1015 1456 1056 mor-

231 1100 364 1162 talibus.1
404 1102 536 1163 Eandem
558 1104 651 1179 igitur
673 1105 803 1164 divinam
821 1105 1037 1183 providentiam
1054 1105 1087 1164 in
1105 1104 1217 1165 visibili
1235 1123 1334 1165 remam
1352 1109 1457 1163 natura

231 1213 262 1268 et
296 1209 328 1268 in
362 1210 491 1270 humano
523 1211 677 1271 intellectu
709 1213 747 1272 ad
778 1231 842 1273 eam
875 1212 1107 1290 cognoscendam
1140 1212 1283 1290 paulatim
1315 1211 1456 1289 perducto

232 1317 419 1378 manifestam
441 1336 508 1378 esse
530 1337 706 1396 persuasum
729 1321 786 1379 sibi
808 1319 918 1379 habuit

338 1424 408 1502 lpse
435 1443 503 1485 vero
530 1431 652 1486 naturae
679 1426 918 1504 investigatione,
950 1427 981 1486 id
1009 1427 1087 1506 quod
1112 1426 1174 1503 jam
1201 1445 1240 1487 ex
1266 1426 1363 1486 verbis
1391 1427 1457 1502 ejus

233 1550 322 1608 supra
344 1531 442 1592 allatis
465 1539 599 1610 apparet,
622 1534 873 1612 philosophari
897 1535 953 1594 sibi
972 1535 1057 1594 visus
1075 1539 1128 1594 est.
1170 1533 1275 1612 Neque
1294 1534 1457 1594 doctrinam

231 1639 269 1700 ad
296 1643 432 1698 naturam
458 1641 655 1717 pertinentem
682 1661 700 1700 a
726 1642 832 1702 ceteris
859 1642 1000 1702 doctrinis
1026 1659 1124 1720 neque
1146 1642 1200 1702 has
1223 1643 1259 1701 ab
1281 1641 1335 1700 illa
1356 1641 1457 1700 dirimi

232 1765 320 1824 posse
347 1765 416 1807 eum
439 1747 598 1808 Aristotele
625 1749 728 1809 tenuit
775 1747 871 1823 Quare
894 1767 987 1827 quum
1009 1750 1099 1826 hujus
1122 1749 1311 1826 potissimum
1332 1749 1457 1810 auotori-

232 1858 292 1914 tate
319 1859 363 1914 tot
390 1855 481 1915 falsas
509 1859 539 1916 et
561 1857 669 1933 partim
696 1857 911 1933 mythologicas
934 1857 971 1917 de
994 1861 1155 1932 systemate
1177 1856 1279 1915 mundi
1303 1855 1458 1934 opiniones

232 1962 329 2022 adhrro
356 1961 453 2022 valere
479 1963 747 2038 animadvertisset,
775 1982 843 2024 eum
870 1982 931 2024 non
953 1964 1030 2041 fugit
1052 1965 1126 2039 fore,
1153 1968 1188 2023 ut
1210 1963 1316 2024 iisdem
1337 1963 1458 2023 remotis

232 2070 355 2129 nimium
381 2071 552 2148 philosophi
575 2071 658 2132 illius
680 2071 838 2148 imperium
861 2071 1043 2132 decresceret
1065 2075 1094 2131 et
1116 2089 1209 2130 novae
1229 2069 1458 2148 philosophandi

232 2177 298 2238 viae
334 2183 552 2256 quaererentur.
606 2179 671 2239 Hac
706 2198 744 2239 ex
776 2184 871 2257 parte,
908 2179 965 2239 etsi
997 2179 1094 2238 variae
1125 2196 1231 2238 causae
1262 2178 1299 2236 ad
1331 2177 1458 2237 eundern

232 2287 370 2346 effectum
393 2288 601 2363 praestandum
624 2287 799 2347 convenisse
821 2291 947 2361 constat,
971 2291 1070 2346 tamen
1092 2285 1240 2364 Keplerus
1262 2285 1356 2346 multo
1378 2283 1457 2362 plus,

232 2411 321 2470 quam
353 2393 489 2471 plerique
519 2398 638 2472 putant,
675 2394 712 2454 ad
744 2393 953 2454 efformaudam
984 2394 1156 2454 recentioris
1192 2387 1297 2453 aetatis
1328 2391 1459 2452 indolem

232 2501 365 2560 contulit.
407 2501 495 2560 Haud
518 2501 628 2561 frustm
650 2501 782 2562 Renatus
802 2501 964 2576 certesiae,
989 2519 1123 2561 sanamus
1142 2518 1235 2560 novae
1252 2499 1459 2577 philosophiae

232 2613 345 2682 auctor,
364 2608 454 2684 primi
471 2609 669 2685 praeceptoris
688 2609 735 2668 sni
754 2608 878 2684 gloriam
896 2608 1023 2686 Keplero
1042 2613 1147 2686 sponte
1165 2607 1295 2667 detulit²
1328 2605 1458 2680 Quorum

232 2713 307 2773 alter
330 2732 398 2773 cum
420 2715 513 2774 altero
536 2715 625 2774 etiam
643 2716 676 2774 in
694 2733 727 2775 eo
746 2716 895 2792 congrunt,
919 2715 1010 2794 quod,
1034 2734 1128 2794 quum
1145 2733 1269 2791 magnae
1287 2713 1458 2774 mutationis

232 2825 367 2881 auctores
404 2839 436 2881 se
472 2840 538 2882 esse
570 2822 681 2897 sciunt,
718 2822 909 2882 christianam
940 2822 1114 2898 religionem
1145 2821 1177 2880 in
1209 2821 1310 2880 eadem
1342 2838 1459 2897 semper

233 2929 376 3004 dignitate
399 2929 569 2989 duraturam
592 2947 658 2990 esse
676 2930 836 2990 confidunt.
878 2929 921 2990 Eo
938 2948 1007 2990 vero
1026 2929 1178 3004 diffeurnt,
1202 2929 1280 3006 quod
1299 2927 1458 3001 Cartesius,

233 3037 426 3098 scholasticae
453 3037 621 3113 tyrannidis
648 3037 846 3113 adversarius,
874 3055 961 3098 omne
987 3037 1065 3096 inter
1091 3036 1309 3114 philosophiam
1336 3039 1366 3094 et
1390 3033 1459 3094 reli·

232 3145 350 3220 gionem
373 3145 563 3205 christianam
582 3144 735 3204 vinculum
753 3144 902 3220 dissolvit,
925 3144 1072 3221 Keplerus
1091 3148 1258 3222 utramque,
1281 3143 1352 3203 lieet
1369 3143 1458 3202 liber-

233 3252 303 3312 tatis
325 3251 547 3330 philosophicae
569 3252 732 3312 acoerimus
755 3252 879 3327 vindex,
902 3257 981 3311 arcte
1004 3251 1181 3328 conjungere
1204 3251 1311 3310 studet.

339 3359 375 3418 ld
407 3357 448 3419 ite
479 3360 660 3437 assequitur,
692 3364 727 3419 ut
757 3358 789 3418 in
820 3358 1045 3436 contemplando
1077 3358 1187 3417 mundo
1218 3362 1248 3418 et
1275 3357 1401 3434 physico
1428 3360 1459 3416 et

234 3441 383 3543 spirituali
414 3467 519 3526 finales
551 3485 611 3526 non
643 3467 743 3525 minus
775 3483 864 3543 quam
892 3465 1055 3526 efficientes
1083 3483 1187 3525 causas
1214 3464 1351 3542 inquirat.
1402 3463 1459 3522 Pro

233 3577 312 3632 certo
339 3573 440 3648 habet,
468 3592 565 3651 neque
593 3573 738 3634 secundas
765 3591 873 3632 causas
898 3573 963 3632 sine
985 3573 1082 3650 prima
1103 3591 1192 3632 causa
1214 3571 1348 3647 intellegi
1371 3587 1461 3648 posse

234 3698 331 3758 neque
357 3679 492 3756 singulos
519 3681 606 3754 fines,
635 3680 742 3758 quiin
765 3679 893 3756 singulis
915 3681 1004 3740 rebus
1026 3679 1161 3756 physicis
1184 3679 1233 3738 rel
1256 3677 1460 3756 spiritualibus

234 3788 383 3865 sapienter
414 3787 566 3864 dispositis
593 3787 879 3862 animadvertuntur,
912 3788 977 3848 sine
1004 3787 1114 3864 optimo
1142 3786 1268 3864 quodam
1295 3789 1384 3862 atque
1410 3785 1460 3843 ab

234 3895 415 3956 solutissimo
438 3895 509 3970 fine,
532 3895 569 3954 ad
592 3913 681 3973 quem
703 3894 861 3954 universus
883 3894 1013 3954 mundus
1034 3898 1065 3954 et
1082 3893 1226 3970 physicus
1245 3897 1276 3952 et
1294 3890 1460 3970 spiritualis

233 4002 335 4064 aDeo
363 4016 501 4080 supremo
529 4002 712 4062 moderatore
739 4001 885 4077 dirigitur.
931 4001 1020 4062 Hunc
1046 4001 1136 4060 finem
1164 4000 1294 4077 positum
1321 4015 1388 4058 esse
1409 3997 1460 4057 do·

234 4109 296 4169 cuit
322 4110 355 4168 in
382 4109 597 4187 perfectissima
623 4109 789 4184 harmonia,
816 4108 854 4168 ad
881 4127 970 4186 quam
993 4125 1095 4168 omnes
1117 4125 1165 4168 res
1188 4125 1242 4184 per
1263 4106 1344 4185 ipsas
1367 4105 1461 4165 disso-

233 4270 446 4277 ——m

387 4353 419 4408 In
437 4354 490 4407 fine
509 4354 636 4424 epitomes
655 4353 843 4422 astronomiae,
864 4351 929 4422 Opp.
949 4351 989 4406 VI
1008 4351 1068 4406 530.

387 4443 453 4498 Visa
470 4443 579 4512 Keplen'
597 4442 630 4498 ab
648 4441 782 4497 Hansohio
801 4441 901 4510 scripta
918 4459 943 4511 p.
959 4440 1077 4496 XXXV.
