3134 5054
636 263 728 315 Garun
749 265 797 317 XI.
1271 265 1323 322 263

102 477 297 552 Thuringicu,
321 477 450 552 eiusdem
474 478 543 537 socii
562 483 592 538 et
606 477 740 552 discipuli
761 479 838 553 apud
852 479 980 540 &nones
998 482 1029 539 in
1049 481 1170 554 singulis
1189 481 1322 542 ecclesiis

103 597 161 639 eos
187 582 261 640 ritus
291 587 322 641 et
349 581 446 656 leges,
478 598 553 655 quae
583 599 649 642 curn
677 583 735 642 Dei
764 584 853 643 verbo
879 601 914 643 ac
942 585 1046 658 spiritu
1074 602 1132 644 uon
1161 601 1320 658 congruere

102 686 327 760 intellexerant,
349 686 424 746 duee
447 685 643 745 Garolostadio
665 694 778 747 mutare
800 694 967 762 coeperunt
1012 689 1047 748 ld
1070 705 1156 761 quum
1179 705 1216 747 ex
1236 695 1320 762 purte

103 805 169 848 non
200 789 270 847 satis
298 789 458 863 prudenter
487 787 584 866 fieret,
619 791 815 864 irrepentibus
844 793 929 851 simul
957 793 1121 851 bominibus
1151 792 1321 866 quibusdam

104 893 323 952 enthusiasticis
346 899 377 952 et
393 891 542 968 *lanadcis
566 895 615 967 qui
634 910 724 954 novas
736 895 793 954 Dei
814 895 1011 956 revelationes
1033 913 1065 956 se
1088 897 1235 970 accepisse
1258 898 1319 971 glo-

103 996 271 1073 riabantur,
291 996 369 1056 baad
390 1013 499 1072 parvae
521 998 589 1057 inde
610 999 713 1058 turbae
736 1005 818 1058 ortae
840 1005 916 1058 eunt.
951 1000 1029 1072 Quas
1047 1000 1207 1074 Lutherua,
1229 1001 1320 1060 invito

102 1101 246 1160 Electore
275 1117 330 1159 nec
358 1102 421 1160 sine
452 1101 529 1161 vitae
557 1103 688 1176 periculo
711 1103 898 1176 Vitebergam
920 1118 1068 1178 reversus,
1099 1119 1166 1162 mox
1192 1103 1319 1177 sedavit,

103 1221 183 1278 quae
205 1210 286 1265 recte
306 1221 381 1279 qnae
404 1221 462 1264 non
483 1213 564 1266 recte
587 1212 697 1265 mutata
720 1211 829 1280 essent,
857 1207 1031 1281 declaravit,
1060 1207 1193 1280 spiritum
1215 1205 1320 1266 falsum

102 1324 142 1367 ac
172 1325 340 1382 perversum
371 1310 475 1384 spiritu
506 1327 575 1370 vere
606 1311 774 1384 evangelico
802 1313 965 1385 superavit,
996 1311 1187 1371 iconoclastae
1215 1311 1320 1369 tumul-

103 1417 226 1472 tuantes
241 1413 377 1485 reppulit.
421 1414 494 1474 Inde
517 1415 553 1474 ab
570 1431 605 1474 eo
621 1414 735 1474 demum
757 1421 889 1488 tempore
904 1415 1063 1491 Lutherua,
1087 1431 1174 1488 quum
1194 1429 1320 1486 eousque

101 1517 136 1573 in
161 1513 363 1575 reformandae
381 1496 530 1578 'ecclesiae
553 1519 671 1592 negotio
692 1519 843 1593 religiose,
866 1520 953 1577 immo
971 1524 1003 1578 at
1021 1520 1064 1578 ita
1083 1519 1178 1577 dicam
1196 1516 1320 1576 bominis

100 1619 246 1692 mysticae
263 1621 465 1692 tranquillitati
483 1621 573 1680 dediti
589 1624 683 1680 instar
705 1621 742 1682 ab
765 1621 878 1700 egendo
899 1624 985 1681 anxie
1005 1623 1204 1694 abstinuisset,
1227 1619 1319 1679 divini

100 1722 189 1781 verbi
201 1722 314 1782 effectui
328 1731 418 1784 totam
431 1742 493 1784 rem
509 1726 677 1799 reliquisset
695 1731 723 1785 et
741 1727 944 1802 commisisset,
963 1729 1156 1802 jamjamque
1177 1727 1213 1788 ad
1228 1725 1320 1786 borni·

104 1842 180 1884 num
201 1828 309 1886 animos
326 1829 469 1903 regendos
492 1833 522 1888 et
544 1829 747 1905 moderandos,
769 1830 806 1889 ad
828 1831 993 1891 mutandam
1010 1831 1087 1890 orbis
1102 1829 1207 1890 faciem
1222 1830 1320 1890 divina

104 1928 291 2002 providentia
311 1932 467 2006 perductus
490 1937 544 1992 est
609 1933 706 1992 Antea
727 1932 853 1992 futurum
874 1935 1027 1993 concilium
1049 1935 1203 2008 generale,
1237 1933 1319 1992 nnita

105 2033 245 2093 Caesaris
267 2040 297 2094 et
318 2036 486 2110 Principum
513 2037 563 2110 pia
589 2036 685 2096 studia
711 2043 916 2112 prospexerat,
945 2038 1126 2110 praestolans
1148 2037 1225 2109 spei,
1255 2035 1318 2094 iore

104 2144 142 2196 ut
170 2141 402 2212 praepotentium
426 2141 516 2199 animi
545 2141 676 2200 veritatis
707 2140 823 2200 divinae
853 2141 881 2199 vi
909 2140 946 2200 ad
972 2139 1146 2208 medendum
1174 2139 1317 2200 ecclesiae

105 2241 223 2300 damnis
244 2243 459 2303 inclinarentur.
505 2245 587 2303 Haec
607 2261 673 2318 spes
694 2250 759 2318 post
781 2245 897 2303 comitia
919 2243 1144 2304 Wormatiensia
1167 2243 1319 2302 evanuisse

104 2347 202 2406 omnis
221 2347 283 2404 risu
304 2353 356 2406 est.
401 2347 459 2408 Sed
482 2365 519 2407 ne
541 2354 610 2407 tunc
633 2347 749 2421 quidem
770 2347 917 2407 Lutherua
940 2349 971 2406 iu
986 2347 1148 2408 solitudinis
1163 2351 1319 2406 montanae

104 2449 223 2525 relligio
252 2451 289 2510 de
317 2451 509 2525 ingredienda
537 2467 612 2510 nova
640 2451 688 2510 via
718 2452 864 2525 cogitavit.
908 2452 1035 2512 veritati
1064 2456 1096 2510 et
1122 2449 1319 2510 aedificationi

103 2555 203 2628 plebis
232 2555 347 2629 scriptis
376 2556 517 2615 inservire
540 2556 647 2614 usitato
678 2571 758 2615 more
784 2556 930 2630 perrexit3
971 2571 1109 2615 concesso
1144 2555 1203 2614 otio
1236 2570 1322 2628 prae·

105 2661 196 2732 cipue
222 2659 260 2718 ad
288 2659 483 2734 incipiendam
510 2659 671 2718 Bibliorum
701 2660 862 2720 versionem
892 2658 1094 2719 Germanicam
1124 2664 1156 2718 et
1185 2658 1223 2719 ad
1252 2674 1321 2718 con·

104 2762 277 2823 scribendos
303 2764 422 2824 eximios
450 2765 514 2823 illos
541 2780 690 2823 sermones
719 2765 888 2838 populares,
918 2764 967 2837 qui
989 2763 1104 2836 postilla
1124 2764 1320 2837 nominantur,

104 2883 179 2926 nsua
209 2872 262 2928 est.
309 2867 463 2928 Gaudebat
492 2885 561 2928 vcro
589 2867 665 2941 quod
685 2868 861 2944 Vitebergac
891 2868 977 2928 amici
1004 2879 1109 2942 purum
1139 2867 1320 2941 evangelium

104 2972 194 3030 sicmi
216 2977 304 3030 antea
325 2972 547 3048 praedicabant,
577 2977 607 3030 et
629 2973 660 3030 in
681 2971 804 3032 florente
827 2972 978 3031 academia
999 2971 1222 3045 Melanchihon,
1251 2971 1321 3029 licet

105 3083 140 3135 et
169 3076 232 3149 ipae
262 3077 360 3150 papali
390 3077 574 3136 anathemate
612 3077 782 3136 nominatim
817 3081 949 3148 notatus,
983 3089 1088 3149 magna
1116 3074 1321 3147 discipulorum

104 3179 275 3252 frequentia
315 3181 404 3239 etiam
441 3197 457 3239 e
493 3181 658 3254 longinquis
695 3179 782 3238 terris
812 3176 991 3238 affluentium
1021 3176 1215 3252 circumdatus
1248 3179 1321 3234 erat.

104 3284 212 3356 Neque
247 3283 464 3358 reprehendere
495 3285 560 3343 illos
593 3287 722 3358 poterat,
758 3299 846 3356 quum
875 3281 984 3340 abusus
1014 3280 1151 3354 quosdam
1183 3279 1322 3338 ecclesia·

105 3387 211 3462 aticos,
238 3393 370 3446 coactum
392 3388 573 3447 sacerdotum
597 3387 785 3460 coelibatum,
815 3385 926 3444 cultum
947 3384 1119 3459 imaginum,
1149 3383 1223 3446 alios
1246 3383 1321 3442 ritus

106 3491 337 3566 superstitiosos,
366 3507 431 3550 sese
461 3509 513 3565 pro
544 3491 643 3565 agnita
671 3490 795 3550 veritate
823 3505 880 3548 non
906 3504 991 3562 posse
1014 3504 1073 3548 non
1095 3487 1198 3547 tollere
1222 3487 1320 3548 decla-

105 3599 217 3655 rarent.
270 3594 364 3667 Quum
386 3594 510 3668 denique
533 3593 571 3653 ad
593 3593 694 3653 turbas
715 3610 787 3668 quaa
809 3593 933 3652 diximus
956 3590 1167 3666 componendas
1185 3591 1320 3652 Viteber·

107 3715 177 3774 gam
198 3715 230 3757 se
252 3697 412 3773 conferret,
431 3698 636 3758 conscientiam
654 3703 772 3757 secutus
792 3698 863 3756 nihil
880 3697 960 3756 aliud
975 3697 1032 3756 nisi
1047 3694 1172 3756 officium
1187 3695 1318 3754 caritatis

107 3801 283 3862 christianae
312 3805 343 3860 in
371 3802 597 3876 Vitebergenses
631 3803 816 3875 singulariter
847 3801 901 3860 sibi
929 3799 1080 3861 mandatos
1100 3796 1241 3873 perlicere
1264 3797 1318 3855 sibi

107 3905 268 3966 videbatur.
327 3906 434 3978 Quanti
462 3907 599 3965 momenti
627 3905 658 3964 id
686 3903 777 3978 foret,
809 3903 885 3976 quod
911 3903 965 3962 hoc
999 3905 1105 3962 itinere
1133 3905 1318 3974 suscepturus

108 4016 188 4085 erat,
215 4011 311 4068 animo
330 4027 387 4069 non
408 4009 621 4084 praesagiebat
677 4007 818 4066 Nimirum
839 4007 932 4079 ipsum
953 4005 1152 4066 reformatoria
1175 4003 1318 4064 ccclesiae

107 4115 193 4189 qnasi
213 4131 316 4174 munus
338 4113 406 4174 inde
426 4113 463 4172 ab
482 4113 537 4172 boc
552 4119 683 4188 tempore
704 4112 733 4171 ei
747 4110 910 4172 obeundum
924 4115 997 4170 erat.
1035 4108 1114 4184 Sive,
1136 4114 1168 4168 ut
1186 4107 1319 4168 similitu·

107 4219 176 4278 dine
198 4218 235 4278 ab
264 4217 385 4277 Erasmo
415 4218 582 4290 saepissime
613 4217 743 4278 adbibita
770 4221 898 4296 utamur,
929 4214 1066 4274 drammm
1090 4211 1202 4288 fabula,
1233 4227 1319 4285 quam

108 4321 268 4382 docendam
290 4327 378 4381 antea
400 4321 592 4397 indicaverat,
612 4322 673 4396 jam
693 4322 749 4396 ipsi
772 4319 887 4396 agenda
909 4324 981 4379 erat.

197 4425 277 4499 Quod
307 4444 366 4486 non
394 4428 438 4487 ita
465 4427 599 4502 dinmus,
634 4427 717 4501 quasi
743 4425 889 4484 Lutherua
918 4438 1009 4497 nsque
1036 4421 1073 4482 ad
1103 4419 1176 4480 illud
1204 4423 1318 4493 tempus

108 4531 240 4592 doctrina
269 4536 397 4608 tanturn,
429 4549 489 4592 non
521 4533 608 4593 rebus
636 4531 726 4607 gestis
756 4529 931 4590 eminuisset
990 4525 1037 4586 Ab
1065 4525 1143 4585 omni
1172 4524 1318 4585 hominum
