3194 5042
675 319 763 376 Oarur
781 321 841 376 VH.
1322 325 1373 380 103

142 524 290 583 mendacii
316 525 447 584 officium
474 543 595 601 prorsus
625 503 841 602 neglexerunt,
865 544 969 586 verum
997 526 1085 586 etiam
1112 527 1312 587 sacerdotibus
1339 546 1375 589 ac

141 631 224 707 plebi
246 632 377 708 pessima
395 632 533 709 exempla
554 633 707 693 dederunt.
754 631 834 706 Quae
857 633 894 693 de
917 651 951 692 ea
973 633 1212 711 rescripseram,
1235 635 1374 694 nonnulli

142 737 413 800 Romanocatholici
436 743 569 800 autnon
591 740 817 816 intellexerunt,
846 746 898 800 aut
920 759 953 801 se
975 759 1035 800 non
1057 741 1231 819 intellegere
1253 743 1374 802 simula-

143 851 257 905 verunt
304 847 463 924 Propterea
489 847 578 924 paulo
605 848 703 908 fusius
729 853 819 926 atque
846 848 954 908 clarius
982 867 1017 908 ea
1043 853 1183 926 repetam.
1233 849 1375 928 Episcopi

141 952 189 1010 illi
216 953 365 1028 libellum,
396 972 485 1032 quem
512 955 539 1014 d.
567 955 634 1015 XX.
663 974 701 1015 m.
726 955 907 1033 Septembris
934 975 960 1016 a.
984 955 1236 1016 MDCCCLXXH
1263 957 1374 1018 Fuldae

142 1053 381 1136 publicaverunt,
409 1061 457 1122 his
480 1062 578 1122 verbis
600 1063 732 1140 incipere
758 1081 818 1122 non
840 1064 928 1124 veriti
951 1067 1035 1124 sunt:
1069 1063 1181 1138 ,Quum
1203 1065 1374 1141 nuperrime

141 1186 203 1244 pax
229 1149 308 1227 inter
334 1167 482 1229 civitatem
510 1174 539 1230 et
566 1171 722 1230 ecclesiam
750 1171 923 1230 catholicam
950 1171 1123 1248 deplorabili
1150 1172 1236 1231 modo
1259 1173 1375 1232 turbata

142 1275 195 1350 sit,
224 1276 355 1354 episcopi
379 1276 545 1338 Germanici
574 1279 675 1338 testari
698 1296 786 1356 posse
814 1279 871 1338 sibi
894 1279 1044 1354 videntur,
1072 1297 1105 1338 se
1127 1297 1224 1357 neque
1251 1284 1373 1339 cunctos

141 1401 240 1460 neque
268 1383 401 1459 singulos
424 1385 515 1460 hujus
542 1385 585 1444 rei
612 1403 732 1469 causam
754 1386 879 1446 dedisse.
924 1385 964 1445 Et
991 1386 1028 1445 ad
1050 1387 1132 1464 ipsos
1160 1391 1191 1446 et
1212 1387 1249 1445 ad
1271 1405 1374 1446 omnes

141 1490 302 1550 catholicos
334 1493 437 1566 turbae
467 1497 638 1569 praesentes
674 1493 843 1570 inopinatae
873 1493 1056 1570 irruperunt,
1093 1512 1184 1571 quare
1216 1494 1373 1553 excitatam

142 1598 252 1673 rixam,
285 1617 360 1676 quae
391 1599 533 1660 facillime
560 1601 663 1660 evitari
695 1606 821 1678 poterat,
854 1601 1114 1661 vehementissime
1143 1601 1374 1678 deploramus‘l

142 1703 240 1778 Quid?
272 1723 341 1764 num
373 1725 437 1782 vos,
470 1707 521 1784 qui
549 1707 619 1766 talia
646 1713 706 1767 tam
734 1707 918 1768 sollemniter
943 1709 1107 1784 testamini,
1140 1727 1262 1786 prorsus
1289 1709 1374 1768 obliti

142 1813 228 1888 estis,
257 1832 467 1892 quaecunquae
490 1814 578 1892 paulo
603 1821 672 1876 ante
694 1816 804 1876 Romae
831 1816 933 1894 plures
955 1822 1088 1876 restrum
1110 1835 1170 1876 non
1193 1817 1292 1876 minim
1316 1816 1373 1876 sol-

141 1920 280 1980 lemniter
298 1921 397 1981 testati
417 1925 506 1982 sunt?
542 1922 647 1983 Multis
665 1923 773 1998 verbis,
793 1943 868 2001 quas
886 1942 1040 2002 nunquam
1058 1923 1198 1984 oblivioni
1217 1925 1372 1998 dabuntur,

141 2028 378 2104 declaravemmt,
401 2048 512 2089 novum
535 2031 613 2108 quod
636 2032 730 2091 nostis
753 2031 860 2107 dogma
881 2032 1042 2090 absurdum
1065 2036 1095 2090 et
1116 2031 1212 2107 logica
1235 2031 1372 2108 impossi-

142 2135 215 2210 bile,
244 2137 334 2196 immo
356 2137 498 2197 ecclesiae
521 2137 679 2198 suicidium
702 2139 836 2198 futurum
859 2139 954 2198 θεεθ.2
999 2137 1180 2213 Tyrannicas
1203 2143 1233 2196 et
1255 2137 1372 2198 dolosas

141 2249 234 2317 artes,
266 2245 374 2320 quibus
403 2244 509 2305 Curiae
537 2245 680 2305 satellites
708 2265 743 2305 ac
770 2245 847 2305 servi
872 2245 1038 2305 Concilium
1060 2245 1239 2305 Vaticanum
1266 2246 1371 2322 guber-

144 2352 262 2426 nabant,
285 2369 345 2410 non
363 2357 478 2410 mutum
498 2351 609 2429 singuli
628 2353 696 2411 vira
714 2371 797 2426 voce,
821 2352 873 2411 sed
892 2352 980 2412 etiam
999 2351 1126 2428 scriptis,
1150 2369 1225 2429 quae
1243 2357 1371 2426 manent,

142 2458 459 2540 ,animadversionibus
491 2464 521 2519 et
548 2459 819 2537 protestationibus‘
848 2459 1015 2535 justissime
1044 2454 1249 2518 'tentaverunt8
1295 2457 1372 2532 Quid

140 2565 257 2626 dicam?
288 2585 342 2626 vos
365 2585 467 2626 omnes
490 2567 541 2626 alii
565 2567 722 2626 servilibus
749 2566 800 2626 alii
828 2567 967 2642 ingenuis
989 2567 1077 2626 dictis
1099 2585 1134 2626 ac
1156 2566 1243 2626 factis
1266 2565 1372 2625 restris

141 2673 299 2750 adjuvistis
326 2674 364 2733 ad
391 2675 573 2751 probandum
601 2679 631 2734 et
657 2673 880 2749 illustrandum,
909 2692 997 2752 quam
1024 2691 1146 2751 prorsus
1170 2672 1300 2734 Concilio
1325 2673 1372 2732 illi

141 2799 239 2859 neque
257 2781 389 2858 legitime
411 2781 571 2842 constituto
593 2800 690 2860 neque
712 2781 805 2842 libero
827 2799 924 2860 neque
947 2782 1087 2840 unanimo
1109 2781 1208 2840 omnia
1226 2781 1371 2854 deessent,

142 2888 370 2966 quaecamque,⁴
398 2894 432 2962 ut
457 2895 520 2948 rata
543 2895 573 2948 et
599 2889 696 2948 valida
723 2889 840 2949 decreta
866 2889 1030 2966 prodirent,
1062 2888 1229 2948 necessaria
1256 2905 1373 2964 semper

141 2996 243 3055 habita
266 3001 344 3056 sunt
390 2995 593 3056 Nihilominus
620 2997 739 3056 domurn
762 2995 873 3056 reversi
895 2996 1164 3073 praestantissimos
1191 3001 1280 3072 atquo
1303 2995 1371 3053 illu-

142 3103 306 3163 strissimos
333 3104 414 3163 viros
436 3104 692 3164 excommunicare
719 3108 749 3162 et
770 3103 909 3180 persequi
936 3107 1090 3180 propterea
1112 3102 1265 3179 coepistis,
1293 3102 1371 3178 quod

142 3209 262 3270 easdem
295 3211 456 3270 sententias
488 3212 602 3270 sortiter
632 3211 782 3284 tenebant,
815 3227 889 3287 quas
916 3209 1019 3287 plures
1051 3227 1089 3268 ex
1120 3215 1218 3268 vestro
1250 3227 1372 3268 nrrmero

141 3318 259 3394 integra
290 3319 470 3378 conscientia
495 3337 648 3396 nunquam
676 3335 708 3378 se
737 3319 872 3377 deserere
898 3335 986 3394 posse
1012 3317 1112 3376 testati
1139 3322 1239 3376 tamen
1271 3321 1373 3393 postea

18 3496 23 3502 Ι
143 3425 193 3484 vel
220 3425 317 3485 subito
348 3425 397 3485 val
427 3425 572 3503 paulatim
598 3427 795 3486 deseruerant.
841 3424 893 3483 Illi
921 3425 1107 3483 immutatam
1134 3425 1256 3484 eandem
1284 3424 1373 3484 fidem

142 3565 358 3575 n———--

253 3637 279 3705 1)
298 3635 397 3705 ,Wenn
415 3635 442 3689 in
461 3636 509 3690 der
523 3635 651 3707 jt'mgston
665 3634 722 3689 Zeit
740 3635 787 3690 der
803 3634 904 3689 Friede
915 3635 1048 3690 zwischen
1067 3635 1128 3688 dem
1143 3635 1233 3690 Stante
1252 3634 1306 3688 und
1325 3634 1373 3687 der

8 3693 25 3702 ..
143 3725 329 3780 katholischen
351 3725 450 3780 Kirchc
477 3725 702 3796 heilegonsrverte
726 3724 875 3796 Stdrungen
903 3725 1026 3780 ariahren
1047 3725 1107 3792 hat,
1135 3740 1165 3778 so
1189 3723 1302 3793 glauben
1330 3723 1372 3775 die

143 3814 293 3869 deutschen
307 3815 431 3869 Bischbie
450 3815 507 3869 sich
526 3816 573 3869 das
588 3815 702 3884 Zeugnis
721 3815 805 3884 geben
824 3831 859 3868 zu
877 3815 994 3882 kdnnen,
1013 3814 1071 3868 dala
1089 3813 1127 3866 sia
1147 3813 1236 3866 wedar
1254 3812 1372 3881 gemein-

8 3893 9 3896 '
27 3911 30 3916 '
143 3920 202 3958 sam
221 3905 291 3958 noch
305 3904 407 3958 einzeln
425 3903 504 3958 hieru
518 3903 610 3959 Anlals
629 3905 746 3975 gegeben
761 3904 854 3958 haben.
891 3903 982 3958 Ueber
995 3903 1046 3970 sia,
1066 3901 1115 3954 wie
1130 3901 1196 3953 iiber
1214 3899 1371 3954 (118111010-

141 3993 216 4047 liken
243 3993 406 4064 tiberhaupt,
435 3995 494 4048 sind
522 3993 564 4048 die
591 3993 804 4064 gegenwdrtigen
827 3993 934 4047 Wirren
961 3989 1098 4060 pldtzlioh,
1127 4005 1211 4058 gagen
1234 3989 1371 4042 marton

141 4083 398 4154 hereingebroohen,
426 4085 481 4138 und
504 4083 553 4138 wir
576 4083 705 4155 bellagen
728 4100 757 4138 es
780 4083 840 4138 auls
864 4083 990 4152 innigste,
1018 4079 1075 4133 dale
1098 4077 1141 4138 ein
1159 4076 1242 4130 Streit
1263 4077 1370 4130 hersul-

16 4236 31 4264 ,Λ
141 4172 315 4228 beschworen
334 4174 439 4241 warde,
458 4173 575 4228 welcher
593 4189 623 4228 so
639 4172 722 4228 leicht
739 4174 812 4227 noue
826 4171 979 4227 vermieden
997 4169 1104 4222 werden
1122 4167 1248 4220 konnen}
1284 4166 1370 4234 Kahn,

142 4261 304 4317 Gesehiehte
323 4263 371 4318 des
389 4263 593 4332 Kulturhampis
612 4263 639 4316 in
658 4262 859 4318 lkmnstdckeo
877 4279 902 4332 p.
917 4261 959 4316 92.
997 4259 1026 4314 F.
1045 4257 1081 4312 X.
1100 4255 1210 4310 Schulte
1228 4273 1254 4326 p.
1271 4256 1329 4311 170.

251 4353 279 4421 2)
298 4351 366 4406 Vide
385 4351 463 4422 plura
481 4353 513 4406 de
532 4369 564 4408 aa
582 4369 610 4406 re
629 4369 711 4422 supra
728 4369 753 4421 p.
773 4353 806 4406 31
823 4367 843 4406 s.
877 4349 912 4405 58
926 4366 948 4404 s.
1101 4407 1102 4412 .

252 4443 280 4512 3)
299 4441 338 4497 Gt.
358 4442 525 4497 Documenta
548 4443 581 4497 ad
606 4442 795 4496 illustrandum
814 4440 962 4496 Concilium
980 4437 1140 4492 Vaticanum
1159 4435 1200 4490 ed.
1219 4433 1370 4490 Friedrichs

140 4531 156 4585 1
176 4548 201 4600 p.
216 4530 277 4586 247.
298 4531 358 4587 250.
378 4532 439 4588 263.
475 4532 504 4587 Π
521 4549 546 4601 p.
563 4531 623 4586 383.
643 4531 703 4585 385.
723 4531 783 4586 392.
803 4531 864 4584 397.
883 4529 944 4584 400.

251 4621 279 4691 4)
298 4621 368 4676 Lord
386 4624 485 4690 Acten,
504 4637 553 4676 zur
572 4620 731 4674 Geschiehte
749 4620 797 4674 des
816 4617 1021 4673 Vaticanisohcn
1040 4614 1161 4671 Oenoilas
1179 4632 1205 4683 p.
1222 4617 1280 4668 114.

199 4727 409 4772 Schlettmanni
423 4727 526 4771 &remus
539 4727 651 4770 redivivus
664 4725 693 4768 11.
1177 4721 1210 4774 13
