3176 5064
230 279 282 333 350
714 277 819 328 Piens
838 279 950 328 Parosta

229 489 343 550 Eresmi
372 488 537 549 methodum
564 486 657 562 feriit,
686 503 771 560 quam
793 488 855 561 ipse
878 487 1053 562 gravissimis
1074 489 1106 546 in
1127 488 1215 548 rebus
1237 493 1354 548 secutus
1376 494 1453 548 erat

227 609 369 668 quemque
391 594 527 654 universe
549 591 674 652 ecclesia
697 593 866 666 evangelice
894 591 962 652 inde
987 592 1025 651 ab
1047 593 1098 652 illo
1121 598 1252 667 tempore
1276 595 1366 668 magis
1389 595 1453 652 rui-

227 715 317 758 nusve
341 704 441 758 secuta
464 702 515 756 est.
553 696 635 768 Quae
653 711 723 755 vero
737 695 883 755 Letherus
905 695 943 755 ad
965 695 1157 756 accusandam
1173 696 1288 756 Eresmi
1310 698 1450 757 frivolam

228 809 259 862 et
281 803 458 876 Epicuream
480 805 607 862 mentem
628 799 722 874 affert,
745 815 781 859 ea
803 800 900 859 omnia
913 801 1119 874 praecipitata,
1139 816 1215 860 vana
1229 807 1261 860 et
1276 802 1339 876 ipso
1354 803 1449 876 plane

226 906 346 981 indigua
369 912 444 966 sunt.
491 905 572 964 Haec
596 905 674 963 enim
695 905 742 963 vel
765 905 871 977 raptim
892 903 1017 978 legendo
1041 913 1071 965 et
1090 907 1167 965 mele
1188 906 1367 965 recordando
1385 905 1448 964 sibi

227 1008 363 1085 finxerat,
385 1010 431 1068 nel
453 1009 588 1081 aliorum,
612 1008 744 1066 fortassis
759 1007 929 1082 Amsdorlii,
949 1009 1172 1068 narratiunculis
1188 1007 1311 1068 credens
1327 1025 1449 1068 coacer-

226 1121 355 1174 vaverat.
411 1113 506 1185 Quare
535 1111 672 1172 Erasmus
706 1110 783 1170 haud
813 1115 939 1186 mutere,
970 1130 1058 1186 quum
1087 1113 1256 1173 contristato
1287 1114 1381 1172 animo
1412 1113 1446 1170 ei

227 1217 429 1294 responderet,
452 1221 570 1291 questus
594 1221 652 1290 est,
675 1216 751 1289 qued
772 1215 990 1276 tenebrionibns
1013 1219 1098 1277 nimis
1120 1216 1277 1278 flexibilem
1300 1233 1332 1276 se
1354 1233 1445 1292 prae-

227 1322 347 1381 buisset.
574 1382 576 1388 .

314 1426 411 1485 Pence
433 1425 555 1498 exempli
576 1440 663 1484 censa
682 1441 718 1484 ex
735 1423 856 1484 Lutheri
876 1426 998 1499 epistole
1016 1425 1067 1485 ille
1086 1441 1248 1501 excerpam.
1291 1425 1446 1500 Leguntur

226 1531 287 1588 illic
308 1529 397 1589 haec:
426 1529 532 1604 ‚Quum
553 1529 691 1588 Erasmus
712 1527 749 1588 de
770 1529 884 1588 Joanne
908 1531 1088 1604 evangeliste
1109 1535 1170 1588 tem
1192 1530 1297 1589 leviter
1319 1535 1351 1588 et
1370 1529 1444 1588 ridi-

230 1634 294 1692 cule
325 1633 411 1692 dicit:
448 1633 548 1693 Meros
578 1637 679 1706 crepat
708 1633 842 1706 mundos,
874 1631 1022 1692 feriendus
1052 1639 1097 1694 est
1121 1633 1232 1709 judicio
1258 1633 1378 1707 Epicuri
1409 1639 1443 1691 et

226 1737 386 1796 Democriti
409 1742 439 1795 et
458 1735 612 1796 dicendum
635 1737 677 1795 ei:
708 1736 796 1796 Disce
819 1737 856 1797 de
879 1739 1031 1812 maiestate
1053 1738 1130 1810 loqui
1152 1737 1353 1796 reverentius}
1400 1737 1443 1795 At

226 1841 284 1901 illia
311 1841 406 1900 verbie
427 1839 564 1900 lineam
584 1857 725 1914 nusquam
747 1857 814 1900 usus
836 1857 932 1915 neque
957 1857 1082 1915 unquam
1104 1841 1191 1901 aliter
1213 1847 1298 1915 atque
1328 1857 1441 1900 mmme

226 1945 389 2006 reverentie
426 1944 463 2004 de
499 1945 679 2020 evangeliste
715 1946 828 2004 locutus
867 1950 921 2006 est.
977 1945 1123 2005 Adversus
1161 1951 1292 2004 veterum
1326 1945 1442 2004 dubita-

225 2051 320 2110 tiones
349 2049 386 2108 de
414 2051 511 2123 priore
537 2049 660 2109 loannis
687 2049 809 2124 epistola
836 2049 1037 2123 adnotaverat,
1067 2049 1143 2108 hunc
1165 2049 1294 2123 ejusdem
1317 2050 1441 2124 apostoli

227 2170 307 2229 esee,
330 2154 378 2227 qni
394 2153 557 2228 scripsisset
572 2154 766 2228 evangelium,
781 2153 829 2213 vel
844 2171 880 2214 ex
893 2154 1033 2212 sermonis
1048 2153 1144 2214 eolore
1160 2155 1343 2228 conspicuum
1360 2169 1438 2213 esse:

226 2257 350 2334 ‚Multus
372 2263 418 2318 est
438 2259 469 2330 in
487 2260 634 2318 mentione
658 2259 732 2317 lueis
752 2273 787 2317 ac
810 2257 1009 2332 tenebrarum,
1031 2258 1110 2318 vitae
1134 2274 1169 2317 ac
1190 2259 1306 2332 mortis,
1329 2257 1388 2318 odii
1408 2263 1439 2316 et

226 2363 370 2436 salietis,
392 2363 422 2420 in
444 2361 584 2421 iterandis
606 2361 702 2422 verbis
723 2362 804 2422 velut
826 2363 955 2436 exeeptis
979 2379 1014 2422 ex
1036 2379 1168 2422 sermone
1185 2363 1323 2436 proximo.
1356 2361 1439 2434 Quod

225 2482 316 2541 genus
346 2471 391 2525 est
419 2465 506 2525 illud:
538 2465 635 2526 Nolite
665 2465 785 2541 diligere
814 2465 965 2541 mundum,
994 2481 1090 2540 neque
1118 2482 1251 2540 eaquae
1280 2467 1310 2525 in
1332 2465 1438 2526 mnodo

225 2575 300 2630 aunt.
345 2569 376 2630 si
398 2569 462 2642 quis
485 2567 579 2642 diligit
600 2569 750 2645 mundum,
780 2586 837 2629 non
864 2575 909 2630 est
931 2571 1038 2630 caritas
1061 2571 1152 2645 patris
1174 2571 1205 2629 in
1228 2587 1278 2645 eo,
1304 2571 1438 2644 quoniam

224 2689 308 2732 omne
334 2672 411 2746 quod
439 2674 469 2730 iu
497 2671 602 2731 mundo
630 2677 676 2732 est
703 2678 757 2732 eto.
802 2673 846 2732 Ac
873 2690 953 2734 mox:
983 2673 1050 2734 Non
1069 2679 1115 2734 est
1137 2691 1172 2734 ex
1195 2679 1294 2750 petre,
1326 2674 1439 2734 sodex

225 2776 331 2836 mundo
354 2781 412 2851 est,
435 2777 608 2836 otmundus
629 2778 741 2837 transit
779 2777 923 2850 Quantum
945 2780 993 2838 hic
1012 2783 1056 2839 est
1078 2778 1276 2838 mundoruml‘
1309 2779 1437 2852 Quorum

223 2881 376 2942 verborum
403 2881 467 2940 loco
494 2881 524 2938 in
551 2882 644 2941 altera
668 2881 795 2942 editione
818 2889 969 2956 posuerat:
1002 2883 1120 2954 Quoties
1142 2882 1189 2942 hic
1211 2884 1336 2942 iteretur
1356 2900 1439 2942 mun·

225 2985 293 3046 dnst
331 2985 426 3060 Atque
449 2986 480 3043 in
502 2981 559 3046 line
582 2986 793 3060 paraphraseos
813 2987 935 3046 loannis
957 2987 1084 3062 ffixerat,
1107 2987 1276 3062 ‚loannem
1299 2985 1438 3060 quemad·

223 3089 338 3150 modnm
359 3090 534 3165 peculiarius
554 3089 705 3150 adamatus
727 3089 831 3152 inisset
852 3106 870 3149 a
892 3091 1031 3165 Domino,
1061 3093 1103 3150 ite
1125 3091 1196 3150 nihil
1224 3091 1301 3150 eliud
1324 3091 1437 3164 spirare

223 3211 308 3269 quam
334 3209 429 3254 meros
458 3193 590 3254 amores!
634 3195 679 3254 Ex
700 3195 746 3254 his
768 3195 879 3255 dnobus
901 3195 972 3255 locis
994 3196 1151 3254 memoriae
1176 3196 1259 3268 lapsu
1284 3193 1438 3254 confictum

222 3299 294 3358 illud
327 3313 391 3358 esee
427 3297 556 3358 videtur:
596 3299 695 3359 Meros
729 3305 829 3374 crepat
865 3299 994 3359 mundos.
1017 3331 1059 3343 -
1091 3300 1194 3373 Neque
1227 3301 1338 3372 majore
1369 3301 1437 3373 jure

223 3401 368 3461 Lutherus
397 3402 544 3462 contendit
573 3401 725 3462 Ersemum
755 3405 785 3462 in
814 3405 937 3477 epistole
966 3404 1089 3478 quedem
1111 3399 1211 3484 (quem
1232 3419 1289 3462 uon
1311 3395 1438 3482 indicat)

223 3505 366 3564 obscoeno
387 3503 475 3564 verbo
497 3522 579 3564 usum
595 3521 659 3564 esse
682 3506 719 3566 de
733 3507 934 3566 incarnatione
950 3505 1003 3566 filii
1021 3507 1092 3582 Dei,
1115 3523 1201 3581 quum
1217 3507 1332 3566 locutus
1347 3505 1438 3564 fuerit

223 3609 260 3669 de
291 3608 367 3667 coitu
386 3607 443 3666 Dei
475 3624 540 3668 enm
561 3609 682 3685 virgine.
726 3610 766 3670 At
783 3610 923 3670 Erasmus
944 3627 1090 3686 nunqnam
1112 3617 1172 3671 tam
1194 3611 1283 3684 impie
1307 3614 1338 3670 et
1359 3610 1437 3669 bles·

222 3714 339 3788 phemo,
368 3727 454 3786 quem
481 3713 545 3787 ipse
568 3719 663 3788 vocat,
694 3729 826 3774 sermone
849 3731 917 3774 neus
940 3715 1043 3775 luerat
1097 3715 1133 3774 ln
1154 3714 1324 3788 paraphrasi
1348 3731 1436 3773 evan·

221 3817 291 3893 gelli
322 3817 434 3876 locutus
468 3823 514 3876 est
542 3816 579 3876 de
609 3824 723 3891 ‚saneto
752 3817 867 3878 divinae
897 3825 1051 3879 naturae
1083 3835 1147 3878 cnm
1174 3819 1300 3877 humana
1329 3816 1436 3892 coitu‘3

222 3923 336 3982 unionis
364 3921 484 3982 verbum
515 3921 553 3981 ad
583 3923 798 3996 exprimendum
822 3922 998 3983 Graecorum
1028 3911 1140 3981 ἕνωσιν
1167 3927 1200 3980 ut
1222 3922 1266 3996 ‚in
1290 3937 1326 3981 eo
1348 3937 1436 3980 sensu

221 4043 279 4086 uon
311 4025 382 4086 satie
409 4024 545 4084 latinum‘
575 4028 748 4100 evitarent,
779 4027 902 4088 fumasse
931 4033 1049 4102 propter
1078 4027 1245 4102 igriorautes
1275 4042 1333 4084 non
1364 4025 1434 4084 satis

220 4129 393 4204 prudentem
422 4128 475 4188 sed
495 4129 614 4190 verbum
638 4132 717 4190 coire
740 4133 858 4206 ejusque
881 4131 1013 4191 derivata
1035 4129 1110 4205 apud
1130 4129 1249 4189 Latinos
1265 4129 1434 4202 saepissime

220 4231 385 4294 verecunde
404 4232 536 4292 adhiberi
555 4251 607 4293 sno
622 4237 689 4308 jure
706 4234 835 4294 adnotat.
871 4235 967 4310 Atque
984 4235 1114 4309 eiusdem
1129 4233 1247 4310 generis
1262 4233 1322 4292 elia
1337 4233 1435 4292 omnia

220 4343 300 4412 sunt,
322 4351 397 4428 quae
419 4336 476 4396 huc
498 4338 653 4410 pertinent

307 4440 445 4498 Erasmus
467 4439 505 4498 ad
525 4441 677 4502 Amsdorfii
709 4443 860 4516 epistolem
887 4443 962 4502 haec
987 4442 1151 4518 respondit:
1182 4441 1250 4515 ‚ille
1272 4440 1433 4515 planstrum

219 4546 322 4614 sponte
344 4557 466 4613 pronum
488 4546 636 4604 commode
657 4547 795 4618 perculit,
818 4553 850 4602 ut
871 4551 1038 4620 contempto
1054 4546 1166 4605 Vicelio
1186 4544 1326 4602 Εηθηιιιθ
1347 4551 1432 4618 pete-
