3144 5092
245 213 281 268 98
789 211 877 267 Carus
894 211 928 265 V.

245 307 404 315 -——--—--

245 419 361 475 tauhun
388 415 487 475 dubiis
516 414 590 474 meis
618 415 734 475 abunde
762 413 933 474 satisfecisti
961 419 991 475 et
1012 431 1061 474 me
1083 431 1122 474 ex
1144 413 1326 490 labyrintho
1351 415 1506 474 ruditatis

245 527 275 582 et
297 523 479 599 ignorantiae
502 521 596 583 solida
618 527 670 582 tua
692 522 825 582 doctrina
843 539 898 582 ceu
917 521 1024 582 Thesei
1042 521 1093 580 filo
1112 521 1259 596 eduxisti,
1284 522 1346 582 sed
1364 522 1502 599 insuper

245 629 384 689 solatium
420 628 659 690 efficacissimum
692 635 722 690 et
750 629 897 706 judicium
928 647 998 689 vere
1028 628 1224 689 christianum
1258 627 1298 688 de
1334 631 1502 706 praesenti

244 737 395 798 Ecclesiae
424 741 503 798 statu
527 737 711 814 suggessisti.
756 735 819 796 Nae
842 740 876 796 tu
898 736 972 796 mihi
995 741 1098 814 terque
1121 741 1287 814 quaterque
1310 737 1434 796 beatus
1459 755 1500 810 ee

246 845 296 922 qui
325 849 386 904 tam
408 844 545 920 ingentes
568 843 722 904 thesauros
745 843 891 903 humanae
913 848 944 903 et
966 842 1083 902 divinae
1106 843 1247 904 scientiae
1269 843 1440 920 possides,
1471 855 1498 904 et

244 955 327 1010 mata
353 951 529 1012 dexteritate
556 951 647 1010 ardua
674 968 809 1028 quaeque
836 955 867 1011 et
888 950 1037 1010 communi
1060 951 1213 1010 hominum
1236 949 1419 1010 intellectui
1447 953 1497 1009 ab

246 1058 378 1118 scondita
408 1058 487 1118 nosti
519 1075 634 1133 eruere,
669 1058 802 1134 judicare
833 1063 863 1118 et
894 1056 1031 1136 scopulos
1063 1075 1194 1117 errorum
1225 1061 1256 1118 et
1288 1058 1494 1124 offendicula

245 1166 353 1243 quibus
384 1183 472 1225 nemo
503 1183 563 1226 nou
595 1165 651 1226 hac
682 1169 859 1243 tempestate
885 1164 1037 1242 impingit,
1068 1169 1129 1224 tam
1156 1169 1241 1224 caute
1268 1164 1436 1225 declinare
1466 1177 1494 1225 et

244 1273 384 1334 tirtutem
402 1273 435 1332 iu
452 1273 559 1332 mediis
576 1271 757 1333 anfractibus
775 1273 915 1333 vitiorum
933 1277 994 1332 tam
1013 1271 1145 1332 studiose
1163 1271 1255 1349 sequi.
1279 1305 1325 1314 —
1350 1273 1406 1332 Ad
1427 1273 1493 1332 exi-

245 1379 333 1438 mium
361 1379 564 1458 philosophiae
589 1380 787 1457 cognitionem
809 1380 890 1440 Deus
913 1397 999 1440 verae
1021 1379 1140 1457 pietatis
1164 1379 1274 1438 donum
1297 1379 1330 1438 in
1357 1383 1394 1439 te
1419 1398 1493 1439 coa·

245 1486 327 1561 tulit,
359 1486 401 1546 ita
428 1487 560 1566 quidem,
592 1493 626 1548 ut
657 1469 787 1548 humant
815 1487 961 1565 sapientia
987 1463 1165 1548 excura'in
1192 1491 1223 1546 te
1248 1486 1326 1545 ratio
1354 1488 1493 1546 minime

245 1599 393 1671 pervertat
421 1593 532 1654 Christi
565 1613 687 1655 sensum
719 1599 749 1655 et
779 1601 814 1654 tu
845 1595 955 1674 ubique
985 1594 1091 1672 judicii
1119 1594 1294 1654 dexteritate
1323 1595 1491 1670 praeditum

245 1700 404 1777 genuinam
436 1701 495 1761 scis
526 1701 759 1778 intellegentiam
791 1702 900 1780 eligere
931 1707 962 1762 et
992 1720 1095 1762 verum
1126 1719 1145 1760 a
1175 1701 1250 1761 falso
1281 1701 1490 1778 distinguere.

246 1808 332 1869 Certe
353 1807 555 1869 adhortatione
576 1809 642 1884 illa,
670 1829 759 1888 quam
782 1811 819 1870 de
840 1809 954 1870 afflicta
975 1809 1127 1870 Ecclesiae
1149 1807 1321 1868 condicione
1345 1813 1379 1868 et
1405 1828 1490 1868 cam·

244 1917 328 1976 muni
352 1916 489 1976 seandalo
512 1916 654 1994 injecisti,
677 1917 801 1978 mirifice
824 1935 891 1978 sum
914 1918 1037 1976 affectus
1060 1920 1090 1977 et
1113 1915 1266 1976 ereeus.‘¹

353 2023 490 2084 Ceterum
521 2024 682 2102 Keplerus,
719 2024 770 2084 ubi
801 2025 838 2084 ab
870 2025 985 2102 ingenti
1016 2023 1144 2084 visibilis
1175 2023 1280 2082 mundi
1312 2028 1485 2098 systemate

244 2132 363 2192 transiit
384 2131 422 2192 sd
444 2131 707 2209 contemplandum
727 2132 872 2192 mundum
889 2131 1084 2206 invisibilem,
1108 2129 1360 2208 sapientissimam
1379 2132 1483 2208 prori-

244 2239 376 2299 dentiam
407 2257 467 2300 uon
498 2243 614 2299 tantum
645 2239 677 2299 in
708 2239 824 2316 magnis
855 2239 944 2299 rebus
975 2239 1013 2299 ad
1040 2239 1209 2298 universam
1236 2236 1291 2296 Dei
1320 2237 1479 2298 civitatem

245 2346 461 2423 pertinentibus
494 2347 546 2407 sed
578 2348 668 2408 etiam
701 2347 733 2406 in
760 2346 860 2425 parvis
887 2347 966 2407 vitae
993 2347 1181 2424 quotidianae
1208 2344 1326 2404 <usibus
1355 2347 1479 2424 assequi

245 2453 351 2513 studet
394 2453 443 2514 Sic
465 2454 502 2514 de
524 2455 597 2515 inito
620 2455 806 2514 matrimonio
830 2473 883 2516 suo
906 2455 943 2514 ad
965 2453 1093 2514 anticum
1116 2453 1248 2513 scribens
1271 2457 1301 2512 et
1322 2453 1355 2511 in
1375 2454 1479 2513 multi·

244 2559 373 2637 plicibus
396 2578 471 2638 quae
494 2560 570 2620 illud
592 2566 813 2638 praecesseraut
835 2562 948 2622 eventis
971 2559 1106 2621 dinnum
1129 2558 1287 2620 consilium
1308 2559 1477 2637 inquirens,

244 2665 321 2724 nihil
344 2666 417 2726 dicit
438 2685 505 2726 esse
527 2668 619 2745 ,quod
643 2668 846 2746 scrupulosius
870 2669 1019 2730 examinet
1041 2668 1179 2746 quodque
1200 2668 1272 2726 adeo
1296 2667 1374 2727 scire
1397 2667 1476 2727 desi-

244 2773 339 2832 deret:
368 2773 395 2833 si
422 2774 496 2834 forte
519 2775 629 2850 Deum,
657 2792 747 2853 quem
774 2775 806 2835 iu
833 2777 926 2836 totius
953 2776 1085 2836 universi
1112 2774 1359 2852 contemplatione
1389 2776 1476 2852 quasi

243 2880 380 2941 manibus
407 2881 521 2959 palpet,
549 2881 627 2942 iutra
653 2900 686 2943 se
712 2883 812 2960 ipsum
839 2883 929 2944 etiam
957 2883 1091 2944 invenire
1118 2882 1233 2961 possit‘.
1283 2881 1348 2941 Hac
1375 2883 1474 2959 prori-

244 2989 344 3049 dentia
361 3003 364 3010 ·
379 2990 508 3050 confisus
545 2989 624 3050 inter
658 2991 834 3068 gravissima
869 2991 1066 3066 incommoda,
1103 2990 1212 3068 quibus
1244 2989 1353 3048 iterum
1384 2994 1474 3068 atque

243 3097 351 3157 iterum
378 3115 474 3176 usque
501 3098 538 3158 ad
565 3099 655 3158 finem
682 3117 751 3160 cum
778 3098 891 3158 familia
919 3117 973 3158 sua
999 3097 1133 3158 afflictus
1160 3101 1219 3171 est,
1251 3096 1384 3155 animum
1412 3115 1471 3156 uon

245 3204 402 3282 despondit
423 3223 521 3284 neque
543 3210 663 3284 propter
685 3211 804 3266 tenuem
827 3205 923 3283 ipsius
942 3206 1054 3266 victum
1073 3203 1258 3264 nobilissima
1275 3221 1346 3280 erga
1363 3221 1470 3280 egenos

244 3311 419 3373 liberalitate
440 3331 494 3390 pro
517 3314 630 3373 viribus
654 3313 698 3373 uti
720 3313 817 3373 desiit
863 3313 960 3374 Simul
982 3311 1082 3389 magni
1105 3329 1223 3389 semper
1244 3310 1316 3371 lecit
1338 3315 1469 3370 mutuam

244 3419 406 3479 amiccmm
428 3420 665 3481 consolationem.
712 3419 854 3480 Libenter
875 3425 944 3499 post
966 3420 1136 3481 carissimae
1158 3418 1293 3478 mulieris
1316 3418 1466 3478 decessum

245 3524 328 3602 probi
355 3525 438 3586 illius
466 3527 573 3587 medici
595 3528 681 3606 Papii
704 3527 934 3588 admonitionem
956 3527 1082 3587 audivit:
1111 3531 1154 3602 ,te
1175 3526 1274 3585 virum
1297 3525 1416 3585 ostende
1436 3527 1465 3584 in

244 3632 405 3709 doloribus,
433 3651 572 3712 expugna
599 3653 716 3694 omnem
743 3635 835 3694 animi
862 3653 1036 3710 moerorem,
1063 3639 1098 3693 ut
1121 3633 1322 3694 Christianum
1345 3632 1465 3692 militem

243 3741 343 3802 decet‘
384 3741 454 3820 Ipse
476 3743 586 3803 amicos
608 3741 677 3820 plus
700 3743 792 3803 semel
815 3743 961 3818 hortatur,
983 3748 1018 3802 ut
1040 3742 1073 3801 iu
1094 3760 1194 3802 rerum
1217 3757 1338 3801 suanam
1356 3739 1463 3800 vicissi-

243 3848 396 3909 tudinibus
423 3849 540 3910 divinae
567 3849 789 3928 gubernationis
817 3849 943 3926 vestigia
967 3849 1114 3926 indagent
1160 3848 1266 3926 Neque
1293 3865 1362 3908 eum
1384 3847 1462 3923 fugit,
1561 3889 1562 3916 ,

243 3974 333 4034 quam
359 3961 438 4017 arcte
466 3957 616 4018 interdum
642 3975 750 4036 parrae
777 3961 807 4018 et
835 3957 966 4035 privatae
988 3975 1036 4018 res
1059 3974 1128 4016 cum
1150 3955 1268 4033 magnis
1291 3960 1321 4015 et
1343 3953 1462 4032 publicis

242 4063 423 4124 cohaereant.
469 4065 631 4142 Praecipue
658 4065 691 4124 in
717 4064 769 4140 iis,
797 4082 873 4143 quae
899 4065 931 4123 ui
954 4064 1081 4142 quadam
1104 4063 1187 4122 fatali
1210 4062 1395 4138 singulorum
1414 4061 1461 4120 ho-

242 4169 357 4230 minum
383 4171 502 4250 ingenia
528 4171 566 4232 ad
592 4177 688 4233 certas
711 4172 854 4250 quasdam
879 4172 1086 4249 occupationes
1109 4170 1242 4244 trahunt,
1270 4169 1326 4228 Dei
1349 4187 1460 4228 manum

242 4279 400 4352 cognoscit.
447 4280 565 4356 ‚Fatum
588 4279 773 4358 quodpiam‘,
796 4279 908 4358 inquit,
932 4279 1060 4356 ,occidte
1082 4277 1218 4338 homines
1240 4277 1314 4336 ahos
1336 4276 1374 4334 ad
1394 4274 1460 4334 alias

349 4524 375 4593 1)
394 4525 496 4579 Ibidem
515 4543 539 4594 p.
558 4524 616 4579 138.
