3134 5054
255 287 308 341 320
759 287 859 338 Prema
878 286 994 338 Paronrs

253 516 352 559 omnes
373 499 501 576 agnitam
522 500 675 559 veritatem
699 497 815 558 fortiter
836 499 982 560 tuebatur.
1043 498 1138 574 Quod,
1161 499 1289 573 quisquis
1312 497 1471 558 difficulta-

252 609 311 680 tes,
342 603 446 678 quibus
471 604 522 662 ille
551 603 762 663 circumventus
792 609 871 678 erat,
902 605 982 664 clare
1003 604 1187 677 perspexerit
1212 605 1348 677 justeque
1377 605 1470 663 aesti-

252 709 391 782 moverit,
418 723 476 768 non
503 708 611 781 poterit
641 723 697 766 non
719 706 866 766 admirari.
925 707 1011 766 Licet
1031 708 1108 768 enim
1124 707 1189 782 plus
1211 709 1302 767 semel
1325 707 1473 766 labaverit

254 806 349 893 (cujus
371 811 416 870 rei
430 811 563 885 exempla
585 816 616 871 et
630 811 762 870 dedimus
784 818 815 872 et
836 809 913 870 inira
935 805 1093 892 dabimus),
1123 818 1222 871 tamen
1236 811 1332 870 denno
1354 827 1473 886 semper

251 916 414 976 exsurrexit
433 933 521 990 seque
543 915 712 976 sublevavit
757 915 906 990 Quumque
934 915 1126 991 impediretur
1146 918 1248 976 innata
1269 915 1391 990 quadam
1416 931 1472 973 an-

250 1021 363 1080 xietate
386 1025 417 1078 et
438 1019 607 1094 timiditate,
631 1035 667 1079 eo
687 1021 779 1095 magis
804 1019 965 1080 laudandus
987 1026 1046 1094 est,
1068 1021 1145 1094 quod
1168 1020 1304 1079 continuo
1326 1036 1469 1094 superare

250 1140 282 1183 se
305 1126 399 1198 ipsum
424 1124 502 1184 baud
522 1122 628 1183 frustra
651 1127 817 1184 tentaverit.
861 1125 964 1199 Neque
987 1125 1065 1185 enim
1088 1130 1147 1183 tam
1169 1125 1266 1198 pusilli
1289 1125 1376 1183 animi
1391 1129 1469 1198 erat,

250 1245 336 1303 quam
358 1227 444 1302 vulgo
466 1228 601 1288 creditur.
661 1229 725 1288 Hec
754 1247 790 1288 ex
820 1235 903 1302 parte
931 1245 1034 1288 recens
1063 1231 1151 1288 etiam
1182 1245 1308 1288 summus
1334 1228 1469 1302 scriptor,

251 1334 300 1406 qui
330 1333 404 1391 alias
430 1333 549 1407 egregie
581 1333 617 1391 de
640 1333 690 1392 illo
709 1333 864 1406 judicavit,
897 1333 974 1392 baud
996 1349 1096 1393 veram
1119 1335 1182 1407 ejus
1204 1334 1361 1406 imaginem
1381 1331 1468 1392 tinxit

252 1443 282 1498 et
301 1435 487 1510 designavit¹
531 1437 688 1512 Memorat,
708 1437 739 1496 id
761 1437 837 1511 quod
860 1437 911 1496 alii
934 1454 1000 1496 eum
1022 1439 1115 1497 secuti
1140 1438 1334 1510 iteraverunt,
1352 1440 1413 1511 jam
1430 1437 1468 1496 ed

251 1557 351 1600 vocem
372 1541 472 1600 mortis
493 1541 574 1600 illum
597 1543 813 1602 contremuisse.
852 1541 977 1600 ilerum
998 1541 1135 1600 Erasmus
1156 1541 1185 1600 id
1208 1557 1261 1614 pro
1281 1542 1466 1616 ingenuitate

252 1661 305 1704 sua
326 1645 363 1704 de
384 1644 600 1704 adulescentiae
623 1661 693 1705 suae
713 1651 843 1719 tempore
863 1645 986 1720 quodam
1009 1650 1118 1704 narrat
1172 1643 1311 1704 Ceterum
1334 1647 1468 1704 innume·

251 1749 291 1806 ris
305 1748 494 1822 epistolarum
517 1755 547 1806 et
561 1748 700 1808 librorum
720 1751 792 1808 locis
807 1749 873 1823 pie,
896 1750 1029 1823 copiose,
1049 1751 1112 1808 sine
1126 1749 1184 1808 ullo
1198 1749 1303 1808 timore
1319 1748 1356 1808 de
1371 1753 1465 1808 morte

250 1852 383 1926 loquitur.
442 1853 539 1926 Ipsum
560 1853 684 1927 sigillum
711 1852 826 1912 Erasmi
850 1853 1017 1912 Termiuum
1039 1851 1134 1912 Deum
1159 1854 1241 1926 quasi
1270 1854 1371 1912 mortis
1393 1855 1468 1911 ima·

250 1958 348 2031 ginem
382 1956 499 2016 exhibet
528 1973 592 2016 cum
622 1957 823 2030 inscriptione:
863 1955 942 2017 Cedo
969 1952 1075 2016 nulli.²
1126 1957 1206 2016 Bono
1231 1957 1327 2016 auimo
1353 1957 1468 2017 Melan·

251 2061 368 2120 obtboni
386 2060 529 2135 quondam
545 2061 671 2136 scripsit:
694 2059 738 2136 ,Si
761 2065 876 2120 constet
896 2061 972 2120 ratio
994 2061 1205 2134 conscientiae,
1225 2061 1298 2119 nihil
1322 2067 1367 2121 est
1389 2061 1466 2135 qaod

249 2171 390 2240 metuam,
412 2165 586 2239 quamlibet,
608 2170 641 2224 ut
657 2165 707 2224 isti
726 2167 853 2239 jactant,
875 2163 1087 2238 pusillanimis}

337 2270 428 2329 Immo
458 2269 488 2328 id
506 2272 572 2344 jure
593 2269 697 2342 aliquis
719 2269 839 2342 dixerit,
868 2268 983 2328 Erasmi
1005 2267 1189 2328 timiditatem
1209 2269 1334 2342 aliquam
1353 2275 1465 2342 partem
1555 2347 1556 2358 ἵ

250 2392 285 2434 ex
308 2375 444 2434 continuo
464 2373 558 2433 bonae
581 2373 777 2433 conscientiae
792 2372 889 2432 studio
911 2377 1004 2432 ortam
1027 2389 1100 2432 esso.
1145 2373 1256 2432 Anxius
1272 2373 1361 2432 etiam
1377 2377 1465 2446 atque
1555 2375 1556 2408 l

249 2479 352 2552 etiam,
375 2483 407 2536 ut
428 2477 523 2536 solent
543 2477 674 2536 homines
697 2478 734 2536 ad
756 2477 1027 2552 contemplationem
1045 2478 1136 2551 magis
1158 2493 1244 2550 quam
1267 2477 1304 2536 od
1317 2477 1463 2552 egendum

250 2583 327 2656 apti,
350 2580 471 2640 aliorum
493 2582 653 2640 sententias
675 2580 910 2655 diversarumque
933 2583 1057 2656 partium
1079 2582 1209 2641 rationes
1231 2581 1403 2655 perpendit:
1428 2579 1464 2638 de

249 2684 294 2744 his
322 2683 466 2758 omnibns,
496 2689 529 2743 ut
559 2685 667 2744 evitato
697 2685 851 2745 schismate
881 2686 1035 2745 universae
1066 2687 1209 2746 ecclesiae
1239 2685 1463 2759 prospiceretur,

249 2788 478 2863 religiosissime,
501 2789 663 2862 priusquam
686 2790 794 2862 aliquid
817 2795 970 2864 ageretur,
992 2790 1081 2849 statui
1095 2790 1193 2849 voluit
1238 2789 1336 2848 Etiam
1351 2789 1463 2849 Lutbe-
1554 2843 1555 2884 ἦ

249 2909 298 2952 rus
326 2892 409 2952 initio
439 2909 504 2952 oum
526 2892 647 2952 Erasmo
678 2893 816 2968 sperabat
844 2893 920 2968 sore,
953 2901 986 2954 ut
1013 2895 1151 2968 paulatim
1175 2895 1310 2953 universa
1336 2895 1463 2954 ecclesia

249 2997 392 3058 catholica
414 2995 631 3057 reformaretur.
678 2995 835 3056 Concilium
856 3015 925 3058 rere
948 2997 1072 3058 liberum
1095 3003 1126 3058 et
1145 2997 1348 3072 christianum,
1371 3001 1462 3072 'aquo

247 3108 291 3162 tot
312 3101 452 3161 malornm
474 3101 605 3163 remedia
628 3103 882 3177 exspectabantur,
905 3102 1040 3176 quamdiu
1063 3103 1191 3177 episcopi
1215 3102 1252 3161 ad
1267 3101 1463 3162 foedissimam

247 3208 415 3267 servitutem
442 3206 632 3282 jurejurando
662 3222 755 3281 papae
784 3207 916 3266 obstricti
946 3213 1043 3280 erant,
1073 3224 1131 3267 non
1161 3206 1225 3265 dari
1248 3207 1355 3266 sensim
1377 3205 1462 3266 intel·

246 3311 327 3370 texit
379 3311 490 3386 Quare,
525 3311 555 3370 id
586 3311 662 3385 quod
689 3327 776 3386 supra
809 3310 898 3370 iusim
930 3312 1141 3386 enarravimus,
1174 3299 1326 3370 universae
1368 3313 1461 3371 ceole·
1553 3291 1554 3362 ᾗ

247 3415 309 3472 siae
329 3413 452 3473 salutem
475 3414 589 3474 dianae
608 3416 809 3489 providentiae
832 3407 1055 3488 commenderis
1078 3415 1133 3474 sibi
1156 3415 1227 3474 satis
1249 3431 1312 3474 esse
1326 3414 1461 3486 dumont,
1553 3393 1554 3405 ¹

246 3515 296 3574 ubi
318 3517 363 3574 sui
385 3513 472 3576 olfioii
493 3524 585 3592 esset,
608 3518 786 3590 singularum
807 3519 969 3578 animarum
990 3523 1021 3578 et
1038 3519 1215 3592 singulorum
1238 3533 1307 3578 suae
1330 3519 1412 3579 urbis
1434 3521 1461 3576 et

247 3625 345 3680 terrae
379 3621 567 3680 ecclesiarum
604 3637 701 3680 curam
739 3622 865 3697 babere,
900 3623 1069 3696 ceteroquin
1102 3623 1213 3681 victrici
1252 3621 1334 3681 verbi
1370 3620 1460 3682 dirim

245 3725 395 3799 potentium
419 3721 572 3784 confidere.
631 3725 666 3785 ln
694 3727 843 3800 praesenti
873 3727 1018 3802 agendum
1048 3727 1103 3786 sibi
1131 3727 1242 3800 aliquid
1265 3741 1330 3786 esse
1353 3727 1460 3786 inritus

246 3829 308 3890 iere
331 3829 489 3904 intellexit;
510 3829 587 3902 quod
607 3827 694 3889 officii
716 3831 760 3890 sui
783 3847 847 3890 esse
869 3835 1055 3906 cognoverat,
1079 3830 1109 3889 id
1131 3835 1250 3905 propter
1273 3828 1364 3890 futuri
1390 3837 1459 3892 tem·

244 3936 325 4010 poris
346 3935 477 4008 pericula
499 3939 714 4010 procrastinare
737 3933 820 3996 nefas
842 3935 952 3996 babuit.
997 3936 1089 3994 Immo
1112 3935 1248 3995 similiter
1261 3941 1348 4009 atque
1365 3943 1458 3996 veter·

245 4039 311 4098 rimi
341 4037 497 4098 Christiani
525 4039 624 4098 mundi
653 4037 740 4098 linem
769 4041 1000 4114 appropinquare
1032 4039 1232 4114 existimabat,
1262 4054 1353 4112 quare
1375 4055 1457 4114 quau

245 4143 411 4217 celerrime,
441 4143 581 4216 quidquid
606 4141 671 4202 fieri
692 4149 826 4218 poterat,
857 4143 1021 4203 iaciendum
1049 4144 1077 4202 ei
1101 4142 1262 4202 videbatur.
1320 4143 1456 4202 Erasmus

244 4261 328 4321 vero,
351 4245 388 4305 de
410 4243 507 4306 futuro
531 4246 673 4307 ecclesiae
687 4251 819 4321 tempore
839 4247 990 4322 sollicitas,
1015 4247 1179 4321 praesentis
1194 4244 1290 4304 officia
1312 4247 1456 4319 prolatare
1551 4309 1552 4323 χ

334 4498 360 4563 1)
378 4497 410 4548 L,
427 4497 458 4546 de
470 4497 558 4546 Baubo
577 4497 595 4552 1.
612 4515 633 4550 c.
652 4497 678 4558 1,
700 4502 758 4550 180.

333 4581 359 4648 2)
378 4583 445 4645 Opp.
464 4581 502 4642 X,
523 4587 598 4633 ltus.
