3144 5092
652 301 740 356 Carne
758 301 791 354 V.
1284 305 1335 358 123

104 502 246 579 exempla
278 521 369 579 supra
400 503 568 579 attulimus,
605 503 755 581 Mirtcnis,
794 505 930 580 Castelli,
963 505 1086 581 Faillne,
1120 506 1335 584 Campanellae,

103 609 271 684 SteIIIolae,
299 610 437 686 aliorum,
466 611 518 688 qui
545 629 647 672 omnes
675 617 705 672 et
727 613 869 673 eccleSiae
891 619 921 674 et
943 613 1076 674 veritatis
1099 619 1230 674 amantes
1254 615 1336 674 simi·

102 718 177 778 liter
203 722 292 796 atque
314 717 475 795 Keplerus,
503 725 534 779 et
560 719 639 779 idem
665 725 700 779 ut
727 721 857 780 vidimus
880 721 1002 781 unitatis
1025 722 1203 782 christianae
1226 723 1336 783 studio-

105 826 260 900 sissimus,
289 827 447 903 sperabant
475 827 570 902 ,salvo
597 827 707 888 honoro
732 827 880 906 judicum‘
909 830 983 904 fore,
1011 833 1045 888 ut
1067 830 1258 908 praecipitata
1281 830 1336 891 Co·

105 933 260 1011 pernicani
279 933 449 1009 systematis
468 935 672 995 condemnatio
690 936 845 996 tolleretur
863 935 964 1015 itaque
982 941 1012 998 et
1026 937 1162 1015 religioni
1177 943 1206 997 et
1219 938 1336 998 veritati

104 1041 226 1101 debitus
248 1041 342 1101 honor
363 1042 542 1102 redderetur.

214 1148 319 1227 Neque
341 1149 470 1209 dubitari
488 1153 586 1227 potest
605 1151 677 1228 quin
697 1150 860 1227 Galilaeus,
885 1171 977 1230 quum
995 1153 1180 1214 temerariam
1198 1153 1336 1214 ecclcsia-

105 1257 249 1316 sticorum
282 1257 418 1334 judicum
454 1258 650 1334 ignorantiam
682 1259 847 1336 deploraret
879 1279 913 1319 ac
944 1261 1101 1335 derideret,
1140 1262 1236 1338 ipsam
1267 1279 1336 1322 vero

106 1364 263 1424 ecclesiam
291 1365 482 1424 christianam
509 1366 573 1442 pari
601 1384 719 1443 semper
741 1367 850 1444 pietate
872 1367 1111 1444 amplecteretur,
1138 1373 1336 1428 uenientum

105 1472 231 1532 eandem
258 1471 340 1531 illam
364 1491 447 1550 spem
471 1473 589 1548 foverit,
617 1493 719 1533 rerum
743 1475 831 1534 etiam
854 1493 937 1550 mox,
965 1475 1063 1534 animo
1087 1494 1119 1536 sc
1142 1476 1284 1553 colligens
1307 1481 1337 1537 et

105 1581 299 1655 confirmans,
326 1580 364 1638 ad
391 1580 579 1640 efficiendum
606 1582 638 1640 id
665 1581 744 1659 quod
771 1583 907 1659 sperabat
934 1601 1036 1644 omnes
1063 1582 1141 1644 vires
1168 1584 1336 1644 intenderit.

106 1687 167 1748 Sed
195 1688 251 1748 sibi
277 1688 418 1764 maxImc,
447 1689 666 1766 suspicionibus
689 1690 902 1766 circumvento,
930 1692 1171 1768 praepotentibus
1193 1691 1226 1751 in
1249 1690 1338 1752 Curia

105 1795 298 1872 adversariis,
326 1797 488 1856 cavendum
516 1815 595 1872 esse,
623 1816 673 1872 ,ne
700 1798 894 1858 dormientem
921 1817 1024 1859 canem
1052 1800 1233 1875 suscitaret‘,
1261 1818 1337 1858 nurr·

107 1921 198 1981 quam
225 1921 285 1964 non
312 1905 524 1964 recordabatur.
571 1905 703 1982 Impigre
730 1906 861 1983 perrexit
887 1925 963 1983 opus
991 1907 1068 1966 illud
1094 1926 1147 1984 pro
1176 1907 1336 1984 copemioo

106 2029 295 2088 praeparare,
319 2012 398 2090 quod
418 2013 593 2090 jamdudum
617 2031 649 2073 se
671 2013 807 2072 molitum
830 2031 896 2073 esse
919 2014 1047 2091 Keplero
1071 2015 1236 2092 scripserat
1278 2014 1336 2074 Sed

106 2137 147 2178 ne
172 2119 244 2197 quid
262 2137 375 2195 eorum,
400 2138 475 2198 quae
493 2121 553 2180 huc
571 2121 754 2198 spectabant,
778 2121 1028 2196 circumferretur,
1051 2140 1105 2199 per
1123 2121 1225 2199 plures
1243 2139 1337 2182 annos

107 2227 199 2288 anxie
222 2227 359 2305 previdit.
405 2227 527 2287 Meliora
549 2233 681 2305 tempora
703 2228 902 2305 exspectanda
924 2229 981 2288 sibi
1005 2247 1071 2289 esse
1093 2230 1238 2289 censebat

216 2333 297 2409 Quae
328 2339 443 2395 mortuo
474 2335 567 2396 Parde
589 2335 640 2411 V.,
672 2335 837 2395 litterarum
870 2354 966 2411 osone,
996 2336 1058 2412 jam
1085 2337 1211 2397 emicare
1237 2337 1337 2414 alique

107 2443 194 2503 modo
225 2442 407 2504 ridebantur.
464 2442 580 2521 Quippe
616 2444 695 2522 aprrd
726 2443 809 2504 illius
841 2461 1042 2504 successorem
1074 2443 1248 2522 GregorIum
1270 2444 1336 2504 XV.

107 2551 230 2610 litterati
261 2551 409 2626 homines,
446 2550 569 2611 Galilaei
602 2551 701 2627 amici,
733 2552 871 2629 inprimis
900 2552 1076 2612 Caesarinus
1104 2557 1134 2612 et
1160 2552 1338 2613 Barberinus

108 2658 293 2734 Cardinales,
317 2659 460 2736 paulatim
483 2677 614 2720 crescere
637 2664 804 2738 coeperunt.
851 2660 898 2719 Ad
921 2678 1072 2720 summum
1094 2679 1163 2720 vero
1186 2661 1339 2737 fastigium

108 2767 220 2843 optima
251 2785 385 2844 quaeque
418 2785 487 2844 spes
518 2768 691 2844 pervenisse
723 2768 787 2828 risa
819 2773 864 2828 est
892 2787 969 2828 anno
997 2769 1091 2828 seculi
1118 2767 1247 2844 XXIII,
1280 2787 1339 2846 quc

108 2874 235 2934 Maffeus
257 2874 310 2934 ille
332 2874 512 2934 Barbariana
536 2875 715 2950 CardinaliS,
738 2895 756 2934 a
779 2877 954 2953 Purpuratis
977 2881 1045 2953 post
1067 2877 1155 2953 longa
1178 2877 1338 2936 certamina

108 2983 141 3040 in
169 2982 301 3042 conclavi
329 2982 455 3058 electus,
483 2982 595 3042 Urbani
613 2983 697 3042 VIII.
721 2983 841 3043 nomiae
868 2985 968 3043 sedem
991 2983 1152 3044 Romanam
1175 2984 1336 3060 occuparit.

108 3090 168 3150 Hic
190 3089 270 3150 enim
293 3090 352 3164 vir,
375 3089 541 3150 litterarum
564 3090 775 3165 amicissimus,
799 3091 879 3149 varia
902 3090 1035 3150 doctrina
1056 3090 1201 3164 imbutus,
1224 3091 1337 3166 ingenii

109 3197 189 3258 haud
221 3197 429 3258 contemnendi
460 3201 548 3274 podia
575 3197 713 3272 latinus,
746 3196 911 3258 Galilaeum
943 3215 1059 3256 summa
1090 3196 1281 3256 admiratione
1309 3202 1338 3256 et

109 3306 209 3364 favore
240 3305 478 3382 amplectebatur.
530 3303 625 3379 Quem
656 3323 716 3364 non
747 3308 863 3364 tantum
894 3304 1005 3363 Rornae
1037 3321 1070 3362 eo
1102 3309 1247 3380 tempore,
1280 3315 1338 3382 quo

109 3417 241 3489 systema
274 3413 507 3490 Cepernieanum
539 3413 710 3472 damnatum
742 3417 799 3486 est,
835 3429 895 3470 una
926 3430 994 3472 cum
1027 3411 1205 3471 Bellarminc
1237 3415 1338 3471 contra

108 3521 319 3580 monachorum
346 3521 476 3580 furorem
502 3521 684 3596 defenderat,
713 3519 764 3579 sed
792 3520 880 3580 etiam
907 3519 1062 3580 convivam
1089 3519 1145 3578 sibi
1168 3519 1338 3594 adduxerat,

108 3630 141 3688 in
169 3627 398 3688 familiaritatem
426 3633 590 3706 acceperat,
617 3629 654 3687 ad
678 3627 933 3688 sermocinandum
956 3627 993 3688 de
1015 3631 1119 3686 natura
1140 3645 1239 3686 rerum
1262 3627 1338 3686 inri-

108 3741 229 3796 taverat.
284 3735 420 3796 Eundem
453 3737 567 3814 spirant
598 3735 730 3794 entmum
763 3741 876 3812 septem
909 3735 974 3811 ejus
1007 3734 1149 3811 epfetolae
1180 3735 1218 3793 ad
1250 3734 1337 3792 illum

108 3845 249 3921 scriptae,
278 3844 386 3922 quibus
414 3845 551 3904 omnibus
578 3843 745 3920 ingenium,
774 3861 874 3920 opera,
903 3843 1023 3902 inventa
1046 3843 1110 3918 ejus
1133 3841 1240 3901 blande
1262 3841 1337 3901 cele

108 3953 186 4028 brat,
210 3970 264 4012 sua
287 3970 467 4030 suorumque
490 3953 587 4012 officia
610 3957 692 4028 grate
715 3953 813 4025 offert,
842 3969 959 4028 semper
981 3949 1213 4026 ,deditissimum
1235 3949 1337 4008 frater-

108 4060 223 4120 culum‘
252 4077 285 4120 se
308 4059 520 4121 subscribens.1
566 4059 697 4134 Quarum
720 4059 912 4137 epistolarum
934 4058 987 4117 uni
1010 4075 1128 4118 carmen
1151 4055 1276 4126 addidit,
1304 4061 1338 4116 ut

108 4169 174 4245 Ipse
201 4167 286 4242 dicit,
318 4167 351 4226 in
379 4167 505 4228 Galilaei
532 4168 670 4227 honorem
701 4167 925 4245 compositum.²
969 4165 1025 4242 Ea,
1053 4183 1142 4243 quam
1169 4168 1338 4224 annoanlo

108 4287 322 4296 ——-

217 4344 244 4412 1)
263 4341 393 4412 ,Fratollo
412 4341 663 4397 affezionatissimo‘.
694 4341 779 4411 Opere
799 4341 826 4394 di
845 4339 901 4395 Gal.
921 4339 987 4394 VIII
1003 4341 1062 4393 173.
1090 4338 1180 4392 Melici
1198 4339 1337 4394 Barberini

107 4432 212 4487 Iltterae
231 4433 265 4486 ad
285 4431 432 4486 Galilacum
451 4431 564 4502 scriptae
583 4448 668 4500 nuper
686 4431 795 4486 demum
813 4431 962 4500 pubIIcatac
981 4431 1051 4484 sunt

216 4521 243 4592 2)
262 4522 363 4576 Ibidem
377 4521 445 4577 VIII
459 4521 520 4576 428.
548 4521 645 4576 Scribit
663 4522 696 4574 de
715 4521 831 4575 carmine
851 4519 913 4573 cllc:
933 4520 1011 4588 ,11111
1029 4518 1073 4572 iile
1092 4519 1126 4572 da
1143 4519 1249 4574 notarri
1268 4518 1337 4574 sela·

107 4613 197 4668 mente
220 4611 241 4666 it
264 4612 316 4667 mie
336 4611 441 4682 adetto,
464 4613 568 4666 mentre
590 4611 616 4666 lo
635 4611 762 4681 pretende
785 4609 809 4664 d’
829 4609 974 4665 illustrarlo
993 4608 1035 4664 col
1053 4625 1119 4680 puro
1138 4625 1188 4666 sac
1206 4625 1284 4666 nome
1302 4639 1336 4649 -
