3156 5056
250 275 302 331 216
725 273 830 324 Paleris
855 271 971 324 Parcius

246 492 377 566 loquens.
423 490 558 551 Ceterum
580 489 705 563 cujusvis
725 488 824 564 populi
847 487 998 548 chrictiani
1020 486 1175 548 ecclesiam
1195 485 1249 546 sub
1267 503 1318 546 suo
1331 486 1461 546 Primate

248 601 279 655 et
306 597 476 656 consistorio
505 594 654 654 liberrime
682 591 911 653 constituendam
937 609 1002 652 esse
1025 593 1155 666 censuit3
1181 591 1302 666 Papam,
1329 591 1462 666 deposito

248 700 327 760 omni
349 698 426 760 lustu
449 705 480 760 et
501 699 624 773 imperio
647 698 785 772 hnmano,
807 701 952 770 pastorem
975 712 1044 756 vere
1066 697 1254 758 christanmr
1276 694 1342 756 lieri
1360 697 1461 770 voluit,

245 805 288 866 sic
318 812 350 866 et
378 806 433 880 ipsi
464 810 494 865 et
519 803 716 864 cardinalium
746 802 880 876 collegio,
910 819 946 862 ex
975 801 1032 876 piis
1058 802 1236 876 eruditisque
1263 802 1333 860 viris
1355 801 1461 860 consti-

244 909 366 985 tuendo,
397 910 485 970 etiam
514 909 635 983 posthac
665 923 804 967 summam
833 906 977 980 quandam
1004 906 1176 980 dignitatem
1202 913 1233 966 et
1259 907 1461 966 anctoritatem

244 1013 428 1074 tribuendam
450 1029 529 1088 esse,
559 1029 617 1087 qna
639 1013 677 1072 ad
702 1011 878 1072 christianae
898 1011 1078 1085 reipublicae
1100 1011 1240 1085 amntem,
1270 1011 1400 1084 inprimis
1421 1010 1462 1068 ad

245 1119 416 1179 servandam
452 1119 579 1178 omnium
608 1097 780 1192 ¹primatium
817 1117 1062 1190 ecclesiarumque
1098 1115 1280 1176 concamium
1314 1113 1462 1190 sapienter

245 1227 413 1296 serenum
443 1240 531 1297 quum
557 1239 626 1283 vero
655 1219 788 1281 Pontifex
818 1222 930 1280 vinctus
958 1237 977 1279 a
1008 1219 1095 1280 Ousia
1124 1221 1212 1280 talem
1239 1236 1338 1280 veram
1369 1217 1461 1278 reior-

245 1329 403 1388 matiouem
426 1343 571 1402 nunquam
594 1326 770 1389 mmissmm
795 1331 886 1400 esset,
908 1341 973 1384 cum
995 1342 1030 1385 eo
1053 1325 1196 1400 agendum
1214 1340 1278 1384 esse
1301 1323 1459 1384 secundum

246 1431 366 1492 verbum
395 1431 514 1506 Christi,
543 1433 592 1506 qni
620 1437 721 1491 conma
749 1431 876 1506 singulos
906 1431 1037 1490 homiues
1064 1435 1234 1504 peccantes,
1266 1431 1291 1488 si
1318 1431 1461 1504 privatam

247 1533 473 1596 admonitionem
502 1537 692 1611 sprevissent,
721 1537 886 1595 universam
915 1535 1069 1594 ecclesiam
1097 1535 1301 1608 appellandum
1323 1551 1388 1594 esse
1409 1535 1462 1594 do-

247 1635 380 1700 cuisset¹
420 1640 515 1712 Quare
536 1639 681 1700 Lutherus
704 1638 874 1714 Caesarem,
896 1641 1058 1714 principes,
1081 1639 1262 1699 nobilitatam
1284 1638 1459 1698 Germaniae

247 1745 394 1819 hortatur,
425 1751 457 1804 ut
486 1745 625 1818 quidquid
654 1762 745 1818 penes
774 1746 852 1819 ipsos
880 1746 918 1804 sit
943 1743 1054 1804 iacmnt
1075 1743 1113 1804 ad
1135 1743 1371 1820 congregandum
1392 1761 1460 1803 con·

247 1849 346 1909 cilium
363 1849 556 1924 ¹christianum
578 1857 610 1908 et
631 1847 767 1924 liberum,
790 1866 886 1924 neque
907 1850 1096 1910 sacramentis
1110 1846 1242 1909 Pontifici
1261 1849 1346 1908 dictis
1365 1865 1460 1923 neque

247 1953 443 2014 decretalibus
473 1953 625 2028 papalibus
658 1954 852 2028 obligandum.
913 1954 959 2014 Ne
990 1954 1145 2013 concilium
1174 1953 1290 2028 quidem
1321 1953 1460 2028 generale

247 2059 310 2118 ialli
338 2060 468 2120 necdum
499 2076 562 2120 esse
586 2065 674 2119 autea
698 2058 916 2133 declaraverat;
944 2061 1021 2132 ipsos
1043 2059 1177 2133 Papistas
1199 2057 1370 2119 ostenderat
1390 2059 1460 2116 risui

246 2164 382 2226 habuisse
412 2164 600 2226 concliorum
628 2161 729 2239 fidem,
762 2181 849 2238 quum
873 2179 966 2238 nuper
994 2164 1094 2223 servili
1122 2180 1173 2223 sno
1196 2163 1317 2223 concilio
1339 2163 1459 2222 Latera·
1503 2243 1505 2246 Ι

247 2269 330 2330 nensi
359 2271 390 2330 id
419 2271 618 2345 sustulissent,
647 2269 723 2343 quod
752 2285 771 2328 a
799 2269 921 2328 concilio
949 2267 1163 2328 Oonsmntiensi
1193 2269 1342 2328 decretum
1373 2273 1459 2340 esset,

246 2371 398 2434 concilium
431 2389 496 2434 esse
525 2389 613 2449 supra
643 2373 761 2448 Papam.
804 2373 895 2432 Immo
924 2389 956 2432 ae
991 2373 1094 2433 timere
1123 2373 1252 2448 dixerat,
1282 2387 1319 2431 ne
1347 2371 1461 2446 quando

246 2476 381 2538 Pontifex
402 2495 456 2552 per
472 2479 530 2538 vile
552 2478 733 2538 adulatorum
756 2478 909 2538 concilium
931 2477 1061 2537 dominus
1084 2483 1115 2538 et
1137 2477 1324 2538 conciliorum
1347 2483 1378 2536 et
1398 2478 1462 2536 uni·

248 2597 349 2641 versae
378 2583 519 2642 ecclesiae
549 2580 611 2640 falli
638 2583 753 2641 nescius
783 2582 991 2642 declararetur.
1035 2581 1117 2654 Quae
1148 2583 1210 2656 ejus
1239 2583 1344 2656 verba,
1374 2599 1461 2656 quum

247 2700 365 2760 revera,
394 2691 427 2744 nt
448 2685 551 2760 aliquis
570 2685 656 2760 dixit,
688 2687 771 2760 quasi
792 2687 961 2746 vaticinium
983 2687 1043 2746 sint
1065 2703 1179 2762 eorum,
1210 2703 1284 2760 quae
1309 2703 1362 2746 uos
1384 2686 1462 2745 iacta

248 2805 313 2849 esse
342 2790 449 2850 nostris
477 2789 579 2849 diebm
608 2789 745 2864 vidimus,
774 2791 864 2864 digna
894 2798 961 2852 sunt
988 2806 1064 2866 quae
1084 2793 1184 2850 etiam
1211 2791 1260 2850 hic
1293 2790 1461 2851 alterantur.

248 2893 394 2969 ‚Videmus
416 2900 514 2954 nostro
537 2895 636 2954 seculo
658 2894 802 2971 surgere‘,
824 2895 931 2972 inquit,
955 2896 1187 2970 ,nocentissimos
1209 2895 1389 2970 adulatores,
1410 2897 1461 2968 qui

247 3015 386 3060 summum
408 2997 576 3060 Pontificem
596 3000 674 3059 ultra
697 3000 820 3059 concilia
843 3000 973 3077 elevent,
995 3001 1160 3060 scilicet‘ut
1181 3017 1239 3060 uno
1262 3001 1384 3060 concilio
1405 3015 1461 3072 per

247 3104 369 3164 alterurn
398 3104 567 3180 reprobato,
597 3104 707 3164 nullum
737 3105 820 3164 nobis
851 3110 963 3166 certum
988 3105 1187 3179 relinquatur,
1216 3104 1337 3164 tandem
1364 3105 1462 3164 omnia

247 3226 306 3269 una
327 3211 478 3271 conculcet
501 3226 575 3269 unus
597 3209 681 3270 homo
697 3209 792 3284 Papa,
815 3209 893 3269 idem
915 3227 1003 3284 supra
1025 3209 1179 3270 concilium
1202 3215 1233 3268 et
1251 3209 1341 3280 intra,
1364 3225 1461 3283 supra,

248 3314 315 3373 dum
336 3320 432 3387 potest
453 3315 606 3388 damnare,
636 3315 728 3390 inira,
758 3315 826 3374 dum
848 3316 955 3388 accipit
976 3331 994 3375 a
1015 3315 1139 3374 concilio
1160 3315 1364 3374 auctoritatem
1388 3319 1462 3372 tam-

248 3432 334 3490 quam
363 3433 381 3476 a
408 3419 522 3492 majori,
550 3435 608 3492 qua
636 3416 687 3479 fiat
715 3436 803 3493 supra
833 3419 993 3480 concilium.
1045 3417 1118 3479 Sunt
1144 3435 1258 3493 quoqne
1281 3419 1330 3492 qui
1351 3418 1461 3492 Papum

249 3536 307 3580 non
335 3537 420 3593 posse
450 3537 550 3580 errare
579 3528 610 3582 et
639 3539 726 3596 supra
752 3522 929 3598 Scriptnram
957 3540 1022 3585 esse
1045 3523 1292 3598 impudentissime
1314 3523 1459 3598 jactitant,

248 3641 323 3699 quae
345 3629 473 3684 monstra
493 3626 519 3683 si
538 3625 664 3686 mmisss
677 3624 801 3702 luerint,
821 3627 971 3703 Scriptura
984 3629 1086 3703 periit,
1108 3633 1266 3702 sequenter
1281 3636 1312 3688 et
1327 3627 1458 3696 ecclesia,

247 3747 283 3790 ac
305 3729 377 3790 nihil
399 3729 542 3803 reliquum
564 3730 621 3788 erit
642 3731 699 3790 nisi
721 3730 841 3791 verbum
863 3733 988 3792 hominis
1010 3733 1041 3792 in
1059 3705 1193 3793 ecclesia
1238 3731 1296 3791 Sed
1318 3735 1460 3805 quaerunt

247 3836 278 3895 hi
305 3835 472 3896 adulatores
499 3833 650 3910 iuvidiam,
679 3834 786 3896 deinde
815 3839 930 3896 ruinam
958 3843 988 3896 et
1012 3838 1177 3922 perniciem
1194 3836 1344 3896 Romanae
1367 3835 1458 3894 eccle-

247 3937 349 4002 naef²
396 3939 479 4000 Haec
512 3940 609 4000 omnia
638 3939 760 4001 timebat
789 3941 948 4017 Lutherus,
986 3941 1038 4002 sed
1065 3939 1213 4015 prohiberi
1245 3955 1282 3998 ea
1309 3955 1395 4014 posse
1424 3953 1459 3996 ac
1549 3941 1550 3974 r

247 4044 356 4104 debere
386 4043 517 4105 credidit
563 4043 659 4116 Quare
690 4052 804 4120 emant,
831 4048 880 4121 qui
910 4063 976 4106 eum
997 4062 1057 4105 non
1085 4045 1141 4105 sibi
1164 4044 1326 4104 constitisse
1348 4048 1458 4118 putsnt,

247 4165 334 4221 quum
363 4149 468 4208 iterum
495 4149 658 4223 iterumque
687 4151 726 4211 ad
755 4151 909 4212 concilium
939 4150 1079 4225 generale
1108 4155 1288 4224 provocaret
1340 4149 1458 4221 Semper

334 4401 472 4467 1)Metth.
493 4406 535 4466 us,
555 4405 675 4455 re-rv.

334 4487 361 4554 2)
378 4489 455 4553 Apud
473 4488 644 4539 Loeselrarum
663 4487 691 4538 iu
709 4489 773 4539 actis
791 4488 981 4544 reformationis
999 4490 1040 4552 11,
1059 4494 1118 4543 549.
1153 4487 1192 4544 of.
1215 4487 1315 4550 Koite,
1339 4487 1459 4538 Luther'a

247 4574 365 4642 Stellung
383 4593 415 4628 ιιι
433 4575 524 4628 Concil
541 4575 593 4628 und
607 4575 705 4626 Kixche
723 4591 750 4642 p.
762 4581 802 4628 36.
