3202 5058
252 300 287 353 56
726 297 828 346 Pnnuus
856 295 970 343 Palosis

251 521 307 588 tur,
340 514 390 586 qui
422 529 453 570 se
485 512 554 571 ioris
591 513 771 586 corriperent
806 515 836 569 et
868 507 999 581 perfecte
1032 505 1253 579 loquerentnr3‘
1288 509 1466 577 quaprapter

253 619 393 691 scriptum
421 624 477 676 est:
511 615 654 690 ,prudens
684 616 715 673 in
745 621 875 688 tempore
906 613 957 670 illo
978 611 1104 685 tacebit,
1137 603 1213 683 quie'
1226 615 1340 682 tempus
1359 608 1466 667 malum

254 719 338 782 est.‘¹
383 721 441 781 Sed
463 737 500 780 ea
529 727 628 779 nostro
657 727 788 794 tempore
820 717 962 776 eeclesiae
985 716 1132 775 Romanae
1159 714 1316 773 infelicitas
1346 721 1405 786 est,
1435 719 1468 771 nt
1577 737 1578 752 ι

253 827 389 900 piissimis
415 825 728 900 praestantissimisque
757 825 820 897 ejus
847 821 1009 894 sodalibus,
1037 821 1125 880 etiam
1155 819 1318 878 lectissimis
1341 825 1374 876 ut
1395 818 1468 878 vidi-

254 947 317 988 mus
340 929 468 1004 ieminis,
505 946 543 988 ne
576 934 676 988 tacere
710 927 827 1002 quidem
859 925 987 1000 licuerit,
1021 923 1074 982 sed
1105 929 1137 982 ut
1160 939 1234 996 quae
1261 922 1382 982 credere
1410 939 1468 980 non

252 1040 388 1108 poterant
420 1034 502 1107 qnasi
536 1033 648 1092 credita
681 1049 731 1092 eos
761 1031 893 1092 confieri
915 1029 1091 1104 postulatum
1109 1031 1155 1088 sit.
1200 1028 1232 1087 Si
1252 1027 1283 1085 in
1304 1041 1409 1101 magna
1432 1043 1468 1086 ea

253 1139 394 1212 eeclesia,
425 1140 472 1196 oui
499 1143 560 1196 toto
591 1139 687 1197 animo
711 1135 803 1196 dediti
826 1141 925 1210 erant,
956 1149 1129 1207 permanere
1152 1133 1321 1204 voluerunt,
1348 1136 1468 1205 accepte

254 1247 356 1302 contra
378 1243 584 1302 conscientiam
605 1259 679 1302 nouo
701 1242 836 1317 dogmate
859 1240 966 1298 idolum
987 1240 1018 1297 in
1041 1239 1183 1298 Vaticano
1205 1241 1335 1295 erectum
1354 1238 1415 1311 jam
1438 1243 1470 1294 et
1579 1319 1580 1326 ἵ

254 1347 325 1420 ipsis
353 1345 530 1406 adurendum
556 1353 629 1407 erat.
680 1346 837 1406 Caesarum
858 1344 1035 1418 quorundam
1055 1341 1147 1402 seculi
1173 1341 1376 1400 infelicitatem
1395 1357 1469 1399 unus

224 1509 229 1518 ,
258 1451 423 1524 aequalium
446 1467 511 1510 eam
534 1451 622 1510 iubae
643 1452 751 1526 innuit,
774 1457 807 1510 ut
828 1466 922 1522 neque
945 1449 1055 1508 sentire
1077 1463 1151 1520 queo
1172 1447 1244 1506 velis
1263 1461 1357 1518 neque
1373 1445 1471 1504 dicere

255 1571 329 1629 qnae
362 1555 471 1614 sentias
509 1555 632 1614 licuerit.
678 1555 760 1626 Quod
788 1555 877 1613 multo
906 1553 994 1612 etiam
1024 1552 1147 1626 jnstius‚
1177 1566 1262 1624 quam
1295 1549 1332 1609 do
1363 1550 1470 1608 veteris
1580 1577 1581 1584 ι

256 1659 382 1732 imperii,
421 1659 458 1718 de
488 1660 630 1719 ecclesiae
660 1659 808 1719 Romame
844 1657 997 1732 tyrannide
1032 1655 1276 1731 pronuntiandum
1306 1662 1358 1715 est
1415 1655 1472 1712 Hic

261 1763 339 1823 enim
367 1763 486 1823 intimae
519 1764 663 1824 hnmanae
692 1765 797 1823 mentis
823 1763 1013 1836 cogitationes
1042 1767 1125 1821 tanta
1151 1765 1228 1836 arte,
1263 1755 1371 1833 quanta
1400 1759 1473 1818 alias
1581 1829 1582 1854 χ

257 1867 371 1942 nullibi,
405 1868 488 1940 quasi
524 1866 577 1926 sub
608 1870 709 1943 jugum
746 1869 851 1928 missae
894 1872 968 1927 sunt.
1034 1865 1251 1926 sanctissimum
1283 1863 1474 1924 confessionis
1581 1869 1582 1872 ’

256 1977 441 2046 peccaterum
475 1978 688 2031 sacramentum
716 1973 835 2046 politiae
878 1971 1095 2032 ecclesiasticae
1125 1970 1260 2030 auxilium
1286 1969 1393 2028 lactum
1421 1975 1473 2028 est.

258 2076 338 2148 Quod
369 2080 581 2136 sacramentum
604 2078 713 2150 siquis
736 2077 878 2151 evitabat,
905 2076 1059 2136 domestici
1079 2077 1158 2150 ejus,
1185 2074 1317 2148 inprimis
1336 2073 1473 2147 feminac,
1582 2079 1583 2144 i

258 2179 470 2240 adhibebantur
496 2185 526 2239 et
558 2181 799 2255 sollicitabantur,
832 2186 865 2240 ιιι
893 2181 977 2254 quasi
1004 2182 1141 2254 impetum
1172 2180 1205 2238 in
1224 2178 1306 2237 illum
1328 2179 1469 2238 lacerent

257 2285 361 2358 itaque
389 2285 552 2358 delatores,
586 2302 706 2358 quorum
736 2301 841 2360 magna
869 2287 952 2360 copie
975 2286 1082 2358 ubique
1111 2289 1229 2360 praesto
1252 2289 1331 2358 erat,
1365 2299 1473 2343 arcam

259 2405 317 2447 non
337 2388 421 2447 modo
443 2388 591 2447 domorum
613 2388 665 2446 sed
687 2390 776 2447 etiam
798 2389 928 2448 cordium
950 2384 1164 2464 euplorabent.²
1208 2387 1295 2447 Haud
1316 2403 1383 2446 raro
1405 2389 1472 2446 reli-
1583 2439 1584 2448 ,

259 2492 426 2566 giosissimis
444 2491 603 2564 quibusque
618 2507 637 2550 a
658 2493 841 2564 nequissimis
856 2493 1015 2554 Jesuiticae
1038 2493 1208 2568 disciplinae
1220 2473 1354 2552 ¹artificiis
1369 2493 1474 2553 timen-

259 2597 327 2655 dum
347 2601 419 2654 erat.
463 2595 623 2654 Praeterea
642 2602 675 2654 ut
694 2595 725 2654 in
744 2596 858 2655 aedium
872 2597 1084 2673 penetralibus,
1106 2599 1149 2656 ita
1171 2596 1241 2656 loris
1265 2603 1296 2656 et
1310 2598 1341 2654 in
1356 2597 1474 2672 publico
1584 2609 1585 2612 ’

259 2700 445 2774 grassabatur
475 2699 614 2772 tyrannis.
662 2699 870 2759 Flectebentnr
898 2703 944 2761 vel
971 2703 1081 2762 solidae
1111 2707 1223 2762 mentes
1250 2709 1364 2761 terrore
1386 2703 1475 2778 vulgi,

260 2807 341 2878 eujus
362 2801 483 2862 fanatici
506 2803 646 2863 clamores
669 2819 723 2862 vox
747 2805 889 2864 ecelesiae
912 2805 1090 2866 dicebantur.
1134 2805 1311 2865 ExcitaBent
1333 2807 1404 2866 illud
1424 2809 1475 2866 tri·

261 2909 348 2984 boni,
371 2907 586 2981 ephemeridum
607 2909 739 2981 plerique
762 2909 932 2983 scriptores,
954 2910 1132 2982 impudentia
1155 2910 1260 2986 tortos,
1290 2911 1389 2986 Papae
1413 2913 1475 2972 sive

261 3015 354 3088 qratia
372 3013 432 3071 sive
457 3013 640 3071 conniventia
660 3010 738 3085 freti,
764 3013 976 3087 episcopatum,
1000 3013 1049 3072 ubi
1072 3014 1148 3074 dieto
1165 3014 1305 3075 obediens
1319 3031 1378 3079 non
1400 3023 1476 3091 erat,

262 3123 489 3178 contemnentes.
534 3117 616 3177 iuter
637 3133 708 3191 qnos
729 3118 815 3190 longe
838 3117 1055 3190 potentissimus
1071 3117 1233 3178 Ludovious
1252 3119 1380 3180 Veuiilot
1399 3127 1477 3194 erat,

261 3224 403 3284 ecclcsiae
436 3222 659 3296 Rcbespierrius
694 3222 772 3280 haud
805 3223 905 3295 inepte
942 3229 1067 3281 vocatus.
1117 3222 1188 3282 (ιιιιιι
1218 3224 1273 3283 hoc
1306 3226 1331 3284 si
1367 3225 1478 3284 similes

262 3330 360 3387 curiae
387 3327 548 3386 administri
565 3326 712 3386 Bonussioi
741 3327 788 3386 vel
811 3326 944 3385 Bavarid
968 3335 1182 3402 comparantur,
1203 3327 1357 3388 admodum
1378 3330 1478 3404 pusilli

262 3437 293 3490 et
320 3431 424 3490 miselli
451 3447 515 3489 esse
544 3430 686 3488 videntur.
731 3430 922 3489 Nihilominus
944 3447 1059 3505 omnes,
1089 3431 1303 3506 qualescunque
1327 3439 1409 3508 sunt,
1440 3435 1479 3493 ad

263 3532 465 3592 stabiliendam
491 3531 692 3592 incredibilem
722 3539 766 3592 tot
794 3533 921 3606 gentium
951 3534 1172 3594 christianarum
1202 3538 1370 3596 servitutem
1393 3538 1480 3612 spiri·

261 3638 371 3697 tualem
393 3637 470 3696 haud
491 3652 593 3710 parum
615 3637 841 3696 contribuerunt.
885 3637 1001 3696 Falsam
1021 3641 1147 3714 speeiem
1169 3641 1288 3715 pietatis
1303 3643 1479 3702 novissimae

262 3742 426 3802 adulationi
456 3747 486 3800 et
518 3743 730 3817 superstitioni,
764 3742 867 3801 falsam
900 3744 1026 3816 speciem
1057 3745 1200 3804 libertatis
1229 3745 1401 3821 malignitati
1434 3747 1481 3806 in·

262 3847 385 3908 cluentes
411 3847 571 3922 permultos
598 3847 789 3921 deceperunt,
817 3848 847 3906 in
878 3848 959 3922 aliis,
998 3865 1067 3922 quos
1099 3849 1202 3910 fallere
1233 3867 1292 3910 non
1319 3851 1482 3926 valuerant,

263 3970 381 4013 caecum
404 3953 495 4012 omnis
517 3953 666 4026 religionis
688 3952 785 4012 odium
809 3961 839 4011 et
860 3959 1036 4012 contemtum
1059 3955 1249 4015 adauxerunt.

351 4056 398 4115 Sic
421 4058 509 4132 igitur
529 4057 636 4116 iactum
659 4063 717 4131 est,
741 4061 774 4114 nt
795 4058 885 4116 etiam
906 4057 937 4116 in
961 4057 1117 4117 Germania
1139 4064 1240 4118 nostra
1263 4063 1306 4118 ιοι
1327 4065 1484 4132 praestan·

262 4159 434 4218 tissimorum
460 4162 604 4236 virorum,
638 4161 759 4230 Sailcri,
796 4161 1029 4236 Wessenbergii,
1074 4163 1318 4238 Dispenbrockii,
1356 4163 1482 4224 aliorum

354 4413 379 4480 1)
397 4415 475 4464 Amos
494 4419 525 4474 a,
546 4421 638 4479 103o,
659 4421 761 4468 1o.1s.

354 4500 380 4566 2)
399 4501 437 4552 Oi.
455 4500 603 4562 Friedrich,
628 4501 781 4552 Gsschiohte
803 4502 847 4552 des
869 4501 1064 4553 Vaticanisohen
1090 4505 1193 4556 (lonella
1215 4505 1235 4555 l.
1259 4505 1287 4555 in
1307 4505 1391 4556 indice
1416 4523 1437 4562 s.
1457 4525 1483 4564 v.

280 4585 584 4650 ”enunciationswesenf
603 4588 647 4638 ubi
665 4587 774 4653 triginta
791 4589 845 4639 iere
863 4588 915 4640 loci
932 4589 982 4639 hue
1002 4590 1156 4654 pertinentes
1174 4593 1321 4645 efferuntur.
1357 4603 1360 4610 ·
