3202 5058
201 289 237 350 30
688 297 791 352 Psarrs
810 297 922 354 Perosis

200 511 287 586 dirit3
311 515 396 572 sicuti
418 515 528 588 aegroti
551 513 684 589 quidam,
705 516 776 574 licet
798 516 835 574 ab
858 517 957 575 amicis
980 518 1066 575 auxie
1089 516 1234 590 custoditi,
1256 523 1355 576 tamen
1377 519 1414 576 ad

198 617 409 690 projiciendum
429 635 494 678 sese
516 634 570 691 per
592 618 752 678 fenestram
772 618 904 679 infelicia
926 627 1073 680 momenta
1088 626 1255 696 captarent,
1277 623 1320 680 ita
1333 623 1414 681 illum

199 722 306 794 spretis
336 723 551 782 verissimorum
582 723 739 782 amicornm
771 725 897 784 condliis
930 725 961 782 in
994 725 1153 797 perniciem
1185 743 1281 786 ruere.
1332 726 1414 797 Quod

199 825 275 884 lalso
296 826 403 884 dictum
426 827 592 886 existimare
614 827 719 900 aliquis
740 829 846 901 possit,
870 829 1004 901 quoniam
1024 845 1082 887 non
1096 830 1321 890 contemnendas
1337 832 1414 890 vires

198 931 326 1004 Papatus
352 931 473 1003 posthac
499 931 623 989 maxime
653 930 824 991 exhibuerit.
870 932 978 992 Verum
1006 934 1070 1006 ipse
1092 933 1137 991 vir
1157 935 1413 1008 ingeniosissimus,

199 1036 249 1108 qui
281 1035 392 1092 curiam
424 1034 524 1093 sanari
558 1040 589 1093 et
616 1036 782 1093 conservari
809 1052 925 1108 semper
953 1037 1103 1110 voluerat,
1131 1037 1168 1095 de
1195 1039 1357 1111 propinquo
1383 1043 1412 1095 et

198 1139 293 1199 subito
308 1139 437 1211 Papatus
458 1138 580 1198 interitu
602 1139 720 1197 minime
742 1139 881 1211 cogitavit
902 1140 954 1198 sed
976 1140 1013 1200 de
1036 1139 1148 1212 lurore,
1169 1157 1226 1213 qno
1248 1142 1298 1201 ille
1313 1143 1411 1200 vesani

198 1244 292 1302 instar
319 1248 421 1302 eontra
448 1259 480 1302 se
507 1243 600 1316 ipsum
622 1243 729 1302 inscius
751 1245 894 1318 saeviret3
925 1261 1021 1318 neque
1044 1244 1080 1304 de
1103 1244 1252 1304 mortifero
1274 1246 1333 1304 ictu
1351 1246 1412 1317 jain

197 1347 277 1407 iacto
300 1347 352 1406 sed
374 1347 412 1405 de
426 1347 569 1406 intentato
591 1347 706 1407 locutus
721 1353 775 1408 est.
820 1349 958 1408 (laterum
979 1350 1068 1408 etiam
1082 1351 1205 1424 singuli,
1227 1351 1276 1422 qui
1291 1354 1411 1410 mortem

198 1453 255 1512 sibi
277 1451 476 1525 consciscunt,
498 1452 570 1510 satis
600 1452 650 1512 diu
669 1453 816 1512 interdum
835 1454 918 1512 letali
943 1453 1063 1512 vulnere
1090 1454 1224 1513 laborant
1245 1461 1276 1514 et
1296 1452 1412 1513 febrici-

198 1562 295 1616 tantes
317 1553 481 1614 incredibili
503 1556 669 1616 ultimarum
691 1557 795 1616 virium
817 1557 979 1616 intentione
1002 1575 1018 1616 e
1038 1558 1195 1633 longinquo
1214 1558 1412 1632 spectantibus

199 1659 353 1720 admodum
375 1659 487 1718 robusti
509 1658 651 1718 videntur.

286 1763 481 1837 Quaecunque
504 1779 572 1822 vero
588 1763 657 1822 Pius
679 1762 820 1822 audacter
838 1765 985 1836 hucusque
1000 1763 1175 1838 perfecerat,
1196 1767 1412 1839 praesumtione

198 1868 380 1928 auctoritatis
409 1866 471 1926 salli
492 1867 610 1928 nesciae
632 1851 809 1928 nitebantur.
852 1869 1006 1942 Reliquum
1029 1874 1108 1942 erat,
1135 1876 1168 1928 ut
1189 1871 1253 1942 ipsa
1273 1869 1411 1928 infallibi-

198 1975 266 2032 litas
290 1989 349 2031 non
370 1973 464 2030 minus
486 1959 627 2030 audacter
647 1972 886 2045 proclamaretur.
932 1972 1014 2044 Quod
1037 1979 1070 2032 ut
1083 1971 1267 2047 fieriposset,
1289 1975 1412 2046 primurn

198 2079 278 2138 inter
291 2077 420 2137 lesuitas
441 2093 598 2162 commuue
620 2077 714 2136 socios
735 2076 916 2136 clandestina
938 2077 1098 2152 eonjmatio
1119 2095 1172 2151 per
1194 2093 1295 2136 omnes
1317 2083 1412 2136 terras

198 2181 487 2241 Romauocatholicas
511 2179 636 2240 conflata
657 2187 718 2256 est,
746 2198 866 2255 sparsae
889 2187 956 2240 sunt
977 2182 1170 2255 nequissimae
1193 2183 1224 2240 in
1245 2181 1412 2242 honestissi-

197 2301 260 2344 mos
278 2301 405 2359 quosque
428 2281 519 2342 laturi
541 2284 684 2357 dogmatis
708 2284 890 2344 adversarios
912 2285 1090 2358 calumniae,
1113 2287 1211 2344 emissi
1234 2301 1412 2359 quoquover-

197 2406 247 2448 sus
272 2389 364 2447 libelli
390 2388 549 2446 mendaciis
579 2394 610 2446 et
636 2388 799 2461 sophisticis
825 2390 944 2462 ineptiis
973 2388 1090 2464 referti,
1120 2390 1227 2450 deinde
1251 2389 1409 2450 Concilium

197 2493 370 2552 Vaticanum
392 2491 552 2550 indicatum
574 2497 605 2549 et
632 2498 838 2566 congregatum
866 2499 924 2567 est,
950 2493 1037 2567 idque
1060 2495 1254 2568 dissimulato,
1277 2493 1411 2568 quamdiu

197 2593 263 2656 fieri
284 2596 391 2668 potuit,
412 2595 550 2668 primario
573 2597 635 2669 ejus
661 2594 719 2654 fine
742 2602 773 2656 et
793 2598 922 2658 consilio.
967 2597 1109 2658 Obstabat
1126 2599 1242 2672 quidem
1258 2605 1289 2658 et
1303 2597 1411 2658 Sacrae

198 2697 364 2773 Scripturas
387 2703 418 2758 et
440 2700 576 2772 autiquae
600 2700 742 2761 ecclesiae
764 2701 801 2760 de
823 2693 1049 2776 novo'dognrate
1071 2704 1241 2762 altissimum
1256 2703 1410 2762 silentium.

198 2803 339 2864 Obstabat
365 2819 537 2862 summorum
567 2804 709 2864 ecclesiae
743 2803 908 2880 doctorum,
942 2813 1044 2864 uonna
1074 2807 1213 2881 ejusmodi
1246 2807 1411 2881 opinionem

198 2908 345 2982 stantium,
368 2923 405 2966 ex
423 2907 527 2980 quibus
540 2905 724 2982 Cypriauum,
741 2907 942 2983 Augustinum‚
964 2911 1145 2970 Bernsrdnm
1165 2911 1316 2970 nominare
1332 2909 1411 2970 sulfi-

197 3012 251 3087 cit,
283 3011 449 3070 veneranda
480 3011 648 3070 auctoritas.
699 3010 898 3072 obsecrabant
928 3013 1050 3088 Papam,
1084 3031 1122 3073 ne
1155 3021 1267 3074 temere
1293 3016 1411 3074 mutatis

195 3116 282 3176 rebus
308 3131 412 3191 pacem
441 3120 473 3174 et
493 3115 637 3174 ecelesiae
660 3121 692 3175 et
712 3117 911 3177 universarum
932 3119 1061 3190 gentium
1085 3117 1234 3194 turbaret,
1258 3120 1410 3192 spectatis·

196 3221 261 3280 simi
287 3221 393 3294 quique
416 3219 545 3293 episcopi
567 3225 598 3276 ct
619 3219 756 3294 theologi.
801 3220 849 3280 Sic
868 3222 1000 3295 inprimis
1022 3238 1122 3281 omnes
1149 3222 1212 3290 lere
1235 3221 1410 3283 Germaniae

197 3325 326 3398 episcopi
355 3331 425 3384 tnnc
452 3324 573 3382 animati
606 3330 706 3396 erant,
736 3325 892 3399 perpaucis
915 3326 1057 3400 exceptis,
1085 3327 1134 3399 qni
1157 3327 1233 3400 apud
1259 3327 1410 3400 probiores

193 3427 398 3500 doctioresque
419 3427 497 3486 viros
519 3428 693 3486 auctoritate
715 3429 833 3486 minime
848 3429 998 3488 florebant.
1042 3429 1088 3488 Er
1103 3430 1302 3505 Francogallis
1318 3430 1409 3489 Geor·

196 3532 260 3605 gius
281 3529 416 3603 Darboy,
439 3530 672 3603 archiepiscopus
693 3531 884 3604 Parisiensis‚
906 3532 1009 3592 eodem
1033 3534 1122 3591 animi
1145 3534 1331 3610 fortitudine,
1353 3551 1410 3607 qua

197 3651 273 3694 anno
294 3639 362 3708 post
382 3634 461 3692 inter
480 3633 705 3692 Communardos
725 3635 756 3692 in
778 3635 958 3694 sanctissimo
977 3653 1097 3696 munere
1120 3653 1313 3711 perseverans
1335 3655 1409 3697 mor·

195 3747 256 3798 tem
277 3739 381 3812 subiit,
404 3738 482 3797 inter
504 3736 626 3796 Concilii
641 3738 745 3798 Patres
766 3741 881 3813 inepto,
901 3740 978 3813 qnod
1000 3742 1135 3817 vocabat,
1158 3742 1286 3817 dogmati
1308 3743 1410 3802 adver-

98 3895 103 3906 .
195 3845 327 3920 sabatur,
349 3843 481 3904 heterna
494 3843 618 3901 caritate
637 3843 784 3902 obtestans
805 3844 880 3917 illos,
904 3859 955 3914 ,ne
976 3846 1120 3917 pressiore
1136 3853 1330 3920 exaggeratas
1346 3848 1410 3906 uni·

195 3950 265 4008 tatis
309 3946 425 4007 vinculo
469 3947 601 4006 internas
641 3947 800 4020 vitalesque
837 3948 980 4007 ecclesiae
1030 3949 1107 4008 vires
1153 3951 1327 4024 impedirent
1374 3968 1409 4010 ac

195 4051 393 4127 frangerent‘,
414 4067 488 4111 neve
516 4051 673 4110 constituta
703 4053 832 4125 ,unitate
862 4069 1010 4111 servorum
1032 4055 1085 4114 snb
1108 4055 1227 4114 arbitrio
1249 4055 1409 4130 tyrannidis

195 4158 325 4230 segniter
346 4156 529 4230 degentinm‘
552 4156 725 4216 discordiam
748 4161 881 4216 sererent
904 4162 935 4216 et
952 4173 1062 4216 summe
1083 4161 1217 4218 societati
1233 4160 1408 4220 christianae

195 4262 371 4322 detrimenta
396 4259 571 4335 infligerent.
621 4261 710 4320 Simul
727 4261 960 4334 'Francogalliae
991 4268 1022 4321 et
1052 4262 1195 4323 Bavariae
1226 4265 1409 4338 monarchae,

195 4365 381 4426 sustinendae
397 4363 474 4423 sedis
488 4364 638 4424 Romanae
654 4365 862 4440 studiosissimi,
883 4366 977 4426 missis
991 4367 1096 4442 legatis
1114 4367 1272 4428 monebant
1290 4369 1410 4442 curiam,

195 4483 233 4528 ne
265 4473 326 4527 tam
354 4468 547 4542 periculosum
587 4469 737 4542 negotium
776 4470 993 4542 praecipitaret.
1050 4471 1108 4532 Sed
1137 4472 1224 4547 Pius,
1255 4473 1310 4532 sibi
1337 4473 1409 4532 mire

197 4587 312 4630 wwser
337 4573 474 4648 placens,
503 4571 620 4650 ingrata
646 4571 767 4630 consiha
791 4577 978 4634 contemnere
1009 4581 1208 4636 consueverat.
1259 4576 1411 4637 Favebaut
