3176 5064
696 296 788 348 Garun
806 297 864 350 XV.
1336 298 1388 352 355

170 506 337 568 discrimine
368 506 576 583 condemnare,
606 524 680 582 quae
704 506 859 570 Pontifices
881 511 998 570 summis
1019 509 1153 598 laudibus
1180 510 1266 570 toties
1289 526 1385 570 cumu-

170 611 319 686 laverant,
349 612 436 671 immo
465 612 571 686 purtim
593 611 649 671 sibi
674 612 808 673 dedicata
830 615 877 674 vel
900 614 989 674 misse
1012 631 1122 674 summu
1143 612 1242 674 favere
1265 629 1388 690 accepe-

170 722 247 776 runt.
291 715 349 776 Sed
378 717 471 790 ipsum
501 721 649 778 auctorem
676 717 847 792 jamdudum
874 725 1017 778 mortuum
1040 719 1195 794 damnare,
1224 720 1330 793 spretis
1351 718 1388 776 iis

171 837 243 894 quos
258 820 312 895 ipsi
328 819 390 880 falli
404 820 518 882 nescios
529 822 591 896 jam
609 819 765 896 vocabant,
780 838 838 882 non
853 824 1038 884 verebuntur.
1075 823 1277 884 Decreverunt
1289 823 1387 899 igitur,

172 930 206 984 ut
226 925 257 984 in
279 925 378 999 quovis
400 924 515 984 Erasnd
535 941 655 999 opernm
678 926 762 986 titulo
785 926 915 1002 ejusdem
936 927 1045 987 nomini
1064 927 1221 988 adderetur
1243 927 1388 1002 ‚authoris

173 1029 316 1090 damnati‘
356 1035 386 1089 et
419 1028 496 1089 intra
526 1030 651 1104 cujusvis
682 1030 759 1090 tituli
788 1031 925 1105 paginam
952 1031 1125 1106 merissima
1154 1031 1243 1092 verbe
1278 1030 1386 1092 adscri-

174 1135 328 1208 berentur,
359 1133 462 1207 quibus
485 1135 578 1196 lector
600 1133 638 1194 ad
660 1133 786 1194 indicem
806 1135 1007 1210 purgatorium
1026 1133 1198 1196 referretur.
1243 1135 1277 1195 ld
1299 1137 1329 1194 in
1351 1133 1388 1193 iis

174 1255 287 1313 quoqne
315 1237 527 1298 Eraemicorum
555 1253 675 1312 operum
702 1239 803 1313 tomis,
837 1239 886 1314 qui
919 1257 955 1300 ex
989 1239 1165 1302 monasterio
1196 1240 1320 1313 quodam
1353 1237 1390 1298 sd

173 1343 377 1404 bibliothecam
399 1341 556 1402 Helensem
577 1349 786 1416 pervenerunt,
816 1349 953 1403 accurate
981 1345 1086 1418 ubique
1114 1344 1222 1404 iactum
1247 1343 1388 1418 conspici·

175 1465 245 1507 mue.
290 1447 370 1519 Quae
392 1447 503 1506 minute
524 1446 641 1520 quidem
663 1451 695 1505 et
714 1461 805 1522 parva
826 1447 906 1507 dictu
926 1463 975 1508 res
998 1464 1063 1508 esee
1085 1446 1212 1522 videtur,
1234 1447 1286 1508 sed
1302 1463 1388 1506 unum

174 1553 321 1627 signorum
343 1557 388 1611 est
409 1549 571 1625 tyrannidis
600 1550 678 1611 illiue
700 1551 878 1611 monasticae
904 1551 941 1612 ab
964 1550 1086 1612 musmo
1108 1551 1274 1626 praevisae,
1303 1566 1389 1626 quae,

175 1673 194 1716 a
223 1672 299 1715 nevo
320 1655 500 1730 potissimum
521 1653 640 1730 Lojulae
666 1653 768 1715 ordine
792 1653 921 1730 condita,
951 1657 1048 1716 colore
1071 1672 1106 1716 ac
1130 1655 1228 1730 specie
1250 1671 1303 1714 sua
1326 1655 1389 1714 uni·

176 1776 289 1820 uersam
318 1760 472 1819 ecelesiam
494 1757 653 1819 Romanam
682 1760 774 1832 megia
804 1760 953 1834 magisque
975 1759 1095 1820 induxit
1141 1759 1224 1831 Quod
1246 1757 1389 1832 quomodo

177 1864 335 1938 exstirpato
365 1879 401 1922 ex
429 1863 484 1923 bac
513 1879 570 1922 non
592 1863 656 1922 sine
678 1863 790 1924 crudeli
813 1863 951 1924 violentia
975 1863 1089 1924 mesni
1112 1863 1229 1938 ingenio
1249 1862 1389 1937 paulatim

177 1967 285 2028 factum
314 1973 469 2041 nostraque
500 1968 638 2027 memoria
666 1967 780 2027 concilii
790 1965 883 2041 ·qu0d
905 1967 1013 2028 dicitur
1033 1967 1166 2027 Vaticani
1195 1967 1302 2026 anxilio
1323 1983 1390 2027 con·

177 2079 348 2134 summatum
371 2071 422 2146 sit,
444 2071 538 2131 ultera
559 2071 643 2146 bujns
663 2070 730 2131 libri
742 2076 837 2146 'parte
859 2069 986 2132 breviter
1006 2071 1223 2146 explicabimus.
