3156 5056
242 297 293 353 246
729 297 832 349 Pasrrs
853 299 963 349 Perosis

325 514 408 573 Talia
430 513 559 572 scribens
582 513 721 587 Nuntius,
744 517 787 572 tot
809 513 934 586 negotiis
956 512 1137 586 implicatus,
1159 530 1242 572 mera
1263 513 1374 572 somnia
1393 531 1451 572 non

238 619 381 692 captabat.
418 619 503 678 Haud
525 617 647 692 frustra,
671 619 747 676 sicut
769 617 908 676 Erasmus
931 618 1040 691 ipsum,
1062 617 1125 690 ipse
1149 618 1271 676 timebat
1292 617 1450 676 Erasmum.

238 724 322 781 Hunc
343 722 482 784 Coloniae
502 723 622 781 Lutheri
645 721 734 780 libros
756 727 935 780 crematurus
957 725 1144 794 praesentem
1168 721 1366 780 adversarium
1388 737 1451 780 sen·

238 833 332 902 serat3
354 828 423 901 quid
443 827 519 901 apud
541 827 694 889 Electores
715 825 868 900 quosdam,
891 827 1033 887 saxonem
1050 826 1181 900 inprimis
1197 831 1227 884 et
1241 825 1450 900 lievireusem,

238 933 268 990 in
288 932 409 990 Lutheri
428 931 556 990 favorem
575 929 761 1004 profecisset,
784 932 891 1004 partim
906 931 1011 990 saltem
1027 941 1209 1004 compererat
1222 947 1276 1004 per
1290 930 1450 989 emissarios

239 1042 269 1094 et
291 1037 446 1096 delatores.
491 1035 575 1094 Nunc
597 1051 718 1109 corpore
741 1035 906 1110 absentem,
932 1035 984 1094 sed
1007 1035 1125 1110 ingenio
1148 1053 1202 1108 per
1223 1035 1298 1093 alios
1317 1049 1452 1108 praesen·

239 1147 312 1214 tem,
350 1139 530 1200 Wormatiae
561 1140 667 1197 iterum
697 1137 896 1198 adversarium
925 1139 1079 1200 sentiebat.
1140 1139 1221 1210 Quae
1250 1140 1348 1198 omnis
1376 1137 1452 1198 lulio

240 1243 387 1304 cardinali
417 1261 471 1318 per
501 1245 615 1304 litteras
645 1242 792 1302 confessus
821 1250 874 1304 est.
919 1244 1000 1302 Dicit
1026 1260 1058 1302 so
1081 1259 1196 1317 semper
1217 1243 1355 1316 Erasmo,
1387 1241 1454 1316 quid

239 1366 308 1409 vere
331 1349 368 1408 de
392 1365 426 1408 eo
442 1349 559 1421 sentiat,
582 1347 788 1422 dissimulasse,
810 1365 848 1407 ne
872 1349 956 1408 simul
976 1353 1020 1406 tot
1039 1349 1139 1407 hostes
1155 1346 1261 1407 Curiae
1279 1349 1453 1417 concitaret3

241 1453 378 1512 Coloniae
402 1470 432 1512 se
454 1453 535 1510 illum
554 1451 702 1511 blanditiis
725 1468 761 1510 ac
781 1451 916 1520 laudibus
938 1453 1115 1526 cumulasse;
1135 1468 1253 1525 recens,
1276 1467 1364 1524 quum
1378 1449 1455 1524 apud

241 1574 272 1616 se
301 1557 351 1616 ille
379 1556 485 1616 litteris
514 1561 631 1629 questus
662 1561 741 1616 esset
770 1561 890 1629 propter
919 1556 1076 1614 calumnias
1104 1554 1141 1614 ad
1167 1555 1322 1614 Caesarem
1352 1554 1455 1614 allatas

243 1653 293 1741 (de
315 1660 352 1718 iis
375 1659 487 1718 scilicet
508 1659 647 1718 Erasmus
668 1676 723 1732 per
738 1659 908 1732 Giapionem
932 1661 1039 1718 certior
1061 1659 1154 1717 factus
1175 1653 1266 1738 erat),
1289 1676 1321 1718 se
1336 1673 1456 1731 respon·

241 1764 318 1823 disse
347 1763 420 1822 nihil
451 1763 590 1836 ejusmodi
613 1763 649 1821 ab
672 1763 764 1822 amico
787 1764 945 1822 timendum
970 1779 1044 1822 esse.
1096 1762 1252 1822 Consilium
1276 1761 1328 1822 dat
1351 1761 1454 1821 Curiae

243 1874 274 1927 nt
304 1874 335 1928 11
362 1868 439 1944 ipsa,
473 1883 645 1941 quamquam
672 1867 810 1926 Erasmus
838 1883 943 1926 revera
968 1866 1078 1942 grande
1108 1867 1271 1941 praesentis
1301 1867 1457 1926 haereseos

242 1970 462 2032 fundamentum
490 1973 543 2045 sit,
574 1979 671 2030 tamen
694 1971 724 2030 id
747 1971 929 2031 dissimulare
951 1987 1004 2046 pro
1026 1978 1156 2044 ternpore
1178 1975 1297 2046 pergat3
1326 1987 1359 2030 se
1386 1971 1457 2028 talia

241 2077 359 2136 iuterim
388 2093 447 2136 nou
475 2076 573 2136 dicere
602 2077 659 2134 nisi
682 2075 806 2135 Domino
829 2077 927 2150 Papae
959 2081 990 2136 et
1018 2077 1097 2136 lulio
1126 2075 1273 2134 Cardinali
1300 2075 1456 2133 nonnullis—

241 2198 296 2254 que
320 2181 400 2255 aliis,
425 2181 474 2254 qui
496 2181 616 2240 nimium
636 2181 764 2240 tribuant
784 2181 923 2254 Erasm03
945 2180 998 2240 sed
1014 2181 1091 2240 idem
1108 2179 1298 2253 sequendam
1313 2178 1456 2238 dicturum

243 2303 306 2345 esse
337 2291 439 2358 aperto
470 2302 520 2344 ore
552 2292 582 2344 et
608 2284 691 2343 libris
720 2285 757 2344 ad
788 2284 1000 2344 defendendam
1021 2282 1108 2344 fidem
1130 2285 1259 2358 seriptis,
1290 2281 1457 2357 quandoid

242 2407 290 2449 res
312 2378 502 2464 postulaverit
523 2395 610 2462 11111
632 2389 714 2462 Papa
735 2393 766 2448 et
788 2387 951 2447 Oardiualis
974 2389 1166 2462 permiserint.

329 2494 448 2552 Interea
470 2491 623 2566 Erasmus,
646 2497 679 2550 ut
700 2498 732 2552 et
753 2493 905 2551 imminens
924 2492 979 2551 sibi
999 2493 1159 2566 periculum
1174 2497 1322 2552 averteret
1343 2497 1373 2551 et
1391 2492 1457 2565 paci

243 2597 385 2655 ecclesiae
413 2596 580 2670 inserviret,
617 2595 654 2654 ad
684 2597 791 2656 amicos
822 2596 960 2670 quosdam
991 2597 1149 2672 Romanos,
1180 2599 1269 2656 immo
1299 2596 1336 2656 ad
1364 2597 1456 2669 ipsum

242 2697 426 2770 Pontificem,
455 2699 570 2757 litteras
601 2698 731 2758 dederat.
777 2700 857 2772 Quae
886 2701 1012 2775 benigne
1040 2718 1076 2760 ex
1102 2707 1186 2774 parte
1212 2707 1352 2775 acceptae
1374 2707 1457 2774 sunt,

242 2801 376 2862 Pontifex
399 2803 509 2878 Breve,
540 2805 615 2876 quod
643 2802 754 2876 111111,
785 2785 824 2862 11
840 2805 956 2864 mittere
978 2805 1113 2878 dignatus
1137 2811 1189 2864 est
1235 2805 1280 2864 De
1302 2805 1348 2864 bis
1370 2803 1458 2864 rebus

242 2906 390 2967 Aloander
411 2923 466 2982 per
487 2913 705 2982 procuratorem
727 2925 810 2967 sunm
824 2908 986 2968 Romanum
1010 2910 1116 2968 certior
1137 2907 1246 2983 factus,
1267 2909 1346 2968 haud
1368 2925 1458 2984 parve

241 3012 891 3086 111111111111111111111111111111111.
935 3012 1126 3073 Lamentatur
1147 3013 1178 3071 in
1199 3014 1329 3087 pluribus
1352 3015 1460 3088 episto-

242 3118 277 3176 lis
297 3117 335 3176 ad
353 3117 537 3177 Cardinslem
553 3118 678 3192 scriptis,
700 3115 776 3190 quod
796 3123 908 3176 tontum
928 3117 1020 3175 adhue
1046 3117 1076 3175 in
1095 3116 1174 3176 Urbe
1191 3116 1331 3178 Erasmus
1352 3117 1458 3177 valeat.

240 3223 367 3280 Miratur
389 3223 465 3296 quod
487 3223 548 3280 illie
570 3240 629 3282 non
651 3223 744 3282 selum
766 3221 936 3295 credantur,
960 3237 1034 3294 quae
1057 3222 1112 3280 iste
1135 3228 1236 3281 111111
1252 3239 1284 3281 11
1300 3222 1460 3296 scripserit,

242 3326 294 3384 sed
318 3327 406 3384 etiam
429 3327 535 3385 Brevia
558 3325 595 3385 ad
619 3343 685 3384 eum
705 3327 869 3385 mittantur.
916 3325 1046 3399 ,Utinam
1066 3325 1163 3400 baec‘,
1184 3327 1290 3402 inquit,
1313 3344 1384 3400 ,non
1402 3327 1461 3384 sint

242 3429 327 3501 talia,
352 3429 437 3500 quale
460 3429 631 3503 illuderet,
655 3430 733 3502 quod
756 3431 786 3487 in
809 3428 905 3488 111111
928 3429 1002 3488 Novi
1024 3431 1070 3488 sui
1092 3429 1272 3489 Testamenti
1295 3432 1461 3504 imprimen-

243 3531 309 3590 dum
337 3532 457 3614 curavit.
503 3532 558 3590 Illo
580 3533 658 3590 enim
681 3533 769 3590 Brevi
791 3549 810 3591 a
832 3533 955 3593 Domino
986 3539 1085 3593 nostro
1114 3551 1187 3607 epus
1209 3533 1324 3593 Erssmi
1355 3550 1461 3608 appro-

241 3635 340 3708 batur,
374 3652 430 3708 qno
460 3635 497 3695 de
527 3635 723 3710 confessione,
754 3636 956 3712 indulgentiis,
987 3638 1294 3712 excommunicatione,
1326 3638 1459 3710 divortio,

241 3744 385 3814 potestate
408 3739 506 3813 Papae
534 3740 656 3814 aliisque
683 3741 771 3798 rebus
801 3741 942 3800 similibus
969 3759 1088 3815 prorsus
1115 3742 1218 3802 eadem
1247 3743 1356 3816 scripta
1383 3747 1459 3816 sont,

242 3863 317 3919 quae
340 3845 487 3904 Lutherus
510 3845 565 3903 sibi
587 3844 655 3904 inde
679 3846 849 3919 assumpsit,
881 3851 911 3904 11
939 3847 1048 3920 scripta
1074 3847 1190 3920 quidem
1213 3853 1295 3906 tanto
1317 3847 1460 3921 periculo

242 3952 318 4010 siore
340 3965 468 4023 venene,
491 3954 598 4023 quante
620 3949 766 4007 Lutherus
790 3967 854 4007 cum
878 3951 975 4010 satiris
998 3951 1057 4010 suis
1078 3950 1251 4024 famosisque
1274 3951 1382 4010 libellis
1403 3947 1461 4010 fide

241 4055 334 4112 minus
358 4059 404 4112 est
425 4053 537 4126 dignus.
582 4052 647 4126 Ego
670 4069 753 4128 vero,
785 4053 834 4112 nbi
858 4055 930 4112 talia
952 4071 1071 4127 moneo,
1101 4055 1182 4113 dicor
1204 4055 1234 4112 id
1257 4055 1370 4128 facere,
1393 4055 1462 4128 quia

241 4157 458 4215 contentionem
488 4155 640 4214 habuerim
671 4173 734 4214 cum
762 4156 893 4216 Erasmo.
948 4157 1030 4228 Quod
1054 4155 1152 4216 fiotum
1176 4165 1206 4217 et
1228 4158 1462 4216 commenticium

241 4267 298 4334 111
320 4277 397 4319 nnnc
419 4274 490 4317 vero
512 4265 631 4334 propter
653 4262 745 4320 solum
766 4261 876 4335 Papam
906 4267 937 4320 et
964 4259 1050 4321 fidem
1073 4263 1207 4322 inimicus
1229 4261 1345 4320 Erasmi
1367 4260 1465 4320 factus

240 4383 310 4426 sum.
355 4366 394 4425 Et
417 4372 514 4424 tamen
536 4365 579 4423 illi
597 4365 740 4441 ereditur,
762 4365 832 4424 mihi
848 4382 904 4425 uon
920 4367 1058 4426 creditur.
1096 4367 1215 4428 Utinam
1231 4365 1325 4424 Breve
1340 4365 1465 4440 Papale,

243 4489 298 4546 quo
319 4471 511 4544 respondetur
535 4469 572 4530 ad
596 4487 643 4546 ea,
674 4487 747 4545 quae
771 4472 807 4529 de
831 4489 877 4530 me
899 4471 1055 4545 scripserat
1074 4471 1228 4548 Erasmus,
1262 4471 1312 4532 ubi
1333 4487 1386 4546 pro
1413 4487 1470 4531 sua

247 4575 457 4636 cousuetudine
484 4576 703 4651 imprimendum
727 4575 797 4636 iilud
820 4577 977 4650 curaverit,
1006 4575 1214 4651 praejudicium
1245 4592 1303 4634 non
1324 4573 1414 4634 faeiat
1436 4574 1470 4634 in
