3188 5086
237 291 272 345 96
728 293 832 344 Parrus
852 294 965 344 Puronrs

236 509 314 567 inter
329 506 499 566 Cardiuales
515 513 545 566 ct
563 505 750 566 fortissimum
765 508 857 566 virum
873 507 1055 566 collaudavit.
1096 509 1300 582 Improvinoiis
1315 509 1457 566 territorii

235 609 380 672 Pontificii
404 611 523 670 insolita
546 611 661 685 Justitia
685 611 832 685 animique
854 611 960 670 robore
988 612 1157 685 gubernatis
1181 618 1212 671 et
1239 612 1457 686 administratis,

235 718 267 776 iu
289 717 436 789 legatione
460 715 537 790 apud
552 715 729 789 Leopoldum
753 715 908 789 Belgarum
930 732 1031 789 regem
1057 732 1120 775 cum
1144 717 1249 775 eximio
1264 718 1328 790 eius
1351 716 1451 776 farore

235 819 384 895 coniecta,
406 821 437 880 in
460 820 628 894 episcopatu
650 819 808 894 Perusino,
827 835 884 892 quo
907 819 1101 894 perlongum
1124 827 1155 878 et
1176 819 1456 880 turbulentissimum

233 929 350 1000 tempus
368 925 503 1000 religiose
523 922 638 982 iunctus
661 929 720 998 est,
743 923 887 998 moribus,
909 907 1041 998 ingenio,
1063 924 1207 983 industria
1229 925 1315 984 etiam
1332 926 1382 999 iis,
1405 925 1455 998 qui

235 1031 388 1090 sententiis
410 1030 496 1102 longe
519 1028 556 1087 ab
577 1043 612 1086 eo
635 1027 799 1102 distabant,
823 1028 941 1100 egregie
964 1044 996 1086 se
1019 1028 1161 1101 probavit
1204 1028 1251 1088 Ad
1273 1029 1374 1088 sedem
1397 1027 1454 1086 Ro-

234 1151 349 1194 manam
382 1138 535 1208 provectus
568 1148 603 1191 eo
630 1133 756 1190 maxime
789 1134 905 1191 nomine
941 1132 1039 1190 multis
1070 1138 1207 1207 acceptus
1240 1139 1271 1192 et
1301 1138 1455 1206 exoptatus

234 1239 327 1314 veuit,
354 1238 430 1312 quod
457 1238 571 1296 sinemo
599 1251 635 1294 ac
661 1235 795 1310 gnaviter
824 1241 854 1296 et
884 1231 1060 1294 medanae
1088 1236 1239 1309 religionis
1261 1242 1291 1295 et
1312 1237 1455 1310 politioris

234 1342 383 1402 docuinae
411 1340 506 1400 studio
536 1339 721 1415 incumbens,
752 1357 851 1399 ueram
873 1341 1015 1414 pietatem
1034 1357 1098 1398 cum
1121 1357 1191 1400 vera
1209 1340 1319 1414 ingenii
1341 1341 1456 1399 cultura

235 1448 411 1520 conjungere
433 1445 591 1506 videretur.
637 1444 672 1503 ld
694 1443 771 1519 apud
800 1445 898 1502 varias
920 1451 1023 1515 gentes
1046 1449 1079 1502 ut
1101 1444 1167 1503 noui
1190 1444 1300 1518 aliquid
1320 1445 1352 1503 in
1373 1444 1455 1518 Papa

234 1551 413 1610 celebratum
439 1555 491 1612 est.
546 1549 593 1608 Sic
615 1549 735 1608 Parisiis
765 1564 871 1621 magna
908 1549 959 1606 illa
987 1549 1151 1622 ephemeris
1181 1549 1328 1622 liberalis,
1357 1550 1404 1607 eni
1436 1565 1454 1608 a

234 1653 492 1729 disceptationibus
512 1653 638 1727 politicis
657 1669 762 1712 nomen
774 1658 843 1726 est,
867 1652 1123 1712 Voltarianismum
1145 1653 1256 1726 pariter
1278 1657 1309 1710 et
1324 1651 1453 1711 Olerica-

233 1761 346 1820 lismum
365 1775 522 1834 respuens,
544 1773 650 1816 novum
663 1757 772 1830 Papam
794 1757 912 1815 summis
927 1756 1061 1816 laudibus
1076 1758 1246 1830 cumulavit,
1265 1757 1342 1829 quod
1364 1763 1452 1816 autea

234 1864 386 1938 episcopua
415 1862 607 1937 pastoralibus
636 1861 808 1935 quibusdam
839 1861 969 1934 epistolis
998 1861 1197 1920 liberaliorum
1225 1862 1330 1919 artium
1351 1861 1451 1920 huma·

233 1969 381 2042 niorisque
411 1967 578 2038 doctrinae,
607 1966 704 2038 qualia
734 1980 875 2037 praesens
904 1971 1017 2038 tempus
1039 1965 1182 2039 postulat,
1212 1965 1449 2024 studiosissimum

232 2089 265 2132 se
287 2072 479 2146 praebuisset.
523 2069 634 2130 inillis
654 2070 784 2143 epistolis
806 2085 864 2128 uon
886 2074 999 2128 tantum
1022 2067 1122 2144 Plato,
1145 2067 1263 2143 Cicero,
1286 2069 1449 2145 Terentius,

231 2177 394 2250 luvenalis,
420 2193 521 2236 varum
550 2176 638 2234 etiam
668 2175 792 2248 Kepler,
819 2160 1039 2248 Montesquieu,
1062 2173 1215 2250 Frauclin,
1237 2174 1375 2248 Fuscolo,
1398 2173 1448 2234 alii

231 2281 413 2342 inducuntur.
464 2279 591 2338 Dantem
619 2279 747 2338 divinum
773 2283 904 2352 poetam,
933 2263 1067 2337 severum
1102 2284 1133 2336 et
1169 2281 1298 2352 corrupti
1321 2278 1448 2352 Papatns

227 2385 356 2460 judicem
384 2391 415 2444 et
437 2383 601 2442 mundanae
623 2381 826 2442 dominationis
848 2382 965 2455 Papalis
989 2397 1118 2457 osorem,
1148 2381 1210 2442 Leo
1233 2381 1315 2442 XIII.
1337 2399 1448 2442 summa

231 2489 422 2548 admiratione
453 2487 638 2560 amplectitur
666 2485 865 2560 theologisqne
899 2486 1088 2545 commendat
1137 2487 1228 2545 Immo
1254 2487 1286 2545 iu
1314 2487 1446 2561 epistolis

232 2595 296 2666 eius
317 2593 432 2664 insunt,
459 2606 535 2664 quae
558 2592 650 2663 magis
671 2589 795 2649 tortasse
817 2589 1064 2666 Protestuntibus,
1086 2607 1173 2664 qnam
1193 2591 1291 2649 multis
1312 2591 1447 2650 sacerdo·

230 2697 308 2755 tibus
327 2695 465 2756 Romanis
488 2695 646 2754 arrideant
689 2695 743 2753 His
771 2695 848 2753 enim
871 2701 903 2753 ut
926 2695 1075 2768 hucusque
1097 2696 1233 2770 neglecta
1255 2711 1292 2754 ea
1313 2695 1446 2770 injungit,

230 2816 304 2874 quae
338 2801 416 2860 iuter
442 2799 621 2860 Christianos
654 2815 723 2859 vera
758 2799 940 2874 evangelicos
969 2815 1085 2873 semper
1118 2816 1172 2874 pro
1209 2800 1296 2859 rebus
1323 2801 1446 2860 mamma

230 2903 403 2964 necessariis
424 2905 525 2964 habita
553 2909 627 2964 sunt
672 2903 784 2977 Quippe
805 2905 948 2963 acerrime
971 2909 1111 2962 aeternae
1132 2904 1213 2962 mbis
1235 2905 1375 2978 parochos
1396 2904 1446 2962 ad·

229 3015 345 3084 mouet,
374 3015 406 3068 ut
427 3008 569 3068 habendis
597 3008 777 3068 orationibus
804 3008 895 3066 sacris
917 3007 1074 3082 diligenter
1096 3023 1131 3066 ac
1152 3009 1289 3082 religiosa
1312 3007 1448 3068 studeant

229 3121 261 3174 et
287 3114 388 3174 desum
418 3113 563 3174 Christum
590 3110 722 3172 fidelibus
749 3112 928 3186 praedicent
983 3111 1079 3170 Etiam
1113 3113 1218 3171 scholis
1251 3113 1446 3187 popularibus,

228 3219 339 3280 Βοωθθ
369 3219 516 3294 hucusque
550 3215 717 3278 foedissime
745 3217 925 3290 jacentibus,
959 3215 1159 3276 Protestantes
1190 3217 1351 3276 aemulatus
1380 3231 1445 3274 suc·

227 3339 345 3383 currere
364 3325 471 3398 coepit

315 3427 371 3486 Hic
394 3428 484 3502 igitur
511 3427 593 3500 Papa
621 3443 676 3500 per
704 3425 821 3498 adquod
848 3431 961 3498 tempus
987 3426 1121 3484 similiter
1146 3431 1234 3499 atque
1263 3431 1352 3485 antea
1374 3424 1445 3482 Pius

227 3546 321 3590 nonus
342 3531 433 3590 initiis
456 3531 529 3604 suis,
547 3529 655 3590 batam
677 3529 775 3586 multis
798 3529 842 3586 ani
865 3531 1113 3602 exspectationem
1135 3530 1294 3589 commovit
1338 3529 1445 3602 Spera-

226 3634 298 3692 bant
328 3634 406 3708 iore,
439 3639 473 3693 nt
502 3635 580 3692 iuter
601 3632 802 3692 discordantes
829 3633 1000 3706 populorum
1021 3639 1121 3707 partes
1139 3635 1322 3694 venerandus
1344 3648 1444 3707 senex,

226 3737 412 3800 terrestribus
443 3739 519 3798 curis
547 3743 578 3798 et
607 3737 768 3796 rationibus
793 3753 863 3796 vere
888 3754 920 3796 sa
943 3737 1095 3812 abdicans,
1125 3739 1237 3797 altioris
1259 3737 1391 3798 veritatis
1412 3743 1446 3794 et
1520 3747 1526 3762 ·

222 3845 355 3918 justitias
386 3857 562 3918 praeconem
589 3858 622 3900 se
655 3847 784 3914 gereret
827 3841 974 3915 Optabaut
1000 3843 1100 3916 multi,
1128 3849 1162 3902 ut
1192 3843 1295 3902 eadem
1315 3839 1444 3917 pruden-

224 3949 280 4024 tia,
303 3964 360 4022 qua
380 3949 439 4020 jam
461 3953 573 4007 tautum
600 3947 679 4005 ritae
701 3947 821 4020 pelagus
851 3947 1071 4019 tempestatibus
1103 3947 1242 4022 agitatum
1270 3949 1443 4024 transierat,

224 4053 303 4112 inter
321 4051 477 4112 ecclesiam
501 4058 532 4110 ct
554 4051 704 4110 civitatem
726 4051 752 4108 si
773 4067 831 4110 nou
849 4049 1009 4124 perfectam
1024 4067 1142 4124 pacem,
1164 4057 1197 4110 at
1219 4052 1334 4112 modum
1349 4070 1442 4125 quen-

223 4155 290 4214 dam
321 4155 451 4230 visendi,
484 4173 571 4230 quem
603 4155 718 4230 dicunt,
752 4155 931 4214 restitueret.
987 4153 1068 4226 Erga
1100 4156 1266 4228 praeclaros
1300 4157 1440 4229 quosdam

222 4259 384 4320 &tiodiem
410 4259 593 4322 liberaliores
621 4261 709 4334 plana
741 4259 828 4318 aliam
858 4274 945 4332 quam
973 4259 1042 4317 Pius
1065 4259 1117 4318 IX.
1145 4265 1273 4319 mentem
1300 4260 1441 4321 exhibuit.

221 4365 458 4426 Montalemberti
478 4367 648 4428 memoriam
669 4365 829 4424 bonoravit
874 4363 968 4422 Felici
990 4361 1165 4439 Dupaulonp
1186 4379 1219 4424 se
1242 4366 1350 4424 veteris
1371 4381 1442 4424 con-

220 4470 380 4530 suetudinis
408 4487 566 4531 memorem
596 4485 661 4530 eme
692 4469 834 4544 probarit.
880 4468 1055 4528 Lndouicum
1077 4467 1207 4528 l'euillot
1228 4485 1331 4529 serere
1350 4472 1442 4528 corri-

218 4575 289 4652 puit
342 4575 440 4634 Etiam
474 4575 693 4650 Duellingerum
728 4573 870 4631 benevole
904 4579 935 4632 et
968 4571 1126 4632 honorifica
1159 4573 1196 4632 ad
1232 4589 1266 4632 se
1298 4591 1440 4634 revocare
