3202 5058
174 299 180 306 ¹
226 313 261 366 60
712 317 814 365 Pluris
833 317 945 367 Puroms

226 528 362 602 gallicum
386 529 509 606 edidit,¹
533 531 739 604 Hieronymum
761 529 906 603 quendam
931 531 1097 604 episcopum
1119 528 1267 602 depingit,
1289 545 1346 586 non
1365 527 1440 586 malo

226 633 477 708 hypochoudriaco
509 629 555 714 (nt
590 637 646 710 ipsi
669 629 852 716 videbatur),
885 635 937 694 sed
969 652 1043 694 novo
1069 634 1204 708 dogmate
1231 639 1438 707 aegrotantem.

227 737 349 798 Frustra
362 738 489 814 Romae,
511 741 655 800 Ketteleri
678 741 856 814 simillimus,
877 741 1028 813 quominus
1045 739 1118 798 illud
1139 738 1358 812 decerneretur,
1380 755 1440 796 ser·

228 843 359 902 monibus
393 851 423 902 et
452 845 581 919 seriptis,
627 845 823 904 obtestatione
865 853 895 904 et
925 845 1061 919 precibus
1096 844 1250 918 prohibere
1279 843 1439 903 studuerat

227 947 305 1006 Nihil
336 965 449 1024 eorum,
478 965 553 1023 quae
580 967 599 1008 a
627 951 749 1009 concilio
779 955 962 1024 speraverat,
989 951 1027 1009 ab
1047 951 1104 1008 hae
1125 949 1206 1008 curia
1227 965 1351 1022 uuquam
1373 963 1441 1006 cou-

227 1069 339 1112 cessum
373 1055 411 1113 iri
442 1054 572 1129 videbat,
605 1071 700 1129 neque
734 1057 840 1114 seriam
873 1055 1014 1114 abusuum
1053 1054 1305 1128 reformationem,
1345 1069 1439 1127 neque

227 1159 335 1216 interni
366 1165 397 1218 et
431 1160 591 1234 spiritualis
621 1159 831 1220 Christianismi
862 1161 1086 1234 promotionem,
1118 1177 1214 1234 neque
1245 1158 1440 1218 desideratam

228 1263 371 1322 ecclesiae
405 1279 470 1322 curn
509 1265 671 1325 sanioribus
702 1266 786 1340 hujus
821 1267 960 1340 temporis
992 1265 1132 1325 doctrinis
1164 1264 1440 1324 reconciliationem.

228 1366 350 1425 Domum
373 1384 508 1428 reversus
535 1371 623 1428 miras
648 1385 697 1429 res
720 1371 909 1429 circumcirca
931 1370 1151 1442 animadvertit3
1179 1369 1210 1428 iu
1231 1369 1297 1442 ipsa
1314 1368 1441 1427 dioecesi

228 1487 281 1530 sua
301 1471 495 1533 clandestinos
515 1475 713 1550 adversarios,
741 1476 840 1550 plures
862 1491 947 1550 quam
970 1491 1096 1549 unquam
1119 1475 1315 1548 cogitaverat,
1344 1473 1440 1548 palam

229 1577 334 1650 factos3
359 1579 575 1654 ephemeridas,
597 1596 741 1654 quassus
763 1582 937 1640 auctoritate
952 1578 1131 1656 firmaverat,
1146 1583 1208 1654 jam
1230 1579 1285 1638 sibi
1307 1579 1362 1651 ipsi
1384 1594 1441 1636 non

229 1687 396 1758 parcentem
416 1683 571 1742 excitatum
594 1685 747 1744 multorum
769 1686 942 1759 clamorem,
964 1685 1069 1758 probro
1090 1685 1144 1744 eibi
1159 1683 1344 1756 venantium,
1366 1681 1441 1755 quod

228 1785 338 1846 Romae
366 1786 476 1862 degens
497 1789 636 1862 pietatem
659 1805 730 1864 erga
751 1791 960 1849 sanctissimum
986 1795 1099 1864 patrem
1122 1789 1268 1863 laesisset,
1299 1787 1440 1847 ecclesiae

228 1889 357 1950 hostibus
389 1891 559 1967 placuisset3
590 1895 711 1954 aliorum
740 1895 943 1970 contumelias,
980 1895 1131 1968 epistolam
1160 1892 1335 1967 pectoralem
1361 1891 1440 1950 illam

228 1993 398 2071 ridentium,
432 2013 489 2070 qna
522 2015 586 2056 cum
616 1998 755 2058 fratribus
790 2000 933 2074 episcopie
966 1999 1147 2058 Germanicis
1179 2003 1248 2056 ante
1288 1996 1440 2056 concilium

229 2101 408 2160 sollemniter
433 2101 649 2178 declaraverat,
676 2102 740 2164 fieri
771 2120 829 2162 uon
850 2121 937 2179 posse
966 2111 1000 2163 ut
1019 2119 1126 2162 novum
1142 2102 1248 2177 dogma
1269 2100 1441 2160 christanis

229 2205 439 2280 imponeretur3
467 2207 593 2283 denique
622 2225 686 2284 eos,
713 2226 784 2283 quos
808 2211 839 2268 iu
866 2209 998 2268 omnibus
1027 2209 1202 2283 gravissimis
1224 2206 1441 2282 quaestiouibus

229 2326 328 2368 secum
355 2311 464 2370 sentire
486 2319 623 2387 noverat,
645 2315 836 2390 perterritos,
866 2319 975 2388 mutos,
997 2313 1101 2388 pedem
1122 2312 1294 2372 referentes.
1338 2311 1440 2385 Neque

229 2413 274 2472 his
301 2416 428 2473 animum
451 2415 560 2475 addere
587 2417 683 2492 licuit,
716 2417 876 2476 timendum
906 2425 970 2477 erat
1005 2435 1042 2476 ne
1064 2417 1321 2492 pelaeocatlvolicis
1343 2431 1441 2474 acces·

229 2519 302 2576 sisse
330 2518 487 2579 videretur.
541 2521 596 2592 Qui
625 2537 796 2596 quamquam
824 2524 1056 2596 praeclarissime
1085 2522 1227 2596 quaedem
1255 2521 1442 2596 scripserant,

230 2624 367 2698 episcopo
404 2629 502 2683 tamm
538 2624 765 2702 displicuerunt,
801 2627 915 2686 seilicet
944 2627 1080 2686 dedecuit
1109 2628 1215 2702 laicos,
1246 2627 1442 2701 presbyteros,

230 2725 409 2804 professores
443 2729 532 2788 altam
567 2731 597 2788 in
639 2731 762 2790 ecclesia
798 2749 900 2816 vocem
940 2731 1052 2792 tollere.
1112 2733 1179 2808 Ipse
1210 2732 1369 2806 adjungere
1407 2731 1443 2788 iis

230 2837 345 2908 poterat
368 2833 563 2908 episcopalem
584 2837 800 2912 anctoritatem,
823 2837 875 2896 sed
897 2838 939 2896 sie
960 2838 1127 2897 incursurus
1150 2844 1215 2896 erat
1233 2839 1264 2896 iu
1279 2835 1443 2895 ambitionis

230 2937 436 3012 suspicionem,
462 2940 543 3012 quasi
570 2945 709 3014 papatum
738 2941 883 3014 quendam
904 2939 1095 3002 Germanicae
1116 2943 1258 3002 ecclesiae
1281 2945 1441 3016 appeteret

229 3042 389 3103 Praeterea
404 3051 652 3104 consummaretur
671 3045 810 3122 schnma,
830 3048 893 3121 ipse
908 3045 1033 3106 fortasse
1053 3047 1276 3106 haeresiarchae
1295 3043 1442 3105 infandam

229 3148 424 3210 contraheret.
472 3149 621 3210 mennas
651 3151 797 3212 interdum
830 3150 985 3227 fundebat,
1021 3153 1150 3228 cogitans
1178 3149 1243 3210 fieri
1278 3167 1380 3225 posse,
1410 3155 1443 3207 ut

229 3255 347 3314 rebellis
377 3255 515 3315 adversus
542 3257 697 3318 ecclesiam
726 3264 848 3318 matrem
874 3263 1016 3332 surgeret.
1068 3258 1221 3318 Neminem
1247 3253 1375 3316 habebat
1396 3254 1443 3312 cui

230 3364 322 3416 totum
347 3375 398 3418 cor
426 3377 507 3419 snum
540 3361 749 3422 manifestaret
808 3363 971 3437 scripserat
1007 3364 1149 3438 episcopis
1177 3361 1363 3436 quibusdam,
1394 3359 1443 3432 qui

230 3461 338 3520 Romae
362 3481 461 3522 secum
482 3463 625 3524 fecerant:
648 3485 771 3540 quorum
793 3467 945 3526 nonnullos
966 3467 1093 3526 uondnm
1115 3483 1147 3527 se
1170 3465 1328 3540 subjecisse
1351 3466 1442 3523 laeta·

230 3566 324 3626 batur.
375 3565 433 3627 Sed
461 3585 527 3626 mox
562 3571 680 3630 evannit
709 3587 776 3644 spes
805 3567 868 3628 fore
898 3576 930 3628 ut
963 3572 1044 3630 curia
1073 3571 1129 3630 eibi
1157 3577 1188 3630 et
1214 3571 1272 3630 illis
1301 3572 1441 3643 parceret

230 3671 403 3730 lustitemut
423 3671 454 3730 in
477 3689 542 3732 eom
564 3691 661 3733 coram
683 3675 813 3748 delegati
836 3675 934 3734 curiae
954 3675 1028 3734 alius
1050 3681 1115 3749 post
1137 3675 1234 3750 alium,
1255 3673 1443 3748 postulantes,

229 3781 262 3835 ut
286 3793 391 3835 novum
416 3775 520 3851 dogma
549 3778 666 3838 tandem
688 3780 897 3854 proclamaret,
924 3779 1069 3838 serviliter
1090 3797 1122 3839 se
1144 3779 1311 3852 subjiceret.
1356 3777 1391 3836 ld
1412 3792 1443 3834 se

230 3899 288 3942 nou
309 3897 395 3956 posse
421 3881 550 3957 putabat
595 3883 649 3944 His
676 3885 766 3959 igitur
787 3884 874 3943 rebus
894 3891 992 3944 mente
1014 3891 1171 3959 occupatus
1191 3891 1224 3944 ct
1243 3899 1336 3957 paene
1361 3883 1443 3940 obru-

231 3993 290 4060 tus,
312 3987 384 4047 licet
406 3987 478 4048 alias
500 3989 613 4062 patriae
637 3988 830 4048 Germanicae
845 3989 1071 4064 amantissimus,
1092 3989 1260 4063 praesentia
1284 3989 1346 4061 ejus
1368 3985 1443 4059 pen’·

231 4091 295 4150 cula
317 4097 349 4150 et
370 4093 507 4152 victorias
529 4099 674 4168 tamquam
696 4093 885 4154 semisomnus
903 4093 1068 4169 ignorabat:
1089 4093 1160 4152 nihil
1183 4094 1310 4152 attinere
1326 4090 1363 4150 ad
1379 4105 1442 4148 eum

229 4193 410 4254 videbantur.
455 4197 537 4256 Tunc
564 4199 690 4258 ecclesia
717 4199 841 4258 crudelis
870 4205 900 4259 et
922 4199 1103 4273 degenerata
1127 4201 1224 4256 mater
1246 4198 1274 4254 ei
1297 4211 1361 4254 ease
1383 4194 1444 4252 visa

229 4305 291 4376 est,
314 4305 414 4376 utpote
436 4317 511 4374 qnae
532 4303 598 4363 novi
621 4303 799 4363 Diocletiani
819 4305 912 4364 instar
931 4309 1082 4378 posceret,
1104 4307 1138 4360 ut
1159 4300 1237 4360 idolo
1259 4297 1444 4360 sacrificaret.

330 4493 443 4500 ..nm—.-
474 4493 483 4498 -

325 4629 351 4698 1)
369 4630 418 4682 Die
435 4629 559 4697 Heiligan
576 4630 628 4680 nnd
647 4629 689 4681 die
706 4630 799 4694 Ritter,
819 4633 893 4681 1878.
