3156 5056
654 293 747 344 Gneus
765 295 824 347 Vll.
1294 299 1344 352 197

131 385 539 392 ———--———-———-—-—-

127 509 179 567 sed
209 509 364 568 secundum
395 526 430 567 ea
460 525 535 582 quae
561 513 715 582 persecuta
744 510 802 566 sint
827 509 970 581 jndicare.
1015 511 1078 568 Hoc
1106 513 1200 570 auium
1224 513 1346 572 Lutberi

126 613 237 686 studia,
261 613 363 686 quibus
386 615 534 686 ingenium
557 615 621 685 ejus
643 631 675 672 se
698 613 908 686 manifestavit,
931 613 1100 687 descripturi
1124 632 1229 676 sumus.

216 717 279 787 Qua
309 719 339 775 in
368 735 401 776 re
432 719 500 777 inde
527 719 590 776 sine
618 718 705 776 dnbio
728 717 967 790 proficiscendum
990 719 1073 776 nobis
1096 725 1154 792 est,
1185 720 1262 792 quod
1284 721 1344 794 ille,

126 823 171 881 sui
194 823 332 894 temporis
354 824 438 895 signa
460 829 540 881 recte
566 823 752 896 intellegens,
782 820 939 880 nobiliores
968 823 1152 881 classicorum
1181 823 1345 884 litterarum

126 931 277 1000 patronos,
317 927 447 1000 inprimis
478 927 645 1000 Erasmum,
674 921 708 986 'ut
739 928 890 1001 magistros
921 927 1112 987 libentissime
1144 933 1260 986 secutus
1291 935 1345 987 cst.

126 1031 227 1104 ltaque
250 1031 388 1104 quidquid
410 1049 497 1092 verae
521 1037 551 1090 et
570 1047 659 1090 sanae
683 1031 869 1090 humanitatis
892 1031 922 1088 in
946 1031 1004 1088 illis
1024 1031 1127 1090 studiis
1146 1033 1255 1106 inerat,
1278 1049 1343 1090 cum

127 1151 196 1194 vera
223 1141 254 1195 et
283 1153 355 1194 sana
384 1138 494 1210 pietate
526 1137 684 1196 christiana
715 1137 883 1195 consociare
912 1137 1067 1218 nitebatur.
1113 1137 1147 1196 In
1177 1138 1251 1198 banc
1281 1156 1343 1196 rem

122 1241 182 1312 jam
210 1240 394 1314 adulescens,
422 1258 509 1314 quum
537 1241 733 1300 universitatis
755 1241 936 1300 Erfurtonsis
959 1242 1030 1300 civis
1053 1247 1144 1317 esset,
1174 1243 1342 1303 incumbere

126 1349 272 1418 coeperat.
318 1345 382 1403 lllic
404 1345 542 1403 musicum
564 1345 680 1418 quidem
701 1351 732 1404 et
753 1344 954 1418 philosophum
978 1345 1122 1404 eruditum
1143 1363 1214 1420 prae
1237 1349 1343 1406 ceteris

126 1448 163 1506 ab
190 1450 291 1507 amicis
321 1448 449 1508 habitum
478 1467 544 1508 eum
569 1466 634 1508 esse
660 1449 764 1508 crocus
785 1449 935 1508 Rubiauus
956 1455 1104 1509 memorat
1149 1451 1343 1512 Nihilominus

126 1554 215 1612 etiam
247 1554 475 1625 elegantioribus
505 1555 609 1612 litteris
639 1571 703 1614 eum
732 1561 801 1612 tunc
824 1572 855 1612 se
878 1554 994 1612 dedisse
1018 1559 1130 1612 certum
1153 1562 1207 1614 est.
1253 1557 1341 1616 Teste

125 1657 352 1716 Melancbthone
380 1659 532 1732 ,pleraque
560 1659 729 1718 Latinorum
757 1661 927 1732 scriptorum
955 1666 1154 1733 monumenta,
1184 1660 1342 1736 Ciceronis,

127 1762 256 1837 Virgilii,
276 1763 351 1820 Livii
374 1768 404 1821 et
426 1763 564 1836 aliorum,
586 1765 713 1838 legerat,
737 1781 831 1837 neque
856 1771 887 1822 ut
908 1765 993 1838 pueri
1010 1764 1099 1823 verba
1113 1769 1225 1824 tantum
1242 1783 1341 1825 excer-

125 1872 243 1941 pentes,
274 1868 325 1925 sed
349 1871 381 1925 ut
402 1867 546 1926 humanae
569 1868 645 1926 vitae
666 1869 826 1927 doctrinam
856 1873 906 1926 aut
935 1869 1106 1942 imaginem;
1136 1876 1168 1927 ut
1194 1876 1258 1928 erat
1284 1889 1344 1930 me·

126 1973 218 2030 moria
238 1969 317 2028 fideli
341 1977 373 2030 et
395 1970 490 2044 firma,
519 1972 660 2045 pleraque
689 1973 716 2030 ei
746 1973 822 2031 lecta
844 1979 875 2030 et
897 1973 996 2031 audita
1018 1974 1049 2030 in
1073 1979 1228 2046 conspectu
1252 1981 1282 2032 et
1304 1975 1341 2032 ob

126 2075 225 2134 oculos
247 2077 349 2134 erant‘
394 2077 490 2146 Quare
513 2092 571 2134 non
593 2077 711 2148 mirum,
735 2077 809 2149 quod
833 2077 976 2134 nonnullis
998 2077 1135 2134 librorum
1158 2093 1230 2148 quos
1253 2079 1342 2137 latine

128 2181 286 2254 composuit
315 2180 400 2258 locis,
430 2181 479 2239 ubi
510 2198 617 2252 operae
646 2181 771 2254 pretium
801 2182 828 2238 ei
855 2183 946 2240 visum
975 2187 1032 2255 cst,
1059 2181 1185 2252 aliquem
1212 2187 1342 2242 veterum

125 2285 295 2359 scriptorum
327 2287 451 2344 colorem
481 2287 632 2359 ingeniose
659 2283 762 2344 reddit
809 2285 988 2358 Quamquam
1012 2288 1041 2344 in
1065 2287 1243 2360 uuiversum,
1273 2287 1342 2345 solis

126 2390 214 2450 rebus
237 2391 378 2464 interum,
410 2407 560 2449 nervosam
586 2391 788 2464 potiusquam
815 2391 979 2464 elegantem
1005 2391 1180 2450 latinitatem
1203 2390 1341 2450 exhibere

127 2495 247 2554 studuit.
297 2495 426 2554 Graecas
458 2495 584 2570 litteras,
618 2511 739 2568 quarum
773 2496 941 2570 magistrum
970 2495 1080 2554 Erlurti
1109 2497 1235 2555 nondum
1262 2497 1342 2555 inve-

125 2605 222 2676 nerat,
245 2600 343 2658 multis
366 2602 450 2658 annis
472 2605 538 2673 post
560 2600 714 2676 addidicit,
736 2618 831 2673 neque
857 2608 977 2674 praeter
998 2601 1108 2660 Novum
1124 2601 1341 2660 Testamentum

125 2705 231 2777 legisse
255 2705 345 2762 multa
367 2703 482 2762 Graeca
504 2705 634 2778 videtur,
665 2706 803 2764 nonnulla
830 2711 927 2764 tamon
956 2707 1077 2778 legerat.
1122 2705 1205 2777 Quod
1227 2707 1282 2780 ipsi
1306 2725 1341 2766 ex

126 2809 179 2866 hac
199 2815 284 2882 parto
300 2809 414 2883 deerat,
438 2809 699 2870 cMelancbtbone
723 2811 890 2884 plenissime
913 2811 1054 2883 possideri
1078 2811 1229 2869 admodum
1251 2812 1342 2871 laeta-

125 2914 219 2972 batur.
279 2913 387 2972 Summi
414 2915 551 2972 momenti
582 2931 646 2974 esse
679 2914 857 2974 Graecorum
885 2915 1008 2973 mamare
1039 2922 1225 2974 monumenta
1254 2931 1340 2988 quam

124 3017 343 3093 diligentissime
365 3020 550 3093 perquirere,
570 3021 651 3092 quasi
674 3020 878 3092 praesagiente
902 3021 998 3076 animo
1021 3019 1176 3077 divinabat.

212 3123 372 3182 Praeterea
401 3141 470 3183 vero
499 3125 601 3182 intima
633 3123 684 3182 illa
713 3125 802 3182 animi
832 3123 1091 3196 contemplatione,
1126 3141 1162 3181 ex
1193 3139 1250 3195 qua
1280 3123 1341 3181 sola

124 3229 214 3287 etiam
242 3227 280 3286 ad
302 3227 443 3303 agendum
470 3227 591 3287 idoneas
613 3229 690 3286 vires
715 3227 880 3302 hauriebat,
912 3227 953 3284 uti
976 3227 1071 3284 Deum
1096 3244 1130 3286 ac
1157 3243 1205 3285 res
1228 3226 1340 3286 divinas

124 3335 165 3391 ita
186 3333 348 3392 universam
368 3339 532 3392 creaturam
547 3334 682 3407 amplecti
700 3332 873 3405 conabatur,
897 3331 1002 3404 quippe
1023 3349 1112 3406 quae,
1135 3332 1204 3390 licet
1218 3337 1340 3405 peccato

124 3437 283 3511 maculata,
305 3438 417 3510 origine
441 3445 472 3496 et
492 3439 586 3510 prima
607 3438 768 3496 substantia
791 3453 844 3496 sua
867 3435 944 3495 bona
967 3441 1052 3496 esset.
1100 3437 1140 3496 Et
1167 3437 1340 3496 dialecticae

124 3543 306 3615 sagacitatis,
337 3547 367 3600 et
390 3542 527 3615 mysticae
550 3541 769 3616 profunditatis,
792 3519 915 3615 qualem*
930 3543 960 3599 in
984 3541 1110 3600 Taulero
1140 3548 1171 3601 et
1199 3543 1229 3599 in
1253 3542 1340 3616 ,Ger-

124 3647 255 3704 manicae
286 3646 462 3719 tbeologiae‘
495 3647 594 3706 libello
625 3647 755 3722 amabat,
789 3649 863 3706 latos
893 3648 976 3721 quasi
1007 3663 1123 3721 campos
1153 3649 1214 3707 acri
1245 3648 1339 3705 inten-

124 3757 212 3823 toque
242 3751 338 3810 animo
367 3767 538 3824 permensus
568 3757 641 3810 crat.
693 3751 815 3810 Praeter
849 3752 981 3824 antiquas
1016 3752 1131 3824 linguas
1165 3757 1194 3809 et
1224 3751 1338 3808 litteras

125 3855 214 3913 etiam
237 3854 423 3914 domesticam
445 3857 522 3930 vulgi
545 3857 732 3930 sapientiam,
760 3857 789 3913 in
811 3856 986 3929 proverbiiS,
1006 3857 1094 3929 jocis,
1118 3853 1339 3912 narratiunculis

124 3960 323 4034 conspicuam,
353 3961 503 4032 requirere
534 3965 565 4018 et
593 3959 732 4018 adbibere
760 3959 879 4017 solebat.
925 3959 1060 4016 Historiis
1083 3965 1113 4015 et
1131 3959 1284 4032 praeteriti
1308 3963 1339 4015 et

123 4065 287 4136 praesentis
317 4066 454 4138 temporis
481 4065 642 4124 delectatus
675 4069 719 4124 est
755 4079 862 4136 casque
899 4062 1128 4135 ingeniosissime
1162 4061 1239 4120 baud
1269 4077 1337 4120 raro

125 4169 224 4228 attulit
242 4175 273 4228 ot
295 4169 459 4242 applicavit.
496 4169 542 4226 Ad
566 4168 726 4228 credendos
747 4167 961 4241 superstitiosos
977 4166 1114 4241 quosdam
1130 4183 1258 4226 rumores
1274 4183 1338 4224 cum
1410 4161 1415 4170 ’

126 4273 255 4345 plurimis
276 4275 445 4346 aequalibus
467 4277 547 4349 justo
569 4273 681 4332 facilior
704 4279 780 4346 erat,
811 4273 983 4347 astrologica
1007 4271 1119 4330 somnia
1141 4279 1242 4330 contra
1264 4289 1339 4329 sum·

128 4393 237 4436 morum
262 4385 331 4437 tunc
354 4380 536 4452 ingeniorum
555 4379 758 4438 auctoritatem
776 4377 929 4450 rejiciebat
950 4383 1036 4450 atque
1057 4376 1179 4436 ridebat.
1218 4375 1340 4434 Summis

126 4482 214 4540 rebus
236 4489 394 4556 occupatus
416 4501 453 4541 no
474 4485 606 4542 minimas
622 4481 736 4557 quidem
752 4481 944 4556 neglegebat,
967 4481 1041 4554 quod
1066 4487 1096 4539 et
1116 4482 1257 4553 epistolae
1277 4483 1340 4554 ejus

124 4587 279 4646 ostendunit
306 4573 337 4647 et
359 4594 402 4648 tot
423 4587 621 4662 praelationes
642 4589 724 4648 libris
747 4589 821 4647 varii
846 4587 1007 4661 argumenti
1030 4587 1153 4656 abaliis
1175 4587 1341 4661 compositis
