3202 5036
157 497 294 557 00001000
326 497 469 558 ccclesiae
502 503 534 555 et
567 497 745 571 episcopatui
775 511 876 569 pacem
905 493 1050 554 redderet.
1100 491 1181 566 Papa
1212 491 1280 550 filiis
1307 490 1376 562 suis,

156 617 235 672 quos
267 602 395 676 vocabat,
424 601 556 676 promisit
586 617 617 659 se
646 600 789 660 iacturum
819 599 894 673 quod
924 598 1022 658 facere
1051 603 1162 670 posset,
1194 596 1246 654 sed
1273 595 1376 652 miram

157 707 353 780 ignorantiam
382 722 465 766 suam
494 713 525 765 ct
552 706 702 766 levitatem
732 705 821 764 animi
843 703 1023 779 patefaciens
1045 701 1169 775 addidit,
1197 717 1228 759 se
1250 697 1377 760 noudum

157 810 270 884 legisse
293 813 412 871 schema
441 811 477 870 dc
506 829 563 884 quo
590 817 737 884 ageretur,
764 825 819 868 uec
848 811 924 869 scire
954 809 1023 882 quid
1055 807 1227 868 contineret.
1272 803 1377 863 Tribus

158 915 267 973 diebus
294 921 361 990 post
383 916 526 975 Jesuitica
548 931 630 990 pars,
663 917 743 989 cujus
766 932 866 974 servus
888 913 1024 973 Pontifex
1047 917 1124 986 erat,
1147 911 1287 969 famosum
1305 907 1377 966 illud

158 1017 312 1079 decretum
339 1038 358 1079 a
384 1021 506 1080 concilio
539 1019 718 1094 probandum
747 1021 872 1094 curavit,
900 1018 1037 1094 ,Romani
1062 1015 1209 1076 Pontificis
1235 1010 1376 1073 definitio·

158 1140 215 1182 nes
241 1141 302 1184 esse
332 1142 368 1184 ex
392 1141 476 1199 sese,
506 1141 564 1184 nou
590 1131 689 1184 autom
717 1141 753 1183 ex
775 1139 918 1184 consensu
946 1123 1102 1196 ecclesiae,
1132 1118 1376 1180 irreformabiles‘

160 1227 247 1286 llaec
266 1229 362 1288 omnia
380 1235 517 1288 accurate
538 1230 606 1288 scin*
629 1245 647 1287 a
667 1228 855 1303 Doellingero
879 1227 1028 1286 Scherrius
1048 1243 1106 1284 non
1127 1224 1286 1300 ignoravit,
1315 1222 1377 1294 ipss

161 1333 297 1392 nimirum
328 1334 377 1393 die
404 1340 470 1408 post
492 1334 617 1392 reditum
642 1351 678 1392 ex
701 1334 822 1392 concilio
845 1333 1033 1406 Doelliugero
1063 1331 1185 1404 aliisque
1207 1325 1378 1402 professori-

161 1436 219 1496 bus
248 1438 473 1498 lfouacensibus
505 1445 641 1498 accurate
676 1439 773 1497 omnia
799 1443 984 1512 narraverat,
1012 1435 1118 1496 additis
1153 1435 1224 1493 satis
1252 1430 1376 1490 incautis

162 1547 252 1614 atque
273 1542 406 1615 insipidis
428 1543 541 1616 verbis,
564 1543 668 1616 quibus
690 1543 749 1616 illi,
782 1559 869 1616 quum
891 1541 983 1600 Roma
1002 1542 1099 1600 locuta
1121 1543 1211 1611 esset,
1235 1536 1273 1596 ad
1294 1537 1378 1594 obse·

164 1645 227 1718 quii
257 1647 379 1720 gloriam
410 1645 662 1720 provocarentur.¹
714 1647 844 1706 Fortiter
873 1650 942 1705 tunc
978 1663 1043 1704 cum
1071 1645 1258 1716 Doellingero
1289 1641 1378 1699 etiam

164 1747 346 1810 doctissimus
364 1751 523 1827 Haneberg
550 1753 714 1826 restiterat,
744 1757 848 1825 postea
875 1751 988 1809 demum
1020 1766 1076 1808 uon
1100 1749 1162 1808 sine
1184 1745 1378 1806 conscientiae

167 1854 295 1912 cruciatu
326 1871 391 1914 cum
419 1854 536 1916 Helelio
571 1857 694 1930 gloriam
720 1856 800 1914 illam
835 1861 1050 1914 consecuturus.
1110 1852 1190 1923 Quae
1224 1865 1310 1924 quum
1337 1849 1379 1906 ita

168 1963 277 2034 essent,
312 1959 453 2033 quomodo
491 1962 642 2035 episcopus
683 1961 867 2020 Monacensis
899 1958 1078 2033 Doellingeri
1120 1954 1307 2030 disputationi
1341 1952 1378 2011 de

168 2079 241 2122 novo
269 2063 405 2137 dogmate
432 2065 535 2124 adesse
564 2067 700 2139 poterat?
751 2065 806 2124 Vel
836 2065 979 2123 tristiores
1004 2064 1035 2120 in
1062 2078 1099 2120 ea
1123 2078 1156 2120 re
1186 2063 1285 2132 partes
1317 2057 1379 2128 ejus

168 2165 301 2243 fuissent,
323 2185 409 2242 quam
424 2169 683 2244 Rottenburgousis
700 2171 837 2243 episcopi,
860 2185 947 2241 quum
963 2165 1149 2226 Constantius
1164 2161 1378 2222 revocationem

169 2287 247 2332 snam
267 2273 433 2334 balbutiret.
478 2275 517 2332 Hi
540 2275 595 2334 viri
617 2291 730 2350 omnes,
753 2275 803 2348 qui
825 2273 951 2333 decretis
973 2269 1151 2330 sollemniter
1171 2271 1259 2327 antea
1280 2281 1378 2337 repro-

170 2375 242 2435 batis
262 2384 364 2450 postea
387 2379 534 2437 serviliter
555 2393 587 2438 se
610 2380 803 2453 subjecerant,
818 2377 979 2437 miserrime
1001 2375 1096 2435 animo
1117 2371 1203 2432 fracti
1223 2375 1254 2430 st
1272 2369 1380 2443 deiecti

170 2487 258 2540 eraut
304 2482 338 2542 Id
367 2483 443 2556 quod
462 2483 598 2542 nonnulli
629 2481 753 2542 fortasse
782 2481 928 2542 laudabile
951 2482 1039 2541 animi
1059 2479 1211 2540 christiani
1233 2492 1265 2538 se
1285 2476 1379 2550 ipsum

169 2587 330 2659 spernentis
360 2586 531 2646 sacrificium
559 2587 716 2662 ducebant,
750 2603 854 2648 revera
886 2587 1117 2660 crudelissimae,
1144 2600 1229 2658 quam
1255 2597 1380 2656 uuquam

168 2691 243 2750 orbis
261 2690 385 2766 viderat,
408 2693 567 2765 spiritualis
590 2692 750 2766 tyrannidis
772 2691 883 2752 fructus
899 2697 970 2752 orat.
1014 2691 1173 2750 Jesuiticaa
1187 2689 1278 2762 partis
1292 2687 1381 2745 duces

168 2797 297 2868 perfecte
316 2797 464 2874 cognitum
483 2797 641 2872 habebant,
665 2799 814 2871 episcopos
834 2798 898 2856 illos
913 2814 971 2856 uon
990 2813 1044 2855 sua
1058 2801 1161 2868 sponte
1177 2809 1208 2852 so
1224 2791 1380 2865 subiecisse

168 2894 352 2980 (quamquam
384 2901 414 2960 id
442 2902 621 2975 persuadere
652 2903 706 2962 sibi
734 2895 919 2982 studebant),
952 2901 1004 2960 sed
1037 2899 1198 2973 conjunctis
1227 2897 1380 2955 multorum

168 3005 275 3064 viribus
299 3007 522 3082 circumventos,
544 3007 628 3068 fatali
650 3007 764 3066 cuidam
786 3007 954 3066 necessitati
975 3006 1104 3064 cessisse.

256 3127 347 3199 Quum
371 3127 434 3186 dha
458 3129 509 3187 illa
531 3129 690 3188 necessitas
712 3127 901 3188 nobilioribus
924 3132 955 3186 ct
974 3124 1124 3184 altioribus
1146 3119 1314 3194 quibusdam
1336 3120 1381 3176 in·

168 3232 261 3304 geniis
287 3230 390 3305 fuerit,
413 3249 500 3305 quum
523 3235 693 3294 constrictos
714 3251 745 3292 se
769 3249 833 3292 esse
856 3231 938 3290 inviti
961 3229 1015 3288 sibi
1038 3228 1108 3302 ipsis
1123 3227 1294 3297 faterentur,
1320 3227 1380 3280 tam

169 3337 286 3410 egregie
314 3337 467 3410 descripsit
494 3337 619 3397 Levinus
650 3338 832 3411 Schdckiug,
861 3341 893 3394 ut
923 3351 959 3394 ex
985 3335 1059 3393 libro
1090 3333 1152 3406 ejus
1173 3329 1311 3390 nonnulla
1334 3327 1381 3387 hic

168 3441 273 3500 afferre
304 3439 393 3500 officii
416 3443 525 3501 ducam.
572 3441 714 3502 Fabulam
737 3457 807 3502 saue
828 3445 936 3500 narrat.
981 3439 1040 3500 Sed
1061 3439 1093 3498 id
1115 3437 1190 3512 quod
1209 3433 1383 3495 Aristoteles

167 3543 251 3618 dicit,
280 3547 381 3618 poesin
411 3547 502 3619 magis
524 3547 747 3621 philosophicam
773 3561 945 3619 essequam
967 3545 1131 3619 historiam,
1159 3543 1190 3602 id
1210 3539 1382 3616 praesertim

168 3649 258 3706 etiam
285 3649 323 3707 ad
343 3649 548 3710 describendos
575 3651 733 3710 animorum
756 3657 863 3724 motus,
895 3651 1058 3725 praesentis
1081 3649 1219 3722 temporis
1242 3644 1382 3720 proprios,

166 3753 353 3812 referendum
376 3770 441 3813 csso
469 3755 668 3829 judicaverim.
713 3755 857 3830 Egregius
887 3756 938 3814 illo
960 3755 1160 3828 Westphaliae
1181 3756 1268 3825 poeta
1289 3747 1384 3806 eccle·

167 3857 230 3916 siae
263 3855 555 3918 Romanocatholicae
595 3860 672 3918 haud
707 3861 838 3934 ingratus
876 3861 951 3919 filius
988 3865 1040 3918 est.
1088 3858 1122 3915 ln
1156 3871 1213 3929 qua
1244 3849 1382 3926 quidquid

166 3961 281 4035 pulchri
304 3968 335 4020 et
355 3964 451 4038 magni
475 3981 627 4038 superesse
650 3964 728 4022 videt
750 3965 878 4024 libenter
899 3965 1043 4037 celebrat3
1069 3959 1195 4035 ingentis
1217 3955 1384 4016 mutationis

167 4067 199 4124 in
221 4068 305 4140 pejus
325 4066 435 4143 fmtae,
456 4083 513 4142 qua
534 4069 594 4126 illic
617 4069 785 4141 pravissima
807 4085 939 4143 quaeque
961 4065 1163 4127 increscebant
1191 4069 1222 4122 ot
1243 4063 1381 4138 paulatim

167 4171 393 4246 praevalebant,
420 4173 512 4232 tristis
539 4189 593 4246 per
620 4163 736 4247 lo'ngum
763 4179 875 4247 tempus
905 4178 1053 4246 spectator
1075 4178 1106 4232 et
1128 4171 1295 4230 observator
1318 4167 1381 4225 fuit.

167 4275 225 4333 llic
246 4275 337 4348 igitur
357 4279 390 4336 iu
411 4279 580 4338 narratione
602 4277 793 4352 Romaueusi,
826 4293 912 4352 quam
934 4277 1021 4352 paulo
1045 4284 1110 4352 post
1127 4279 1235 4338 bellum
1255 4277 1381 4336 Franco·

262 4583 288 4648 1)
307 4579 454 4650 Friedrich,
477 4587 614 4652 'fagobuoh
634 4593 680 4638 etc.
698 4605 723 4653 p.
737 4593 788 4638 389
801 4605 832 4638 00.
870 4587 907 4637 01.
928 4587 1051 4644 Quirinus
1069 4590 1085 4640 l.
1105 4605 1125 4641 c.
1145 4605 1170 4652 p,
1183 4593 1234 4638 dil
1246 4605 1280 4639 00.
