3134 5054
635 226 726 277 Garun
745 225 822 278 XIII.
1281 225 1333 279 ele

98 435 155 493 his
193 435 268 494 euim
297 435 349 494 illa
378 435 456 496 dicta
483 430 565 517 aunt)
593 438 667 496 tanti
695 438 834 496 tumultus
860 436 1030 497 aLuthero
1055 437 1172 497 excitati
1194 435 1330 496 luissent!

98 539 148 597 At
176 540 239 612 ipse
262 539 402 599 Erasmus
425 542 542 614 saepias
565 547 702 616 testatur,
723 559 756 602 se
780 543 897 616 timere,
924 558 975 616 ne,
999 542 1024 600 ai
1045 541 1191 600 Lutherus
1215 557 1332 614 prorsus

97 660 267 718 oppressus
294 645 396 718 luerit,
426 663 511 705 nemo
542 647 665 720 amplius
694 647 848 706 veritatem
875 645 1006 720 profiteri
1030 663 1151 705 ausurus
1172 646 1219 704 sit
1264 647 1331 720 lpse

99 764 259 820 uunquam
289 755 391 824 negat,
421 749 580 808 Lutherum
611 757 730 825 propter
759 752 849 810 multa
870 767 945 824 quae
968 751 1119 809 verissima
1142 757 1173 808 et
1196 750 1329 810 christia-

100 852 233 910 nissima
252 854 411 928 monuerit,
434 853 559 913 aCuria
579 854 709 914 Romana
733 856 851 928 ejusque
873 853 991 912 asseclis
1012 853 1232 912 condemnatum
1256 871 1330 913 esse.

101 955 163 1030 Hi,
190 962 223 1014 ut
244 957 295 1014 illa
316 957 380 1030 ipsa
395 964 532 1030 tauquam
548 959 700 1018 haeretica
716 965 882 1031 revocaret,
905 958 1011 1016 additis
1034 958 1106 1016 diris
1123 959 1331 1018 exsecrationi·

100 1059 163 1118 bus
190 1058 370 1134 flagitabant.
425 1063 574 1136 Ejusmodi
605 1063 751 1136 tyrannidi
781 1081 812 1122 se
841 1063 1011 1122 submittere
1042 1063 1123 1122 salva
1153 1065 1331 1122 conscientia

101 1181 167 1223 uon
195 1166 295 1237 potuit.
331 1165 395 1225 Deo
418 1165 554 1242 confisus,
575 1169 674 1226 mortis
693 1167 854 1241 periculum
876 1183 1031 1242 spernens,
1051 1167 1227 1228 christianae
1243 1169 1331 1226 liber-

99 1269 196 1342 tatis,
228 1285 312 1342 quam
341 1271 428 1329 toties
458 1271 658 1330 celebraverat
684 1271 838 1344 Erasmus,
869 1269 973 1330 vindex
999 1271 1093 1330 factus
1123 1277 1175 1332 est.
1227 1273 1341 1346 Itaque.

100 1373 253 1431 turnultus
276 1373 342 1432 iude
366 1375 460 1433 exorti
484 1376 569 1448 culpa
591 1375 677 1448 longe
701 1377 841 1450 maiorem
863 1380 975 1448 partem
1000 1376 1030 1433 in
1052 1376 1088 1434 iis
1111 1381 1175 1434 erat
1191 1378 1239 1449 qni
1256 1374 1331 1436 veri-

101 1483 208 1536 tatem
229 1478 391 1550 opprimere
413 1477 592 1538 studueruut
627 1480 661 1538 Id
684 1485 715 1539 et
729 1479 867 1540 Erasmus
889 1479 954 1554 plus
977 1482 1066 1540 semel
1087 1481 1236 1540 coufessus
1256 1477 1331 1554 est¹,

102 1581 160 1638 sed
184 1597 276 1654 saepe
298 1581 428 1641 oblivisci
450 1583 617 1657 videbatur,
648 1583 811 1657 ubicunque
840 1583 877 1642 de
906 1583 1060 1656 ,seditiosa
1081 1583 1218 1643 veritate‘
1241 1585 1331 1644 etde

105 1685 278 1743 vehementi
293 1685 413 1746 Lutheri
436 1687 545 1762 animo,
566 1687 741 1746 tumultuum
753 1690 902 1762 genitore,
922 1689 1012 1746 verba
1027 1687 1162 1748 faciebat.
1196 1688 1332 1760 Lugebat

102 1789 259 1848 turbatam
281 1789 459 1864 reipublicae
481 1792 643 1852 litterariae
665 1807 783 1864 pacem,
806 1793 923 1850 vitiatas
946 1793 1102 1865 amicitias,
1125 1793 1330 1852 exacerbatum

103 1893 205 1950 ubivis
235 1893 452 1966 pharisaeorum
483 1901 514 1953 et
543 1896 735 1970 sophistarum
767 1895 908 1968 fruerem,
944 1897 1115 1954 rusticorum
1148 1896 1330 1970 seditionem,

104 1997 247 2068 neglecta
268 1999 375 2071 passim
396 1999 475 2058 iuter
494 1999 573 2058 fixas
595 1999 766 2058 humaniora
788 1999 892 2058 studia.
930 1998 1011 2070 Quae
1035 1999 1132 2058 omnia
1153 2000 1330 2058 atamachum

105 2101 135 2157 ei
153 2105 313 2176 tantopere
329 2109 493 2178 moverunt,
516 2110 562 2178 ut,
584 2119 756 2177 quamquam
771 2103 959 2162 christianum
974 2103 1074 2162 orbem
1089 2101 1218 2162 Luthero
1234 2103 1330 2175 aliquo

107 2219 200 2276 egere
236 2205 312 2265 benc
344 2213 547 2280 perspexerat,
581 2223 660 2281 mox,
691 2224 779 2280 quum
811 2207 953 2280 venisset,
987 2207 1012 2264 si
1042 2223 1100 2264 uon
1131 2207 1162 2264 in
1192 2205 1329 2266 damnum

107 2309 270 2382 ecclesiae,
301 2315 333 2368 at
362 2310 470 2369 trustra
498 2327 563 2370 eum
593 2313 707 2370 venisse
731 2310 875 2370 interdum
898 2311 1101 2383 suspicaretur.
1148 2310 1210 2368 Hoc
1232 2312 1329 2369 auimo

108 2411 227 2486 scripsit
257 2413 455 2474 laudatissimo
485 2415 561 2488 viro,
590 2413 735 2473 Bilihaldo
763 2414 978 2488 Pirkheimero,
1009 2414 1143 2474 similiter
1172 2415 1328 2474 sentienti:

107 2515 318 2588 ,Vehementer
336 2519 407 2576 mihi
429 2519 523 2592 dolet,
545 2519 606 2578 tale
628 2519 790 2594 ingenium,
814 2517 890 2592 quod
905 2518 1059 2577 videbatur
1073 2517 1200 2577 futurum
1214 2519 1328 2592 insigne

108 2636 251 2694 organum
288 2621 504 2682 ebucciuandae
541 2623 672 2682 veritatis
709 2622 908 2698 evangelicae,
951 2623 993 2681 sic
1026 2628 1229 2696 exasperatum
1261 2638 1328 2681 esee

109 2723 233 2784 rabiosis
252 2726 432 2798 quorundam
455 2721 668 2786 clamoribus.‘¹
1299 2789 1303 2796 .

199 2831 267 2903 Ipse
291 2836 322 2889 et
343 2831 467 2890 schisma
489 2848 554 2890 cum
577 2831 699 2890 tumultu
722 2835 753 2888 et
775 2829 996 2902 pharisaismum
1018 2847 1081 2888 cum
1105 2830 1244 2889 servitute
1268 2831 1328 2890 evi·

109 2937 173 2990 tare
206 2951 239 2994 se
267 2951 351 3008 posse
382 2937 511 3009 putabat.
557 2936 651 3010 ,luter
673 2934 818 2994 Christum
849 2941 879 2993 et
907 2933 1001 2992 Belial
1031 2935 1193 3007 incedere‘,
1224 2935 1328 3008 inquit,

111 3053 232 3112 ,magna
266 3037 360 3098 lateor
393 3041 534 3113 impietas.
592 3040 632 3098 at
664 3040 742 3098 iuter
775 3037 900 3112 Scyllam
933 3043 964 3096 et
996 3036 1170 3110 Charydem
1202 3037 1327 3096 medium

113 3145 215 3200 tenere
240 3159 353 3202 cursum
376 3143 502 3203 arbitror
522 3159 586 3203 esse
606 3141 809 3216 prudentiam‘
846 3142 1101 3201 verumenimvero
1120 3139 1282 3199 evidentius
1296 3140 1327 3197 iu

112 3241 172 3304 dies
187 3243 295 3305 lactum
311 3253 368 3322 est,
391 3249 479 3307 etiam
501 3263 627 3322 pugnam
644 3264 708 3306 cum
726 3251 880 3319 corruptae
897 3246 1040 3306 ecelesiae
1055 3244 1246 3318 pharisaismo
1263 3257 1327 3302 esse

114 3362 235 3422 bugum
262 3367 327 3410 cum
348 3351 441 3410 Belial
465 3367 586 3424 eamque
609 3351 730 3410 Erasmo
760 3366 824 3408 cum
847 3349 975 3408 Luthero
998 3363 1185 3408 communem.
1232 3346 1327 3418 Quare

114 3465 174 3510 cum
194 3453 251 3513 boc
272 3455 353 3515 illum
374 3455 522 3515 colludere
544 3453 663 3514 fanatici
686 3454 819 3513 monachi
841 3470 894 3527 per
916 3458 1006 3512 totam
1028 3451 1175 3525 Europam
1202 3453 1327 3511 clamare

116 3556 281 3628 pergebant.
319 3561 510 3632 Aliquateuus
529 3557 645 3632 quidem
660 3557 800 3616 Erasmus
822 3557 961 3616 adversus
984 3571 1034 3614 eos
1058 3561 1089 3614 et
1111 3572 1130 3614 a
1151 3553 1329 3629 principibus

116 3655 284 3722 liberalioris
300 3665 449 3737 cuiusdam
465 3664 655 3722 catholicismi
669 3663 799 3736 patronis
815 3667 846 3722 et
865 3660 902 3720 ab
917 3661 982 3734 ipsa
996 3661 1206 3734 protegebatur
1241 3657 1328 3717 euna

118 3757 254 3842 Romana,
285 3768 335 3826 illo
364 3772 495 3841 tempore
525 3774 558 3826 nt
588 3767 651 3840 ipse
680 3766 723 3824 ait
751 3763 903 3824 admodum
932 3779 1072 3822 concussa
1101 3767 1132 3821 et
1161 3762 1327 3835 perterrita,

120 3880 188 3934 quae
217 3887 254 3929 ue
285 3877 382 3930 tantus
411 3873 456 3930 vir
485 3872 516 3930 in
547 3869 665 3930 hostilia
695 3875 791 3928 castra
819 3865 1053 3941 protruderetur,
1083 3865 1243 3924 sententias
1264 3865 1327 3938 ejus

121 3965 285 4034 Lutherauis
314 3975 452 4034 doch-iuis
482 3991 518 4034 ex
547 3979 631 4048 parte
657 3972 827 4032 audaciores
850 3987 931 4044 rara,
959 3983 1045 4042 quam
1068 3975 1098 4027 et
1118 3967 1326 4028 Melanchthon

123 4071 245 4152 miratur,
276 4078 421 4137 tolerabat
448 4079 600 4151 patientia.
645 4075 703 4135 Sed
730 4077 780 4150 pia
804 4073 997 4134 tollendorum
1020 4071 1161 4130 abusunm
1181 4069 1327 4134 desideria

123 4177 205 4238 tacite
225 4181 463 4256 neglegebantur.
501 4181 582 4254 Quae
606 4180 834 4254 quotiescunque
848 4175 988 4236 Erasmus
1009 4175 1094 4248 paulo
1115 4176 1211 4234 aerius
1225 4191 1328 4247 propo

47 4251 48 4275 ¹
126 4289 229 4358 suerat,
248 4285 383 4346 monachi
398 4291 471 4344 nutu
486 4283 643 4346 submoniti
659 4288 726 4342 suut
739 4287 772 4340 ut
787 4281 873 4340 altius
889 4281 1056 4340 clamarent
1092 4277 1189 4349 Quare
1204 4292 1328 4350 querens

206 4516 229 4584 1)
247 4521 315 4587 app.
335 4519 426 4584 xvn,
447 4525 486 4570 ae.
597 4517 624 4582 a)
644 4515 972 4582 Epp.x11,1aa.1tas.
1009 4483 1013 4492 ’

163 4613 363 4666 Schlottmauui
381 4621 484 4666 munus
497 4619 618 4664 redivivus.
1066 4607 1108 4664 20
