3194 5042
645 259 649 268 ’
730 272 818 327 Carur'
836 271 897 326 VII.

313 474 397 550 Quod
425 476 477 554 qui
500 474 564 534 fieri
590 491 680 553 posse
702 474 759 535 sibi
786 473 999 552 persuaserint,
1027 473 1120 533 iniis
1147 473 1296 532 internum
1319 473 1463 532 animae

206 584 337 659 oculum,
361 602 420 661 quc
442 601 546 643 verum
567 581 759 660 conspicitur,
782 581 962 642 exstinctum
985 599 1079 658 paene
1101 599 1167 640 esse
1189 585 1276 658 patet
1323 581 1350 639 A
1380 579 1461 639 sin-
1584 648 1585 653 η

178 673 180 678 ’
207 709 289 751 corae
308 691 461 767 religionis
479 689 657 750 christianae
674 689 794 766 iugenio
817 693 877 747 tam
898 688 986 765 longe
1009 706 1097 766 quam
1116 688 1152 746 ab
1170 688 1250 746 omui
1269 687 1462 747 liberaliore
1586 696 1587 716 ¹

206 799 338 858 doctnna
357 798 486 856 humana
503 797 607 857 remoti
627 801 704 856 srmt.
750 795 854 874 Neque
872 790 1041 856 caecitatem
1060 795 1152 870 illarn,
1174 794 1245 854 licet
1263 794 1461 872 saepissime

207 906 280 965 satis
307 905 476 980 ridiculam,
509 904 593 982 quasi
621 903 786 981 periculosa
813 923 872 962 non
900 907 991 978 esset,
1024 921 1127 963 securo
1154 901 1252 961 auimo
1279 902 1461 979 neglegere

206 1013 284 1073 licet.
336 1011 417 1086 Quae
444 1030 656 1090 permagnam
683 1011 837 1071 hominum
864 1016 978 1088 partem
1005 1015 1164 1088 propagata
1191 1009 1380 1087 Papistamm
1420 1015 1459 1068 et

208 1121 378 1179 effrenatam
396 1119 567 1179 violentiam
590 1123 620 1178 et
643 1119 812 1178 dominandi
836 1118 868 1176 in
890 1137 938 1178 rea
961 1117 1095 1195 publicas
1118 1117 1289 1194 cupidinem
1307 1117 1455 1194 adjuvat

209 1227 259 1286 Sic
277 1231 455 1304 perpetuum
477 1227 588 1287 bellum
606 1227 748 1286 adversus
766 1225 938 1286 universum
956 1225 1114 1286 hodiernae
1137 1225 1284 1286 societatis
1302 1225 1454 1285 ordinem

208 1335 371 1412 gerendum
394 1334 526 1412 suscipit.
572 1333 608 1393 Id
629 1334 778 1413 reliquum
801 1337 903 1394 estut
925 1333 1028 1410 paucis
1051 1333 1247 1393 ostendamus.

725 1597 826 1684 Caput
848 1597 920 1662 VH.

316 1763 387 1824 Veri
411 1762 569 1839 neglectio,
597 1781 655 1841 quc
677 1763 826 1840 graviores
852 1767 882 1823 et
905 1763 1065 1823 sanctiores
1092 1780 1198 1823 causae
1220 1767 1291 1823 sunt
1313 1763 1350 1823 de
1371 1763 1447 1840 qui-

209 1873 265 1932 bus
288 1871 398 1948 agitur,
422 1889 456 1931 ec
479 1869 589 1930 certius
611 1871 754 1948 paulatim
777 1871 809 1930 in
827 1870 890 1931 veri
913 1871 1013 1931 odium
1035 1873 1173 1930 muana.
1219 1869 1305 1930 Unde
1326 1871 1445 1930 factum

210 1983 268 2055 est,
292 1983 326 2038 ut
344 1978 497 2038 molestam
521 1983 551 2038 et
573 1996 694 2038 exosam
716 1978 870 2038 tentatam
893 1979 923 2037 ri
942 1978 1108 2056 opprimere
1129 1978 1207 2037 iuter
1225 1977 1361 2055 Papistas
1382 1995 1445 2055 pro

210 2085 398 2146 sanctissimo
428 2086 495 2162 jure
522 2089 552 2145 et
579 2085 676 2146 officio
704 2086 867 2146 haberetur.
920 2085 1013 2162 Cujus
1040 2085 1082 2144 rei
1108 2085 1170 2161 jam
1197 2083 1374 2162 compluries
1407 2085 1443 2144 in

210 2195 267 2254 hoc
293 2211 380 2270 opere
408 2194 519 2254 mentio
546 2194 631 2254 nobis
658 2193 793 2253 facienda
814 2197 884 2253 erat.
929 2193 1018 2253 Nunc
1040 2211 1129 2270 quam
1151 2196 1231 2252 arcte
1253 2193 1325 2252 haec
1347 2192 1441 2252 ethici

208 2301 312 2378 judicii
340 2300 500 2378 corruptio,
533 2301 618 2379 quasi
646 2301 739 2378 pestis
771 2319 867 2379 usque
894 2301 931 2360 ad
963 2300 1043 2360 hrrnc
1070 2300 1150 2360 diem
1181 2299 1244 2360 illic
1270 2305 1441 2378 propagata,

210 2427 280 2468 cum
316 2408 476 2485 sophistico
507 2408 663 2468 universae
699 2407 863 2484 theologiae
894 2407 1090 2468 Romanensis
1122 2407 1241 2484 ingenio
1276 2407 1441 2483 cohaereat,

210 2515 295 2576 nobis
319 2515 527 2592 explicandum
549 2519 602 2576 est

319 2621 443 2682 Sanctae
470 2640 546 2699 quae
578 2623 730 2683 dicebatur
751 2621 958 2700 Inquisitionis
980 2622 1115 2697 historia,
1142 2623 1194 2682 ubi
1219 2621 1358 2699 religiose
1381 2627 1442 2682 tra·

212 2733 319 2804 ctatur,
347 2727 546 2788 atrocissimae
570 2747 645 2806 quae
668 2729 700 2788 in
721 2729 850 2789 humano
876 2747 984 2806 genere
1006 2730 1132 2804 exstitit,
1161 2729 1295 2790 fallaciae
1317 2730 1443 2791 historia

212 2840 265 2896 cat.
315 2834 510 2912 Inquisitores
532 2835 685 2908 'Pontificii
713 2836 860 2896 erroribus
887 2841 976 2915 atque
1003 2837 1164 2897 mendaciis
1191 2837 1373 2912 nitebantur,
1405 2843 1444 2897 ut

213 2943 418 3020 sanguinariae
448 2942 616 3002 crudelitati
643 2943 844 3021 indulgerent,
875 2963 911 3004 ac
936 2962 1041 3004 rursus
1072 2945 1154 3005 nmis
1181 2945 1304 3022 rogique
1330 2949 1445 3006 terrore

213 3051 375 3112 fulciebant
401 3068 513 3112 errores
536 3055 625 3130 atque
646 3052 806 3113 mendacia
853 3050 983 3126 Quarum
1009 3070 1108 3112 rerum
1131 3052 1268 3130 exempla
1293 3070 1445 3130 perpauca

213 3160 266 3219 sed
298 3157 476 3220 sufficientia
503 3158 647 3219 dedimus.
693 3159 719 3218 li
747 3160 798 3237 qui
826 3159 858 3218 in
883 3159 1037 3220 christiani
1064 3159 1193 3220 nominis
1220 3159 1348 3220 dedecus
1379 3165 1443 3220 tam

212 3267 358 3326 horrenda
376 3266 505 3326 facinora
519 3271 769 3345 perpetraverunt,
789 3267 894 3344 seipsi
912 3267 1087 3344 plerumque
1101 3267 1276 3344 deceperant
1294 3271 1324 3326 et
1337 3267 1444 3328 Phari-

214 3391 347 3434 saeorum
370 3373 464 3434 instar
487 3392 540 3434 sua
560 3374 677 3452 justitia
699 3373 818 3451 gloriari
842 3392 874 3434 se
896 3392 985 3451 posse
1006 3393 1103 3434 coram
1126 3375 1188 3435 Deo
1210 3375 1364 3453 putabant,
1388 3375 1443 3436 sed

213 3482 244 3540 id
262 3499 322 3540 non
344 3481 424 3541 tollit
447 3481 499 3542 sed
521 3485 610 3559 auget
631 3481 764 3559 ipsorum
786 3481 950 3541 facinorum
973 3481 1161 3542 ahocitatem.
1208 3481 1303 3556 Quam
1321 3482 1444 3560 quidam

215 3589 372 3666 scriptores
390 3589 551 3650 mendaciis
569 3593 667 3666 tegere
685 3589 796 3649 frustra
813 3589 956 3649 nituntur.
1002 3588 1129 3666 Legum,
1153 3608 1227 3668 quas
1245 3589 1443 3668 Inquisitores

215 3698 424 3774 sequebantur,
457 3697 586 3757 indolem
613 3697 750 3776 quisquis
777 3697 866 3774 paulo
897 3697 1063 3757 accuratius
1090 3701 1292 3775 perscrutatus
1319 3697 1444 3774 fuerit,1

214 3809 354 3882 agnoscat
376 3809 502 3882 oportet,
529 3805 707 3866 Dracouicas
734 3824 803 3866 cum
829 3805 891 3864 illis
919 3810 1100 3882 comparatas
1122 3807 1353 3866 humanissimas
1375 3823 1444 3867 esse

214 3931 311 3990 neque
334 3912 496 3991 quidquam
514 3913 546 3971 in
568 3913 706 3973 universo
726 3913 891 3974 seculorum
914 3913 1040 3973 decursu
1058 3913 1136 3974 inter
1157 3913 1296 3974 mortales
1313 3913 1443 3974 inveniri
1524 3897 1526 3900 ¹

215 4019 294 4097 quod
316 4019 462 4080 revelatae
484 4019 626 4080 divinitus
649 4021 782 4081 veritatis
805 4019 1045 4099 sanctissimique
1064 4021 1141 4098 juris
1162 4021 1293 4098 speciem
1316 4039 1387 4098 prae
1409 4039 1444 4082 se

215 4128 313 4188 ferens
335 4131 396 4188 tam
419 4127 594 4188 infernalem
617 4133 647 4188 et
669 4129 782 4188 fraudis
805 4133 835 4190 et
857 4128 1040 4189 crudelitatis
1062 4129 1195 4188 animum
1218 4128 1381 4206 spiraverit

321 4234 450 4295 letarum
471 4235 573 4313 legum
599 4242 746 4313 auctores,
775 4237 800 4296 si
828 4236 866 4295 ad
893 4239 983 4314 caput
1008 4253 1108 4296 rerum
1135 4240 1316 4314 spectamus,
1343 4235 1444 4313 Papae

215 4342 344 4402 fuerunt.
390 4341 475 4417 Quod
497 4362 557 4404 non
579 4343 621 4402 ita
638 4344 783 4421 diximm,
806 4343 891 4422 quasi
914 4344 995 4422 leges
1018 4344 1088 4405 illae
1110 4343 1248 4405 universo
1265 4343 1443 4405 tbeccratiae

323 4570 350 4638 1)
370 4569 408 4624 Cf.
427 4569 511 4624 Janua
530 4588 555 4640 p.
570 4570 728 4627 acl-269.
