3134 5054
587 327 679 379 Garun
695 327 742 380 Xl.
1227 327 1279 384 269

84 537 243 599 Graecarum
269 541 494 615 Latinarumque
524 541 688 602 litterarum
721 539 938 602 fundamentum
960 559 1076 616 semper
1098 543 1280 616 aliquatenus

83 645 260 720 retinuerunt,
282 645 350 704 data
360 645 445 704 simul
457 644 563 719 ubique
575 645 769 705 addiscendae
784 645 950 706 Hebraicae
962 647 1079 720 linguae
1095 647 1188 722 eopia,
1203 647 1280 707 aride

84 750 169 807 omnia
189 749 264 808 inter
291 765 344 808 nos
368 749 523 809 orientalia
552 749 649 808 studia
675 749 807 823 prolecta
832 766 896 809 esse
915 750 1065 810 lierderus
1088 756 1119 809 et
1140 749 1282 810 Goethiua

83 851 245 925 praedicant
296 852 323 910 A
350 854 530 926 superiorum
552 870 623 913 vero
644 854 806 912 scholarum
828 851 901 914 flore
924 855 1012 914 etiam
1034 854 1204 913 inferiorum
1220 856 1281 914 sive

84 956 247 1029 popularium
263 957 443 1032 scholarum,
465 973 539 1030 quae
554 958 694 1030 paulatim
709 956 879 1017 oriebantur
902 963 933 1018 et
955 958 1174 1032 spargebantur,
1197 975 1281 1032 prae-

83 1061 177 1118 stantia
198 1067 228 1120 et
247 1059 414 1134 frequentia
437 1061 620 1121 emanabant

158 1164 315 1224 Tantarum
338 1165 428 1237 igitur
449 1182 548 1224 rerum
569 1165 728 1241 primordia
750 1164 895 1224 Lutherns
918 1171 948 1226 et
969 1166 1176 1225 Melanchthon
1194 1165 1282 1224 Eres-

83 1268 140 1326 mici
165 1269 271 1329 laboris
300 1270 466 1343 ingeniique
494 1269 635 1328 fructibus
667 1271 815 1344 sapienter
836 1270 973 1329 adhibitis
997 1275 1027 1328 et
1048 1271 1170 1344 largiter
1189 1273 1281 1332 auctis

83 1373 156 1430 nobis
183 1373 335 1435 dederunt.
384 1374 432 1434 Sic
457 1375 637 1433 instauratae
670 1375 812 1433 ecclesiae
844 1391 908 1432 cum
934 1375 1012 1433 omni
1041 1375 1118 1433 bona
1149 1375 1283 1436 doctrina

83 1476 236 1536 sodalicium
255 1476 329 1536 illud
352 1477 499 1536 conditum
522 1483 581 1552 est,
609 1494 665 1550 quo
687 1477 748 1537 solo
769 1475 833 1536 fieri
855 1479 982 1550 potuisse
1006 1478 1167 1554 docuimus,
1197 1486 1229 1538 ut
1252 1486 1284 1541 et

82 1581 138 1652 ipsa
161 1587 266 1656 aurat,
300 1587 331 1640 et
358 1598 462 1640 novum
484 1581 672 1640 humanarum
696 1598 794 1641 rernm
818 1598 920 1640 aevum
942 1582 1085 1656 gigneret.
1129 1584 1192 1642 Hoc
1214 1601 1283 1645 vero

82 1685 172 1758 ingens
191 1686 340 1759 inceptum
363 1685 452 1744 etiam
476 1687 629 1760 eorujuneta
647 1686 795 1745 amborum
815 1687 939 1744 virorum
959 1686 1077 1758 ingenia
1097 1687 1134 1746 ad
1156 1686 1283 1748 faustum

82 1785 158 1846 finem
185 1806 241 1848 non
270 1790 490 1865 perduxissent,
520 1789 575 1848 nisi
606 1806 624 1848 a
652 1789 829 1864 principibus
859 1795 890 1850 et
921 1791 1136 1864 magistratibus
1165 1797 1283 1852 shenue

82 1891 164 1962 adjuti
198 1899 307 1954 ament.
375 1894 476 1968 Neque
509 1893 615 1952 auxilio
648 1893 678 1952 hi
711 1893 770 1952 illis
807 1909 872 1953 esse
904 1901 1054 1971 poterant,
1093 1895 1150 1954 nisi
1184 1897 1283 1956 servili

82 1995 217 2057 Romanae
240 1999 341 2058 curiae
356 2015 471 2058 omnem
492 1998 651 2058 animorum
673 1998 840 2058 libertatem
861 1999 1049 2072 opprimentis
1067 2001 1138 2074 jugo
1154 2015 1283 2060 excusae.

82 2099 184 2172 idjam
206 2109 296 2162 antea
317 2103 433 2176 quidem
457 2103 618 2176 complures
640 2101 776 2176 Europae
800 2101 933 2162 civitates
958 2102 1086 2174 abjicere
1108 2105 1171 2177 plus
1193 2106 1284 2164 semel

82 2209 260 2267 tenmverant.
308 2207 394 2281 Apud
416 2211 561 2266 nostrates
583 2205 724 2280 quomodo
748 2207 779 2264 in
802 2207 994 2280 compluribus
1017 2208 1141 2266 comitiis
1162 2208 1285 2268 libertas

82 2309 163 2368 ciuilis
192 2317 223 2370 et
250 2313 413 2370 christiana
438 2311 578 2372 adversm
609 2311 791 2384 tyrannidem
818 2307 994 2384 pontificiam
1016 2313 1176 2372 surrexerit
1197 2331 1285 2388 supra

81 2421 254 2474 memoratum
279 2421 334 2475 est.
372 2417 578 2476 Verumtamen
599 2415 739 2488 ejmmodi
762 2415 914 2474 conamina
936 2415 1013 2488 apud
1036 2431 1099 2490 eos,
1123 2417 1170 2489 qui
1185 2416 1284 2491 Papae

82 2523 109 2575 ut
132 2521 269 2592 spirituali
296 2520 412 2580 domino
435 2517 558 2594 subjecti
580 2519 785 2593 remanebant,
814 2520 992 2593 temporaria
1014 2525 1126 2579 tantum
1149 2527 1234 2580 erant
1255 2527 1286 2581 et

82 2621 142 2681 data
168 2626 322 2684 occasione
351 2624 458 2684 iterum
486 2622 730 2698 opprimebantur.
776 2621 863 2697 Cujus
892 2624 938 2682 rei
968 2626 1107 2698 exemphs
1135 2624 1287 2686 Gallicana

82 2728 208 2803 eeclesia,
228 2729 527 2804 praeclarissimorum
547 2728 730 2802 ingeniorum
749 2727 846 2802 ferax,
867 2743 921 2801 per
937 2727 1023 2801 plura
1038 2730 1135 2788 secula
1149 2728 1285 2794 abundat.

80 2833 156 2904 hpud
176 2835 362 2908 evangelicos
385 2850 454 2894 vero
475 2833 594 2908 propria
608 2838 785 2907 potestatum
800 2833 927 2892 civilium
942 2831 1067 2908 dignitas
1082 2840 1170 2908 atque
1185 2841 1285 2895 aneto·

80 2937 157 3012 ritaa,
176 2955 261 3012 qnam
282 2938 326 2996 illi
343 2938 380 2997 ab
395 2937 578 2997 hierarchiae
595 2937 811 2997 ecclesiasticae
827 2937 948 2996 arbitrio
962 2938 1042 2998 nullo
1057 2939 1142 2998 modo
1155 2939 1286 3012 pendere

79 3040 126 3098 sed
153 3057 170 3099 a
197 3041 261 3103 Deo
294 3057 358 3102 esse
386 3059 422 3100 ox
443 3058 528 3101 sacra
550 3041 692 3114 scriptura
714 3041 984 3102 demonstraverunt
1004 3057 1147 3114 quamque
1170 3041 1286 3100 fortiter

80 3143 206 3206 adversus
228 3147 310 3206 illam
332 3146 564 3222 vindicavemnt,
592 3146 655 3219 ipsa
678 3163 743 3206 eum
765 3144 903 3206 sodalicio
926 3145 976 3205 ilio
999 3145 1170 3205 emendatae
1194 3146 1286 3204 eccle·

79 3251 134 3308 siae
156 3252 341 3324 omniumque
362 3250 549 3310 honestarum
572 3249 730 3309 studiorum
758 3266 791 3310 ae
814 3250 997 3310 consociavit
1042 3248 1114 3308 lnde
1136 3249 1158 3306 ii
1180 3247 1287 3323 populi,

79 3353 151 3426 apud
171 3371 242 3429 qnos
266 3373 372 3430 purum
395 3355 575 3430 evangelium
597 3355 736 3429 obtinuit,
765 3355 857 3430 magis
879 3353 1043 3428 magisque,
1066 3352 1141 3426 quod
1162 3351 1201 3412 ad
1223 3353 1288 3412 uni·

80 3473 184 3518 uersam
212 3460 324 3536 ingenii
351 3460 493 3519 culturam
514 3459 632 3536 attinet,
662 3459 819 3534 primatum
842 3457 986 3532 quendam
1015 3459 1093 3518 nacti
1120 3463 1195 3517 aunt
1253 3457 1287 3516 ld

79 3562 151 3622 inter
181 3571 287 3640 gentes
317 3563 528 3638 Romanenses,
564 3563 668 3638 quibus
702 3568 841 3637 quantum
871 3579 925 3622 noa
954 3560 1111 3622 debeamus
1143 3577 1287 3635 nunquam

80 3665 189 3726 oblituri
221 3685 332 3744 mmm,
361 3668 587 3744 praeclarissimi
615 3669 671 3728 viri
700 3683 778 3727 nunc
809 3670 977 3742 agnosem.
1023 3666 1074 3726 Sin
1104 3683 1173 3726 vero
1197 3681 1288 3740 parra

81 3771 140 3843 ejus
166 3775 210 3834 rei
237 3774 322 3834 initia
350 3780 530 3848 spectamus,
559 3771 734 3833 Germaniae
762 3771 909 3846 principes
934 3775 966 3828 et
987 3772 1186 3844 magistratus,
1217 3785 1288 3840 quos

81 3873 211 3953 diximus,
242 3878 322 3938 hand
351 3879 455 3938 leviter
484 3893 520 3937 ac
549 3883 661 3938 temere
684 3877 722 3936 ad
753 3891 841 3936 novas
868 3875 933 3934 illae
962 3879 1062 3946 partes
1090 3871 1288 3946 suscipiendas

81 3998 110 4040 se
139 3983 296 4044 accinxisse
329 3989 451 4043 constat.
506 3981 754 4042 Praestantissimi
784 3995 884 4039 eorum
914 3993 983 4036 uum
1011 3982 1092 4038 recta
1122 3978 1165 4035 ita
1193 3975 1288 4034 acturi

82 4093 173 4146 meent
194 4088 331 4162 religiose
353 4087 566 4148 examinabant
612 4086 678 4146 Non
699 4086 820 4159 mirum,
845 4079 923 4155 quod
945 4097 996 4141 eos
1018 4080 1197 4156 potissimum
1219 4095 1288 4139 con·

82 4191 208 4250 snlebant
230 4207 387 4266 eorumque
413 4192 555 4266 judicium
576 4191 678 4250 summi
704 4188 866 4260 faciebant,
897 4186 945 4259 qui
976 4201 1012 4245 eo
1039 4190 1169 4259 tempore
1198 4189 1229 4243 et
1256 4185 1288 4244 in

81 4295 199 4366 purioris
218 4297 367 4370 religionis
397 4303 427 4356 et
454 4297 486 4356 in
507 4297 648 4355 bonarum
666 4295 829 4353 litterarum
851 4289 946 4349 causis
967 4289 1091 4365 plurima
1113 4289 1287 4348 auctoritate

82 4395 244 4459 domemut.
302 4401 412 4460 Horum
444 4417 515 4460 vero
547 4399 683 4474 princeps
716 4397 854 4457 Essemus
886 4393 923 4453 ab
952 4394 1085 4455 omuibus
1117 4391 1289 4455 habebatur.

83 4500 219 4572 Quicum
241 4505 316 4579 apud
338 4505 412 4566 alica
433 4505 582 4580 principes
603 4504 757 4578 plurimam
779 4497 911 4575 valebat,
940 4503 1002 4560 tum
1028 4497 1105 4574 apud
1133 4495 1213 4576 eum',
1243 4500 1290 4559 cni

82 4607 160 4678 qnasi
181 4609 213 4667 in
235 4609 377 4682 manibus,
402 4616 434 4670 ut
455 4610 582 4670 humano
603 4625 682 4668 more
706 4607 870 4680 loquamur,
892 4603 1015 4668 Lntheri
1036 4619 1098 4664 sors
1121 4607 1193 4664 erat.
