3176 5064
229 164 264 217 24
771 161 859 214 Crvtr
876 161 913 214 Il.

229 257 313 266 —-.-...

229 369 323 426 morte
349 361 428 422 hand
455 363 550 422 multo
576 362 675 438 plura,
703 381 791 439 qnam
820 381 912 440 supra
933 366 1177 440 memoravimus,
1206 367 1284 427 seire
1307 368 1482 445 hucusque
1574 401 1575 446 3

229 473 307 532 licet
352 469 518 530 Mediolano
544 471 575 528 in
603 469 734 529 vinculis
756 469 881 530 Romam
906 471 1054 532 adductus
1080 474 1261 534 venerabilis
1289 493 1386 535 senex
1416 494 1483 552 per

229 579 382 639 biennium
410 597 525 637 mreere
551 577 699 650 inclusus,
725 596 804 636 anno
831 577 977 638 IIDLXX
1004 581 1117 640 mensis
1138 581 1213 640 lulli
1240 583 1290 642 die
1317 583 1408 642 tertio
1444 583 1480 640 in

229 691 320 765 ponte
346 691 425 744 reste
451 703 628 762 suspensus,
655 691 757 760 postea
783 691 932 744 crematus
959 693 1019 746 oet:
1048 689 1164 748 cineres
1191 708 1247 766 pro
1270 709 1351 752 more
1376 709 1484 768 super

230 795 342 854 flumen
365 792 499 869 dispersi.
544 793 714 851 Amicorum
737 797 767 851 et
788 792 999 852 admiratorum
1022 793 1126 854 nullus
1144 795 1257 857 Romae
1279 797 1483 874 superfuisse

230 901 360 976 videtur,
383 899 436 978 qui
457 899 507 958 vel
528 899 567 958 ad
589 899 663 958 tanti
686 899 743 958 viri
766 901 857 959 tinem
880 901 1075 977 spectandum
1097 903 1237 963 accedere
1260 903 1306 964 vel
1333 910 1482 981 spectata

231 1010 341 1070 reterre
371 1025 463 1067 ausus
490 1012 576 1066 esset
626 1007 773 1066 Absentes
807 1007 907 1082 multI,
939 1009 992 1085 qui
1020 1009 1127 1068 summi
1156 1029 1226 1068 erun
1253 1011 1399 1086 fecerant,
1437 1019 1480 1070 ut

234 1117 419 1178 Camerarius
446 1121 559 1190 noster,
586 1114 700 1174 crudeli
728 1114 875 1191 supplicio
902 1133 972 1174 eum
998 1117 1137 1176 aflectum
1161 1118 1360 1193 resciremnt,
1388 1119 1479 1179 nihil

233 1226 295 1284 fero
320 1223 457 1301 omnlino.
504 1223 549 1282 De
576 1223 642 1299 ipsa
668 1223 772 1282 mortis
799 1240 889 1282 causa
916 1223 1094 1299 scriptorum
1116 1223 1477 1286 Romanoratholioonrm

234 1332 331 1391 variae
354 1331 517 1391 sententiae
539 1335 623 1390 erant
644 1330 757 1408 qnippe
778 1329 830 1388 alii
853 1335 1016 1390 crematum
1035 1349 1104 1390 eum
1122 1349 1189 1392 esse
1207 1332 1363 1408 diaerunt,
1386 1335 1476 1412 qnod

234 1445 365 1500 sanctam
387 1439 601 1499 hamefioorum
623 1437 851 1515 Inquisitionem
875 1437 980 1512 ,sicam
1002 1439 1145 1500 adversus
1168 1458 1272 1500 omnes
1295 1441 1376 1502 viros
1400 1460 1476 1501 eru-

234 1547 311 1606 ditos
340 1546 483 1606 strictam‘
507 1551 653 1620 vocasset,
679 1545 732 1605 alii
755 1546 833 1624 qnod
856 1564 924 1605 cnm
948 1545 1104 1607 Germanis
1127 1545 1278 1608 sensisset
1325 1549 1373 1610 Ne
1395 1549 1475 1608 anni

235 1653 367 1732 quidem,
390 1671 449 1730 quo
471 1653 587 1714 occlaus
609 1659 684 1727 erat,
707 1659 786 1714 certa
808 1653 887 1731 apud
906 1659 1040 1730 posteros
1058 1655 1200 1714 memoria
1217 1655 1367 1716 mansisse
1385 1657 1473 1716 vide-

235 1763 327 1822 batur.
374 1759 470 1835 Quane
493 1779 548 1822 suo
567 1761 634 1837 jure
657 1761 801 1822 Graevius
824 1762 856 1820 in
879 1761 1074 1838 praefatione,
1097 1763 1246 1840 quemad
1269 1763 1355 1824 illius
1378 1783 1473 1841 opera

235 1869 448 1930 amstelodami
480 1870 559 1930 edita
590 1869 722 1946 scripsit,
754 1875 815 1928 tarn
846 1868 977 1929 tenibile
1004 1887 1072 1930 esse
1098 1869 1307 1947 InquisitionIs
1334 1871 1470 1932 tribunal

233 1978 390 2056 judicavit,
417 1982 452 2036 ut
478 1977 546 2038 istic
569 1977 700 2037 damnati
723 1995 782 2036 uno
804 1977 966 2054 eodemque
988 1995 1112 2038 numero
1134 1977 1313 2038 haberentur
1335 1997 1404 2038 curn
1430 1979 1472 2038 iis

236 2085 289 2164 qui
315 2103 468 2164 nunquam
495 2086 557 2144 nati
585 2086 718 2159 fuorunt,
746 2089 776 2145 st
803 2083 892 2144 simrrl
915 2101 984 2144 cunr
1007 2101 1128 2161 corpore
1150 2084 1307 2144 dederetur
1329 2086 1471 2146 tirnditrrs

236 2193 333 2254 omnis
360 2211 461 2253 eorum
488 2193 637 2254 memoria.
683 2191 767 2266 Quod
794 2191 919 2252 moleste
946 2192 1045 2252 ferens
1068 2191 1250 2252 Laderohius
1273 2211 1312 2252 ex
1335 2192 1470 2271 Inquisi-

236 2301 327 2361 tionis
350 2301 424 2360 aotis
446 2300 591 2360 nonnulla
612 2305 710 2376 caute,
738 2305 772 2359 ut
795 2299 851 2360 sibi
874 2299 995 2377 quidem
1017 2299 1173 2359 videbatur
1194 2299 1345 2376 vulganda
1367 2301 1469 2378 elegit,

187 2483 192 2495 Ι
238 2409 290 2468 sed
317 2427 370 2485 pro
398 2407 571 2485 stupiditate
599 2427 665 2482 sua,
693 2407 817 2468 eruditis
840 2407 913 2466 viris
936 2407 1009 2466 satis
1032 2425 1182 2486 superque
1204 2413 1285 2482 nota,
1313 2409 1351 2468 de
1374 2409 1469 2468 tribu-

237 2515 315 2574 nalis
343 2515 425 2574 illius
453 2515 593 2575 saevitate
620 2515 689 2592 plus
717 2533 805 2592 quarn
832 2515 948 2574 volebat
975 2515 1111 2592 prodidit
1163 2515 1290 2592 Corrigit
1317 2534 1381 2590 eos,
1413 2518 1469 2593 qui

238 2622 386 2681 viventem
404 2621 571 2680 Palearium
594 2623 781 2682 combustum
803 2641 869 2682 esse
891 2623 1079 2682 tradiderant.
1113 2623 1145 2682 Si
1168 2622 1221 2700 qui
1242 2623 1384 2682 haeretici
1406 2642 1470 2682 non

238 2727 447 2804 resipiscentes
470 2733 538 2789 ante
561 2729 794 2789 combustionem
816 2729 1000 2804 occidantur,
1028 2729 1172 2806 singulari
1195 2730 1227 2789 id
1248 2730 1471 2790 miseridordiae

238 2835 428 2896 tribuendum
455 2854 533 2910 esse,
562 2855 621 2915 qua
643 2836 767 2896 ecclesia
790 2836 987 2898 libentissime
1010 2841 1110 2897 utatur
1132 2839 1168 2898 ob
1191 2837 1355 2915 quamlibet
1376 2838 1469 2896 hone·

239 2948 315 3005 stam
334 2962 459 3004 oausam.
502 2944 604 3005 Talem
622 2946 654 3004 in
669 2944 864 3006 Carneseohio
880 2945 1010 3006 familiae
1024 2945 1239 3021 ingenuitatem
1253 2963 1320 3005 esse
1333 2945 1469 3022 potuisse

238 3053 370 3132 adnotat3
394 3053 492 3132 qualis
515 3053 547 3114 in
567 3053 699 3114 Paleario
722 3071 789 3114 esse
810 3053 939 3131 potuerit
961 3053 1096 3128 ignorare
1119 3053 1249 3112 ridetur:
1274 3053 1411 3113 Ceterum
1433 3052 1466 3110 in

238 3161 336 3240 priore
367 3166 445 3222 tomo
477 3162 556 3223 idern
588 3161 713 3239 scriptor
744 3180 804 3220 non
835 3161 936 3220 minus
963 3161 1075 3238 pudore
1102 3179 1190 3238 quam
1215 3161 1327 3237 judicio
1354 3177 1466 3233 carens,

240 3268 397 3328 Thuanum
423 3269 580 3347 increpans
608 3270 797 3330 contenderat
824 3269 861 3328 ob
887 3267 1059 3344 hujusmodi
1086 3286 1191 3328 causas
1213 3267 1282 3326 fidei
1304 3267 1467 3326 Romanam

240 3375 394 3436 ecclesiam
416 3394 569 3455 nunquam
592 3377 732 3437 statuisse
753 3382 788 3436 ut
805 3375 941 3436 homines
958 3375 1093 3435 viventes
1111 3376 1358 3435 comburerentur.
1391 3373 1466 3451 Sup-

241 3481 324 3560 plioii
351 3501 463 3542 annunr
490 3489 519 3544 et
546 3483 625 3544 diem
652 3489 682 3543 et
708 3484 773 3560 ipse
800 3483 876 3544 falso
898 3482 1017 3542 indicat.
1062 3481 1144 3542 Haeo
1165 3487 1268 3559 postea
1289 3483 1336 3540 vir
1358 3481 1466 3559 aliquis

241 3587 403 3664 θιιιᾱὶιιιε,1
439 3589 577 3650 adnotata
612 3589 727 3649 invonit
762 3591 841 3668 apud
872 3590 1086 3652 fratomitatem
1118 3589 1266 3667 quandam
1296 3589 1465 3662 Romanam,
1574 3627 1575 3646 2

242 3716 317 3776 quae
344 3697 509 3773 catalogum
536 3701 618 3757 tenet
645 3697 776 3756 omnium
803 3699 899 3776 capite
926 3698 1125 3758 multatorum.
1175 3696 1222 3756 Ibi
1248 3697 1300 3771 iis,
1328 3715 1404 3774 quae
1430 3696 1466 3754 ad

241 3805 409 3866 Polearium
437 3809 583 3883 spectant,
616 3805 691 3865 duae
719 3805 854 3881 ejusdem
881 3805 1024 3883 epistolae
1050 3805 1180 3880 adjectae
1207 3808 1290 3878 sunt,
1318 3821 1392 3880 quae
1419 3803 1467 3862 die

242 3912 381 3992 supplicii
404 3913 528 3973 alteram
550 3912 587 3972 ad
609 3931 744 3988 uxorem,
767 3913 890 3973 alteram
907 3913 946 3973 ad
963 3911 1041 3972 filios
1060 3910 1192 3989 scripsit,
1215 3909 1375 3970 christiano
1391 3929 1466 3970 mar-
1574 3903 1575 3928 ¹

242 4027 307 4097 tyre
330 4021 449 4098 dignas,
471 4019 565 4080 bonae
588 4020 784 4081 conscientiae
806 4025 837 4080 et
858 4019 1073 4098 exspectandae
1091 4023 1226 4078 aeternae
1244 4017 1349 4078 salutis
1367 4017 1466 4077 hilari-

242 4133 332 4188 tatem
368 4131 518 4188 testantes.
574 4125 658 4203 Quod
690 4128 838 4190 scribendi
869 4127 984 4205 copiam
1015 4125 1156 4187 morituro
1187 4126 1333 4200 fecerunt,
1370 4126 1403 4184 in
1433 4143 1466 4185 eo

243 4234 423 4296 monachalis
450 4234 666 4296 miserioordiae
691 4236 805 4315 aliquid
832 4235 1026 4313 conspicuum
1053 4237 1112 4310 est;
1141 4251 1217 4310 quae
1243 4251 1316 4292 num
1342 4251 1377 4292 oo
1401 4251 1466 4310 pro

352 4467 379 4536 1)
397 4465 515 4522 Annales
533 4465 644 4535 XXIII,
663 4455 759 4536 poco.
797 4463 836 4520 Ol.
855 4461 1013 4531 Schclhorn,
1033 4463 1156 4518 amoenit
1174 4462 1214 4530 Π,
1234 4461 1294 4517 206.
