3156 5056
691 309 783 362 Garun
801 305 875 361 VII„
1013 373 1016 382 Α
1332 305 1381 365 191

168 523 344 596 exprimunt,
380 525 519 582 virtutum
545 541 661 583 suarum
687 525 765 582 vitia
818 522 964 582 Lutberus
988 523 1026 582 ad
1052 541 1177 596 pugnam
1204 524 1384 598 spiritualem

167 627 305 686 divinitus
329 633 447 687 vocatus
470 634 541 689 erat.
586 627 725 686 Erasmus
748 628 872 701 ,veteris
894 628 1028 686 inscitiae
1044 627 1179 703 1110100,ί
1201 644 1273 701 quos
1287 634 1382 697 vocat,

168 731 199 788 iu
226 731 377 803 republica
406 732 551 792 litteraria
579 732 694 805 quidem
726 733 804 791 omni
827 732 1000 790 auctoritate
1020 732 1200 806 privaverat,
1229 731 1282 790 sed
1304 732 1384 790 illia

169 835 265 908 curia,
296 836 342 892 cui
370 835 514 894 utilissimi
545 841 644 910 crant,
673 835 763 908 adjuti
797 835 827 893 in
851 836 997 909 ecclesiis,
1018 835 1095 909 apud
1111 835 1211 908 vulgus
1233 836 1384 907 plurimos-

168 954 224 1010 que
247 940 431 1012 magistratus
455 955 595 998 summum
618 939 713 998 locum
728 956 812 998 suum
827 940 882 997 tuti
897 938 1061 999 servabant.
1106 938 1252 998 Lntberus
1267 937 1383 1008 demum

168 1043 233 1102 illos
255 1044 286 1101 11
308 1045 406 1102 multis
429 1043 579 1118 ecclesiis,
602 1043 679 1116 apud
701 1045 806 1102 multos
823 1049 854 1101 et
875 1043 995 1117 populos
1018 1048 1049 1102 et
1063 1043 1247 1116 magistratus
1270 1042 1306 1102 de
1320 1043 1384 1102 loco

168 1162 220 1204 suo
242 1146 358 1222 dejecit.
403 1147 450 1205 Sic
472 1149 503 1206 in
521 1148 685 1207 universum
703 1148 803 1206 orbem
825 1148 1012 1206 christianmn
1035 1145 1178 1205 beneficia
1189 1147 1240 1205 illa
1255 1146 1385 1218 contulit,

168 1251 270 1324 quibus
298 1252 477 1310 1110110011
507 1252 596 1310 etiam
617 1253 699 1310 multi
722 1253 857 1310 acerrimi
880 1253 944 1324 ejus
966 1267 1064 1310 osores
1082 1250 1225 1310 fruuntur.
1270 1251 1384 1324 Quippe

168 1355 371 1430 pmdentieres
393 1373 493 1416 omnes
515 1355 602 1416 facile
625 1355 738 1431 vident,
761 1355 829 1430 qnid
852 1362 882 1414 et
904 1355 980 1428 apud
996 1355 1115 1414 Latinas
1137 1359 1241 1428 gentas
1263 1361 1295 1414 01
1315 1355 1385 1414 alibi

170 1459 357 1520 obscumrnm
379 1461 494 1519 illoram
516 1461 643 1522 virorum
665 1476 866 1534 successores,
898 1477 962 1518 cum
983 1461 1124 1532 portentis
1147 1459 1386 1519 0111111011-

168 1564 221 1623 bus
256 1581 290 1624 ac
317 1563 571 1638 Marpingensibus
604 1569 635 1622 et
667 1582 732 1623 cum
759 1565 847 1624 Petro
877 1563 991 1623 11111100
1021 1564 1190 1623 0110111110
1219 1564 1266 1623 101
1298 1563 1385 1623 hodie

170 1669 316 1741 valerent,
340 1669 395 1726 nisi
417 1667 650 1728 Pretestantismi
672 1673 759 1742 atque
782 1669 913 1727 cultmae
942 1667 979 1727 ab
1002 1684 1037 1727 eo
1058 1667 1208 1742 profectae
1231 1668 1385 1728 10110ιο11-

169 1778 311 1845 quatenus
348 1772 483 1832 habenda
511 1778 596 1832 esset.
649 1772 732 1844 Quod
767 1773 885 1845 pessimi
912 1771 1028 1846 quidam
1059 1772 1147 1832 medii
1176 1773 1242 1832 aevi
1270 1789 1386 1832 errores

170 1893 245 1934 nunc
275 1877 352 1951 apud
373 1877 466 1950 ipsam
487 1877 645 1936 Romanam
668 1877 778 1936 curiam
800 1876 897 1936 verbis
918 1893 976 1935 non
997 1894 1030 1935 re
1054 1877 1165 1952 vigent,
1193 1875 1224 1935 id
1245 1877 1386 1949 Latiam,

169 1980 200 2038 id
222 1979 383 2040 fortitudini
402 1981 490 2039 animi
517 1987 548 2039 et
570 1981 750 2040 constantiae
773 1983 836 2055 ejus
858 1997 963 2054 magna
986 1998 1022 2039 er
1044 1985 1127 2054 parte
1150 1980 1283 2040 debetur.
1328 1980 1386 2040 Sed

170 2099 274 2144 revera
296 2083 411 2144 fortiter
432 2085 587 2159 pugnando
609 2086 774 2160 asperitatis
798 2085 945 2158 cuiusdam
968 2091 999 2143 et
1014 2085 1183 2144 acerbitatis
1203 2084 1388 2144 consuetudi·

170 2205 238 2248 nem
259 2189 310 2249 ille
333 2191 492 2264 contraxit,
522 2207 611 2264 saepe
634 2206 698 2248 cnm
720 2189 828 2248 rustico
848 2189 1014 2262 agrestique
1037 2189 1175 2248 orationis
1199 2189 1296 2248 colore
1319 2205 1386 2248 con-

152 2296 306 2368 ·jnnctam
362 2293 396 2352 Id
430 2295 485 2353 etsi
518 2296 585 2369 jure
627 2295 820 2367 vituperatur,
854 2297 952 2352 tamen
990 2292 1164 2351 monendum
1205 2299 1263 2368 est,
1298 2299 1387 2352 antea

171 2397 329 2456 Lutbernm
357 2403 493 2470 10101011
516 2397 724 2457 exsecrandum
746 2397 925 2456 haereticum
954 2413 972 2454 a
992 2394 1165 2470 praefractis
1188 2402 1219 2456 01
1238 2396 1386 2456 obduratis

171 2503 302 2561 veritatis
324 2501 569 2575 contemptoribus
588 2503 727 2561 conviciis
751 2501 927 2562 saevissimis
946 2501 1069 2575 petitum
1083 2498 1172 2559 luisse
1188 2516 1295 2574 eosque
1309 2501 1388 2560 bend

169 2603 278 2665 trustra
307 2605 414 2679 passim
440 2606 517 2680 apud
544 2607 660 2679 vulgum
690 2607 816 2679 ineptias
839 2621 906 2666 suas
936 2610 1073 2678 tanquam
1094 2605 1244 2664 christiani
1265 2605 1388 2663 nominis

171 2710 321 2769 victoriam
342 2709 530 2786 decantasse,
553 2711 595 2769 ita
618 2717 650 2770 ut
671 2727 723 2784 pro
744 2711 860 2770 illerum
882 2715 1045 2783 temporum
1058 2709 1192 2783 ingenio,
1214 2710 1388 2783 praesertim

170 2831 258 2887 quum
280 2815 368 2874 etiam
390 2815 543 2888 imperitae
563 2815 753 2874 multitudinis
773 2815 882 2890 oculos,
915 2816 1036 2873 istorum
1057 2814 1222 2888 praestigiis
1244 2815 1388 2888 praestin-

70 2999 72 3004 .
171 2923 250 2994 ctos,
277 2921 391 2992 aperire
421 2935 542 2978 neeesse
573 2925 666 2994 esset,
699 2919 789 2992 ipsius
815 2920 946 2979 veritatis
974 2934 1062 2977 causa
1092 2917 1163 2976 duro
1193 2917 1269 2976 nodo
1299 2918 1388 2976 durus

171 3021 274 3080 deberi
303 3039 412 3083 cuneus
440 3023 596 3082 videretur.
654 3022 745 3095 Quem
775 3025 806 3081 in
835 3021 921 3082 finem
951 3039 1038 3095 quum
1070 3021 1192 3080 aliorum
1218 3021 1389 3094 deceptores

171 3142 256 3198 quam
287 3126 442 3186 fortissime
471 3127 634 3188 illudendos
663 3143 726 3186 esse
752 3132 886 3201 putaret,
914 3125 1010 3185 faceta
1040 3126 1173 3208 salsaque
1203 3140 1303 3182 eorum
1324 3124 1389 3181 irri-

172 3229 253 3289 sione
283 3232 428 3306 utebatur,
458 3232 541 3291 modo
562 3232 731 3307 ingeniosa,
761 3231 847 3290 modo
869 3232 940 3290 satis
962 3231 1071 3289 rustica
1094 3233 1124 3288 et
1148 3228 1250 3302 atroci,
1271 3227 1389 3301 jocandi

171 3334 292 3395 libidine
319 3337 396 3408 iusto
422 3338 536 3410 longius
566 3353 654 3410 saepe
685 3337 831 3410 abreptus.
885 3335 943 3395 Sed
968 3333 1069 3408 quales
1092 3332 1250 3392 adversarii
1272 3330 1390 3406 fuerint,

124 3419 128 3426 ’
172 3455 210 3496 10
242 3439 452 3500 obliviscamur.
496 3442 619 3500 Istorum
652 3443 762 3516 scripta
793 3441 879 3514 pauci
911 3427 987 3498 nunc
1023 3439 1139 3512 legunt;
1170 3437 1219 3512 qni
1249 3437 1390 3497 attentius

172 3543 314 3620 legerint,
337 3547 483 3618 permulta
510 3562 542 3604 se
570 3545 630 3604 illic
659 3547 804 3605 invenisse
837 3545 1012 3618 concedent,
1035 3558 1110 3616 quae
1133 3542 1293 3602 catholicae
1315 3541 1390 3600 veri-

172 3651 242 3708 tatis
268 3649 332 3708 loeo
354 3665 464 3723 ponere
493 3655 581 3722 atque
604 3649 763 3711 defendere
794 3651 930 3710 meliores
950 3665 1028 3708 1110
1051 3649 1139 3708 etiam
1161 3645 1391 3706 Romanocatho·

173 3755 245 3813 lioos
271 3754 404 3828 puderet.
459 3753 635 3828 Ceteroquin
660 3756 819 3815 Lutberum
844 3772 957 3829 quoque
988 3754 1122 3813 similiter
1153 3757 1239 3824 atque
1267 3765 1390 3808 summos

175 3860 322 3918 eeclesiae-
338 3859 456 3933 Patres,
479 3859 510 3916 in
533 3864 576 3918 101
597 3861 741 3933 tantisque
764 3858 1022 3933 disceptationibus
1045 3863 1133 3930 atque
1155 3852 1391 3913 altercationibus

173 3963 250 4022 band
273 3964 364 4022 semel
386 3965 499 4038 lapsum
523 3980 586 4022 esre
605 3970 693 4037 atque
708 3979 845 4037 peccasse
870 3969 900 4022 et
921 3961 1067 4020 interdum
1083 3961 1261 4018 inveteratos
1276 3971 1391 4014 errores

173 4072 387 4142 oppugnantem
421 4069 452 4126 in
490 4069 636 4142 oppositos
665 4085 779 4127 errores
821 4067 972 4140 incidisse,
1009 4063 1133 4124 eundem
1175 4062 1224 4119 vel
1255 4059 1304 4118 ubi
1333 4075 1389 4118 non

175 4174 317 4232 erraverit
339 4173 447 4246 passim
469 4173 607 4247 11000110,
635 4187 837 4244 nonnunquam
858 4169 981 4230 sordidis
1003 4175 1034 4228 et
1055 4167 1132 4226 male
1151 4163 1304 4240 paradoxis
1326 4180 1392 4224 ver-

173 4275 219 4336 bis
248 4293 331 4336 usum
358 4293 422 4336 0000
449 4295 487 4338 10
514 4279 673 4352 acerrimus
699 4275 816 4350 quidem
842 4277 920 4335 illius
949 4273 1086 4334 defensor
1112 4271 1200 4330 variis
1223 4272 1285 4343 eJ'us
1310 4269 1392 4326 libris

65 4401 66 4404 ¹
175 4387 310 4440 accurate
339 4382 476 4455 perlectis
507 4381 694 4455 initiabitur,
728 4382 816 4441 etiam
845 4379 1063 4451 admirabilem,
1093 4391 1150 4448 qua
1183 4374 1297 4448 polluit,
1325 4389 1392 4431 con·

174 4487 311 4546 stantiam
336 4487 483 4546 interdum
509 4488 540 4546 in
565 4487 757 4560 pervicaciam
784 4487 928 4560 quandam
948 4483 1143 4558 degenerasse
1166 4494 1255 4552 saepe
1274 4495 1393 4538 001000-

175 4605 236 4648 sum
265 4596 317 4651 est.
364 4591 512 4667 Quisquis,
541 4593 566 4650 01
596 4591 699 4651 eodem
730 4591 820 4650 animi
843 4591 947 4650 robore
969 4587 1107 4646 divinitus
1133 4585 1202 4645 dato
1226 4587 1392 4642 001110101
