3188 5086
723 293 816 344 Garun
834 292 864 343 V.
1347 295 1395 350 151

182 525 278 581 usqne
300 505 450 566 adfinem
472 506 595 566 eandem
619 521 700 580 spem
722 505 907 564 christianam
930 521 966 564 ex
987 502 1044 565 fide
1066 507 1235 579 evangelica
1257 507 1398 567 orientem

182 611 349 672 firmissime
369 611 501 686 tenebat,
524 626 610 684 qnam
628 611 742 683 iuvenis
761 611 820 682 jam
841 610 958 684 penitus
976 611 1137 684 perspectis
1156 611 1299 670 humanae
1320 611 1398 672 vitae

183 717 312 776 miseriis
342 731 469 788 suaeque
499 715 606 775 aetatis
629 715 741 774 damnis
762 714 904 788 quondam
932 713 1079 787 professus
1102 718 1175 773 erat.
1218 715 1310 774 Paulo
1333 721 1399 790 post

182 821 258 881 Julii
287 819 497 879 bellicosissimi
523 816 670 878 Pontificis
699 817 849 878 decessum
878 818 1008 878 libellum
1028 818 1196 894 scripserat,
1225 835 1282 892 quo
1305 819 1398 894 ipsam

183 924 294 983 Pacem
311 923 424 983 inducit
438 920 630 996 loquentem¹
669 922 805 994 Queritur
827 922 890 994 illa,
913 922 1021 982 frustra
1042 937 1073 981 se
1095 922 1194 981 orbem
1216 937 1398 998 peragrasse,

185 1033 221 1086 ut
237 1028 332 1086 locum
349 1027 507 1098 inueniret,
530 1043 586 1100 quo
607 1027 812 1100 requiesceret
856 1025 965 1084 Narrat
987 1027 1057 1084 satis
1078 1030 1228 1100 accnmte,
1254 1025 1320 1100 quid
1341 1027 1397 1086 sibl

183 1133 265 1190 inter
286 1136 389 1204 gentes
410 1131 602 1204 sanguinariis
625 1131 710 1189 bellis
732 1130 871 1204 mutas,
893 1130 962 1203 quid
982 1129 1037 1189 sibi
1059 1131 1090 1188 in
1111 1129 1254 1204 domibus,
1274 1131 1305 1188 iu
1328 1130 1397 1189 civi·

185 1234 310 1309 tatibus,
340 1237 371 1293 in
394 1234 562 1308 Principum
584 1235 658 1292 aulis
681 1235 821 1293 evenerit.
864 1233 1012 1292 Describit
1033 1233 1167 1308 blandas,
1190 1250 1260 1308 quas
1282 1233 1397 1309 viderit,

185 1339 446 1411 consalutationes,
473 1339 580 1398 amicos
603 1339 781 1412 complexus,
809 1337 918 1396 hilares
941 1339 1180 1412 compotationes,
1202 1353 1277 1411 quae
1299 1338 1398 1397 fucata

184 1439 312 1515 fictaque
338 1443 448 1516 omnia,
478 1443 659 1502 clanculariis
689 1440 818 1501 discidiis
846 1458 881 1500 ao
909 1429 1099 1500 simultatibus
1122 1448 1257 1516 oomupta
1281 1439 1397 1501 fuerint

184 1545 233 1604 Ad
255 1544 433 1605 eruditorum
455 1561 558 1621 greges
580 1562 613 1605 se
635 1544 814 1620 confugisse,
841 1546 924 1604 bonis
946 1545 1065 1618 litteris,
1094 1545 1289 1621 philosophia,
1317 1545 1399 1606 theo-

186 1649 268 1722 logia
288 1649 434 1710 florentes.
479 1649 611 1724 ,Verum,
631 1651 703 1724 proh
725 1648 835 1709 dolorl‘
857 1649 963 1723 inquit,
986 1665 1038 1724 ,en
1057 1648 1105 1707 hic
1124 1665 1237 1722 quoqne
1258 1649 1399 1709 bellorum

187 1751 269 1810 aliud
291 1768 389 1826 genus
434 1751 538 1812 Schola
567 1769 632 1812 cnm
661 1753 759 1813 schola
787 1753 908 1812 dissidet
937 1757 981 1826 et,
1012 1769 1065 1812 ceu
1086 1768 1184 1812 rerum
1206 1753 1315 1813 veritas
1337 1753 1400 1814 loco

187 1859 394 1932 commutetur,
426 1857 469 1915 ita
497 1857 640 1930 quaedam
672 1857 745 1916 scita
776 1873 834 1915 non
864 1857 1013 1929 trajiciunt
1041 1871 1136 1930 mare,
1169 1857 1312 1930 quaedam
1342 1872 1399 1916 nou

186 1965 327 2031 superant
349 1959 453 2034 Alpes,
479 1961 621 2034 quaedam
643 1977 700 2020 non
723 1965 841 2020 tranant
863 1960 1010 2034 Rhenum,
1039 1961 1127 2018 immo
1153 1960 1184 2020 in
1208 1959 1311 2020 eadem
1332 1975 1399 2020 aca-

186 2061 285 2122 demia
312 2079 377 2122 cnm
405 2065 523 2124 rhetore
550 2064 659 2124 bellum
689 2069 734 2124 est
763 2065 934 2138 dialectico,
965 2080 1030 2122 cum
1051 2063 1255 2123 Jureconsulto
1279 2064 1399 2124 dissidet

184 2166 346 2241 theologus.
389 2167 485 2242 Atque
516 2169 589 2228 adeo
619 2170 651 2227 in
681 2169 783 2228 eodem
811 2168 998 2241 professionis
1026 2182 1134 2242 genere
1162 2184 1226 2226 cum
1250 2167 1399 2228 Themista

183 2276 297 2344 pugnat
324 2269 461 2346 Scotista,
492 2288 556 2331 cnm
588 2273 673 2334 Reali
697 2273 872 2346 Nominalis,
903 2289 968 2330 cnm
998 2271 1194 2344 Peripatetico
1223 2271 1397 2348 Platonicus,

184 2373 261 2432 adeo
283 2379 315 2434 ut
337 2392 375 2434 ne
397 2376 428 2435 in
449 2376 647 2436 minutissimis
663 2377 778 2451 quidem
799 2377 887 2436 rebus
905 2377 983 2436 inter
1000 2377 1052 2434 hos
1070 2377 1224 2436 conveniat
1242 2392 1277 2435 sc
1296 2392 1398 2450 saepe·

184 2493 307 2538 numero
336 2478 373 2539 de
403 2480 472 2539 lana
499 2481 619 2554 caprina
648 2481 829 2540 atrocissime
857 2479 1062 2554 digladientur.
1111 2479 1173 2554 Quo
1195 2496 1242 2540 me
1264 2483 1398 2540 sermm?

184 2581 268 2640 Nihil
297 2588 430 2656 superest
457 2584 515 2643 nisi
539 2601 598 2644 una
625 2585 715 2644 veluti
742 2601 825 2645 sacra
850 2601 957 2645 ancora
977 2585 1101 2658 Religio.
1145 2585 1237 2659 Hujus
1258 2583 1398 2658 professio

184 2684 260 2744 licet
280 2686 317 2744 sit
336 2685 564 2748 Christianorum
585 2689 712 2748 omnium
731 2691 902 2764 communis,
932 2695 1031 2749 minen
1054 2704 1118 2749 eam
1141 2689 1189 2748 isti
1210 2689 1397 2762 peculiariter

184 2785 358 2862 profitentur
379 2791 478 2866 titulo,
501 2793 594 2867 cultu,
617 2793 815 2868 caerimoniis,
835 2795 883 2867 qni
901 2794 987 2867 vulgo
1002 2791 1189 2852 Sacerdotem
1207 2797 1396 2866 cognomento
1495 2783 1500 2791 ’

185 2892 430 2954 commendantur.
495 2895 634 2957 Arrident
662 2903 759 2957 uestes
789 2896 945 2971 candidae,
978 2913 1100 2970 meoque
1131 2896 1228 2956 colore
1258 2897 1395 2972 insignes,

183 2995 271 3055 video
292 3013 393 3058 cruces
414 3000 495 3073 pacis
517 3001 659 3075 symbola,
689 3001 775 3060 audio
796 3001 991 3060 dulcissimum
1018 2999 1089 3058 illud
1108 2998 1207 3058 fratris
1227 3015 1395 3074 cognomen,

185 3101 311 3162 eximiae
343 3104 472 3163 caritatis
504 3110 717 3180 argumentum,
751 3121 838 3164 cerno
870 3120 967 3164 rernm
999 3104 1124 3162 omnium
1158 3103 1394 3177 communionem,

183 3205 370 3276 conjunctum
397 3209 561 3284 collegium,
590 3211 729 3283 templum
757 3209 847 3282 idem,
876 3208 957 3281 leges
984 3205 1116 3281 easdem,
1146 3209 1303 3264 conventus
1325 3221 1394 3280 quc·

183 3307 318 3368 tidiauos.
353 3311 422 3384 Quis
443 3312 492 3371 hic
509 3328 568 3372 non
583 3311 708 3374 confidat
724 3313 790 3387 paci
805 3314 897 3370 locum
911 3309 996 3370 iore?
1029 3309 1099 3384 Sed,
1122 3324 1217 3369 orem
1231 3306 1392 3382 indignaml

183 3429 324 3486 nusquam
346 3413 408 3476 fere
432 3417 554 3492 mbegio
575 3418 710 3476 convenit
732 3434 796 3476 cnm
819 3417 968 3491 episcopo,
994 3431 1097 3490 parum
1119 3413 1188 3488 hoc,
1210 3414 1267 3473 nisi
1288 3419 1319 3473 et
1338 3414 1394 3488 ipsi

183 3515 262 3574 iuter
289 3533 354 3578 sese
382 3518 554 3580 factionibus
585 3521 794 3581 scinderentur.
839 3520 1067 3594 Quotusquisque
1093 3518 1230 3580 mcerdos
1255 3524 1314 3594 est,
1346 3519 1393 3580 eoi

183 3636 243 3678 non
271 3622 309 3680 sit
338 3638 402 3682 cnm
432 3625 527 3698 aliquo
556 3625 708 3686 sacerdote
734 3627 792 3685 lis?
836 3626 932 3686 Unum
961 3625 1106 3684 hominum
1128 3639 1220 3698 genus
1250 3631 1393 3698 superest,

184 3723 235 3796 qui
255 3724 297 3783 sic
318 3725 450 3786 adstricti
472 3734 539 3788 sunt
559 3729 706 3804 religioni,
730 3734 763 3788 nt
785 3730 899 3788 etiamsi
921 3731 1052 3803 cupiant,
1075 3729 1154 3788 nullo
1176 3733 1263 3802 pacto
1286 3731 1393 3800 queant

184 3833 335 3904 excutere,
355 3847 413 3889 non
428 3833 535 3907 magis,
558 3849 644 3906 quam
658 3832 774 3893 testudo
789 3833 912 3892 domum.
957 3833 1003 3891 Ne
1021 3831 1089 3905 quid
1110 3833 1284 3890 intentatum
1305 3829 1393 3888 relin-

184 3947 282 4006 quam,
315 3934 380 3993 illos
410 3937 551 4010 experiar.
584 3968 624 3978 —
658 3937 780 4010 Quaeris
810 3936 939 3994 exitum?
989 3933 1018 3992 A
1051 3935 1136 3992 nullis
1166 3933 1259 3992 resilii
1291 3932 1392 4006 magis.

182 4035 258 4095 Nam
287 4037 357 4111 qnid
386 4055 512 4115 sperem,
543 4041 593 4101 ubi
615 4041 719 4116 religio
743 4057 805 4099 cum
828 4041 969 4113 religione
992 4037 1133 4097 dissidet?
1176 4035 1231 4095 Tot
1251 4035 1391 4096 factiones

183 4147 265 4216 sunt,
295 4148 366 4215 quot
388 4149 454 4202 sunt
475 4143 621 4221 sodalitia,
643 4145 840 4204 Dominioales
862 4143 1004 4203 dissident
1025 4159 1089 4201 cnm
1111 4140 1270 4215 Minoritis,
1297 4139 1392 4200 Bene·

182 4241 284 4304 diutini
314 4262 379 4305 cum
408 4247 614 4324 Beruardlnis3
645 4266 698 4309 sua
726 4249 829 4323 cuique
857 4249 988 4322 placent,
1019 4246 1115 4305 abana
1139 4244 1257 4304 damnat
1278 4249 1309 4305 ct
1331 4245 1393 4304 odit

182 4349 314 4422 quisque.
359 4349 433 4422 Quin
459 4352 537 4412 idem
560 4352 724 4414 sodalitium
749 4351 922 4412 factionibus
950 4348 1103 4424 scinditur,
1132 4347 1326 4410 Observautes
1347 4349 1392 4406 in·

272 4568 299 4636 1)
319 4569 386 4636 Opp.
403 4569 440 4622 lv
459 4576 566 4623 ditias:
585 4572 696 4630 Querela
712 4573 788 4624 Pacis
808 4572 839 4640 (c.
857 4589 880 4623 a
901 4569 986 4642 lota).
