3194 5052
713 319 806 369 Gerar
824 316 882 371 vn.
1157 384 1160 389 .
1347 321 1399 378 189

183 531 263 590 modi
285 533 462 592 inveteratos
483 549 598 592 errores
620 531 796 591 insanabiles
814 548 879 591 esse
903 532 995 606 magis
1017 533 1163 607 magisque
1185 535 1397 598 animadvertit.

183 635 215 695 Si
249 652 317 709 pers
345 641 456 696 tantum
480 635 707 696 Christianorum
737 653 756 695 a
785 641 921 711 corrupte
945 637 1026 696 curia
1048 636 1239 713 descisceret,
1265 655 1400 714 magnum

185 739 331 798 ecclesiae
362 747 393 800 ct
420 740 601 814 reipnbhoae
633 739 784 800 discidium
814 741 875 800 iore
906 741 1078 815 praesensit
1128 740 1186 802 Sed
1207 743 1281 802 haec
1303 746 1401 804 omnia

184 835 303 902 divinae
332 844 534 919 providentiae
563 843 769 904 committenda
798 861 862 904 esse
893 845 1046 907 intellexit.
1114 846 1179 919 lpse
1213 845 1251 905 ad
1280 850 1400 921 quaevis

183 947 325 1020 patienda
347 965 400 1022 pro
417 947 525 1007 Christi
548 950 700 1023 evangelio
721 954 869 1023 promptus
893 953 965 1008 erat
1004 948 1084 1020 Quod
1107 949 1145 1008 ad
1166 950 1313 1024 scrupulos
1335 953 1400 1011 illos

185 1051 308 1126 attinet,
338 1057 399 1111 tum
428 1069 513 1126 quam
543 1053 732 1113 vehementer
763 1068 794 1112 se
818 1053 988 1126 movissent,
1021 1058 1080 1112 tum
1104 1054 1289 1127 quamobrem
1310 1056 1341 1113 in
1363 1057 1399 1114 iis

184 1171 245 1213 non
266 1155 452 1231 substitisset,
475 1162 578 1230 postea
593 1157 716 1217 Erasmo
738 1157 865 1230 ingenue
888 1155 1036 1216 confessus
1059 1161 1112 1215 est
1156 1157 1211 1230 Qui
1232 1175 1319 1230 quum
1339 1161 1400 1233 jam

184 1259 318 1318 invectus
346 1260 376 1319 in
406 1277 472 1320 eum
505 1267 599 1337 esset,
633 1260 709 1334 quod
739 1277 909 1320 consensum
942 1265 985 1320 tot
1018 1266 1198 1336 sanctorum,
1232 1270 1400 1338 martyrum,

184 1367 318 1436 patrum,
341 1365 527 1424 conciliorum
546 1381 735 1440 perrumpere
759 1382 817 1424 non
830 1370 989 1439 vereretur,
1009 1364 1084 1424 bono
1099 1365 1195 1424 animo
1213 1365 1400 1443 respondens,

185 1467 322 1543 ,Fateor‚
351 1469 391 1526 mi
411 1468 559 1544 Erasme,‘
588 1470 694 1545 inquit,
720 1487 792 1545 ,non
824 1469 969 1528 immerito
992 1473 1021 1528 te
1044 1469 1108 1528 istis
1131 1470 1262 1530 omnibus
1283 1474 1399 1532 moveri.

185 1569 251 1644 Ego
280 1573 356 1632 ultra
386 1573 559 1634 decennium
586 1574 650 1632 istis
679 1575 721 1632 sic
745 1579 839 1632 motus
869 1589 947 1648 snm,
976 1577 1007 1632 nt
1035 1573 1143 1631 nullum
1165 1575 1254 1632 nhum
1276 1575 1402 1635 arbitrer

187 1691 270 1750 esse,
304 1677 351 1750 qui
386 1693 479 1751 neque
513 1678 552 1737 sil
583 1677 661 1737 istis‘
676 1683 831 1752 permotus.
875 1676 1005 1751 Eratque
1039 1677 1110 1736 mihi
1137 1678 1307 1738 incredibile
1336 1681 1401 1755 ipsi,

186 1779 263 1838 hanc
290 1780 407 1855 Trojum
435 1789 580 1857 nostram,
609 1788 691 1842 tanto
719 1787 864 1856 tempore,
895 1787 940 1841 tot
961 1780 1045 1840 bellis
1067 1781 1221 1858 invictam,
1242 1800 1327 1858 posse
1347 1784 1400 1844 ali·

188 1883 303 1956 qnando
331 1886 404 1960 capi
449 1885 490 1944 Et
512 1892 604 1946 testor
627 1885 781 1946 Dominum
805 1887 836 1944 in
863 1885 989 1946 ammam
1018 1901 1128 1961 meam,
1159 1903 1401 1962 perseverassem,

188 1989 278 2046 etiam
300 1988 385 2049 hodie
408 1990 451 2049 sic
473 2007 615 2064 moverer,
637 1991 695 2049 nisi
717 1995 837 2065 urgeret
854 2007 900 2050 me
922 1989 1144 2050 conscientia
1167 1996 1197 2050 et
1219 1991 1402 2052 evidentia

187 2091 308 2152 rerum
330 2111 377 2156 me
400 2095 431 2153 in
451 2094 598 2154 diversum
618 2093 755 2169 cogeret‘

276 2215 367 2291 Hujus
392 2217 541 2290 utriusque
569 2217 614 2276 rei
635 2217 742 2276 invicto
765 2217 869 2275 robore
893 2232 957 2274 cnm
979 2215 1107 2276 Luthero
1126 2213 1261 2289 permulti
1283 2217 1346 2290 alii,
1376 2216 1401 2275 si

189 2335 246 2376 non
270 2320 391 2394 pariter,
412 2325 442 2379 at
465 2321 599 2382 similiter
619 2321 809 2380 movebantur
831 2319 989 2392 eodemque
1010 2319 1092 2378 inviti
1116 2336 1151 2378 ex
1166 2325 1250 2393 purte
1265 2317 1400 2380 sereban-

187 2428 245 2480 tnr.
292 2423 436 2484 lidebant
462 2424 539 2484 haud
560 2439 667 2499 peuce,
689 2441 763 2497 qnae
787 2424 918 2488 Romana
940 2423 1021 2482 curia
1044 2422 1081 2482 ad
1102 2421 1273 2484 vindicanda
1287 2425 1402 2498 imperii

187 2527 232 2585 sui
253 2529 322 2602 jnra
350 2529 492 2589 mordicus
519 2529 653 2604 tenebat,
682 2529 745 2589 sine
769 2529 829 2588 ullo
851 2527 938 2587 dubio
960 2528 1035 2587 falsa
1057 2534 1142 2602 atque
1165 2529 1306 2588 ementita
1327 2545 1401 2604 esse,

189 2631 274 2690 siemi
297 2632 347 2690 illo
370 2637 501 2708 tempore
522 2633 676 2694 Laurentii
698 2633 800 2692 Vallae
823 2632 860 2692 de
883 2632 1022 2692 ementita
1044 2631 1225 2692 Constantini
1246 2633 1401 2693 donatione

189 2734 316 2810 libellus,
346 2755 431 2811 qnem
465 2744 497 2798 ut
525 2743 677 2798 revocaret
704 2738 732 2796 vi
763 2736 908 2810 quondam
933 2737 982 2796 ille
1012 2743 1128 2797 coactus
1155 2742 1233 2812 erat,
1262 2737 1300 2798 ab
1327 2738 1401 2797 ilnt-

188 2847 256 2900 teno
282 2840 377 2901 denuo
405 2841 499 2901 editus
521 2841 600 2901 haud
623 2842 758 2916 exiguum
791 2841 955 2901 mortalium
979 2841 1082 2901 animis
1105 2847 1251 2915 stuporem
1272 2843 1401 2901 incussit.

188 2943 261 3003 lnde
291 2945 414 3019 primum
443 2963 479 3005 ex
500 2947 570 3005 viris
591 2944 699 3020 doctis,
727 2951 794 3004 tunc
818 2961 854 3004 ex
876 2945 1035 3004 ihitteratis
1058 2945 1130 3004 elios
1152 2945 1239 3005 anxia
1259 2945 1402 3004 dubitatio

189 3049 226 3108 de
248 3048 352 3108 divinis
373 3049 461 3109 rebus
483 3051 602 3124 invasit,
633 3050 684 3109 alii
707 3066 773 3107 cnm
792 3048 916 3108 ethnicis
939 3049 999 3108 sive
1023 3047 1229 3122 Ciceronianis,
1253 3049 1301 3120 qui
1323 3048 1401 3107 dice-

189 3153 302 3228 bantur,
326 3169 441 3214 omnem
462 3155 634 3228 religionem
649 3153 834 3229 abjecerunt,
856 3155 942 3226 longe
956 3151 1063 3226 plures,
1083 3153 1211 3224 quamvis
1226 3167 1283 3209 non
1299 3151 1402 3210 eodem

189 3267 291 3318 omnes·
316 3260 422 3318 mentis
444 3257 570 3318 candore
594 3263 680 3332 atque
706 3259 821 3332 vigore,
843 3258 921 3316 inter
943 3256 1187 3316 christianismum
1210 3261 1240 3315 et
1259 3254 1401 3314 humanas

188 3363 374 3440 traditiones,
404 3365 481 3423 inter
503 3363 656 3422 ecelesiam
680 3363 798 3436 ejusque
819 3367 1005 3436 praesentem
1028 3360 1148 3419 sormam
1169 3359 1348 3435 distinguere
1372 3367 1403 3420 et

189 3469 343 3529 veritatem
372 3469 403 3527 in
426 3467 577 3542 evangelio
600 3483 743 3541 quaerere
771 3471 938 3540 coeperunt.
983 3464 1094 3540 Quippe
1117 3466 1148 3524 in
1172 3469 1254 3524 tenta
1276 3465 1403 3524 omnium

189 3589 286 3632 rerum
307 3571 475 3632 confusione
498 3571 529 3632 id
555 3569 664 3631 iactum
694 3575 752 3645 est,
779 3565 855 3644 quod
877 3568 1016 3630 Erasmus
1046 3568 1092 3628 his
1121 3570 1216 3630 verbis
1246 3570 1402 3644 expressit:

189 3676 295 3753 ,Quam
324 3682 429 3752 potens
455 3693 503 3736 res
533 3681 563 3736 et
590 3691 675 3749 quam
703 3673 836 3759 amabilis
864 3675 902 3734 sit
924 3673 1122 3750 evangelium,
1155 3673 1307 3734 declarant
1329 3674 1402 3732 haec

189 3788 335 3857 tempora,
358 3781 461 3856 quihus
484 3781 675 3856 conspicimus
698 3778 797 3839 orbem
821 3777 857 3839 ad
881 3777 1008 3838 auditum
1032 3779 1176 3850 evangeiii
1199 3793 1305 3836 nomen
1324 3777 1403 3834 volut

190 3904 226 3947 ex
240 3887 373 3962 lethargo
389 3885 551 3962 expergisci
572 3889 603 3944 et
617 3891 768 3946 veternum
784 3880 962 3942 excuterc.‘¹
1007 3881 1046 3940 Et
1068 3883 1126 3940 alin
1148 3883 1211 3942 loco
1226 3881 1281 3939 hoc
1296 3895 1403 3938 memo·

189 3989 282 4052 rabile
309 3990 439 4067 ejusdem
469 3989 587 4051 eiiatum
614 3990 750 4064 legimus:
781 3986 919 4062 ,mundus
941 3985 1024 4044 intuli
1047 3984 1193 4045 desiderio
1215 3984 1401 4056 evangelicoe

159 4157 162 4164 ,
189 4095 319 4156 veritatis
348 4113 425 4156 nunc
448 4094 555 4170 ierim,
583 4097 639 4153 nec'
666 4093 764 4152 odiose
785 4089 979 4152 resistendum
998 4089 1061 4148 est‘
1106 4089 1181 4146 Huic
1204 4087 1403 4147 desideriunt

188 4199 373 4261 satisfaceret
395 4201 553 4260 Lutherum
582 4199 705 4258 maxime
735 4197 869 4256 idoneum
902 4211 980 4268 esse,
1016 4193 1061 4252 vir
1093 4192 1219 4252 omnium
1252 4191 1404 4266 sagacissi-

189 4321 253 4364 mus
282 4307 381 4365 stetim
404 4305 536 4379 cognovit
559 4309 668 4376 etque
695 4305 760 4362 erat
782 4304 884 4375 aperto
907 4299 1002 4359 nnimo
1024 4297 1150 4371 ingenue
1174 4311 1208 4355 ac
1230 4297 1312 4368 large
1336 4310 1404 4352 con·

279 4591 306 4659 1)
325 4593 395 4658 Epp.
415 4589 520 4654 xvl11,
540 4595 582 4641 ab.
