3134 5054
621 311 712 363 Gerus
730 308 791 361 x11.
1263 311 1315 366 287

98 534 154 590 per
169 518 313 580 christum
337 521 375 582 ad
393 541 493 584 veram
513 525 725 598 perfectionem
744 527 775 582 et
793 519 964 582 felicitatem
978 526 1135 597 pervenire
1151 541 1208 584 nou
1222 541 1315 600 posse.

100 621 200 693 Quare
230 625 339 698 primus
368 633 452 703 tunc,
481 634 515 688 ut
543 628 680 704 vidimus,
708 628 787 688 inter
816 627 893 686 viras
923 627 1051 686 eruditos
1073 631 1218 703 evangelii
1237 631 1316 690 inter

99 731 205 800 gentes
225 731 405 805 propagandi
426 731 605 792 Christisnm
627 730 854 791 commonefecit
893 730 997 805 Neque
1019 731 1134 808 turcis,
1158 751 1228 808 quos
1250 751 1315 794 sae-

99 830 220 902 pissime
248 841 402 910 memorat,
432 837 517 894 unius
545 835 603 895 Dei
631 834 718 894 iidem
740 835 804 894 siue
827 833 941 894 Christo
971 835 1008 894 ad
1034 836 1157 896 amntem
1181 835 1315 898 sufficere

99 936 230 1007 putabat.
265 937 336 997 Illos
353 955 412 998 non
434 945 548 1000 tantum
571 940 659 999 armis
682 938 733 999 sed
756 939 844 999 etiam
867 939 1017 1013 evangelio
1040 941 1218 1014 superandos
1240 958 1337 1028 essse,⁸

99 1041 177 1097 solus
199 1039 263 1100 fere
285 1041 364 1102 inter
384 1044 430 1102 sui
453 1045 591 1117 temporis
615 1043 743 1104 eruditos
765 1043 842 1102 viros
864 1043 950 1102 enixe
969 1043 1112 1104 admouet.
1150 1045 1185 1104 ld
1204 1052 1237 1105 ut
1255 1045 1315 1123 dut,

100 1159 185 1202 sacra
215 1144 305 1205 biblia
332 1147 363 1205 iu
392 1164 491 1208 eornm
520 1148 648 1223 linguam
677 1147 819 1208 vertenda
846 1147 931 1221 dicit,
961 1153 1117 1221 praetcrea
1139 1150 1314 1212 christianae

100 1248 279 1321 reipublicae
302 1267 381 1326 ease,
410 1252 526 1326 scriph's
548 1251 585 1311 ad
609 1269 708 1311 eorum
731 1255 845 1325 captum
867 1257 898 1309 et
919 1251 1067 1326 ingenium
1091 1254 1315 1315 accommodetis

100 1351 273 1426 religionem
302 1360 429 1414 nostram
457 1355 515 1414 illis
545 1371 704 1431 exponere,
742 1354 818 1428 quud
846 1353 971 1414 officinm
1002 1357 1115 1416 eximiis
1145 1357 1315 1431 quibusdam

100 1456 171 1516 viris
201 1457 333 1516 mandari
362 1459 431 1518 vult
480 1459 514 1518 ln
537 1459 764 1532 ‚consultatione
787 1459 824 1518 da
846 1459 922 1518 bello
944 1459 1079 1519 Turoioo‘
1109 1462 1184 1520 mira
1209 1460 1316 1524 fidncia

100 1559 137 1616 ad
160 1561 285 1622 eandem
304 1579 366 1622 rem
388 1564 555 1622 revertitur.
598 1563 758 1638 ,Subjectis
780 1563 905 1638 Turois‘,
931 1564 1040 1639 iuquit,
1069 1565 1113 1640 ,id
1134 1567 1315 1640 potissimum

100 1665 260 1740 agendum,
292 1671 325 1725 nt
346 1667 437 1726 rictus
459 1684 492 1726 se
516 1683 580 1726 esse
602 1667 757 1742 gaudeant.
801 1666 848 1726 hd
873 1666 903 1725 id
925 1669 1083 1742 praecipue
1104 1667 1260 1744 conducet,
1290 1672 1315 1729 si

99 1767 239 1844 viderint,
269 1768 518 1830 Christianismum
549 1787 606 1829 non
636 1787 700 1830 esse
730 1771 832 1846 verba,
865 1770 917 1830 sed
946 1772 978 1830 in
1003 1771 1085 1831 nobis
1112 1775 1316 1846 conspexerint

99 1888 196 1933 mores
225 1874 376 1948 evangelio
403 1875 523 1951 dignosq
564 1881 624 1934 tum
654 1875 679 1933 si
704 1875 857 1934 mittantur
884 1876 916 1933 iu
944 1892 1068 1936 messem
1093 1877 1202 1952 integri
1230 1894 1317 1952 prae·

100 1992 204 2052 conos,
236 1980 286 2051 qui
320 1995 377 2038 uon
411 1984 554 2052 quaerant
587 1995 662 2052 quae
695 1995 749 2038 sua
780 1984 862 2054 sunt,
903 1979 954 2040 sed
986 1995 1062 2053 quae
1093 1981 1164 2040 iesu
1188 1981 1314 2056 Omittiq

100 2088 258 2158 postremo,
280 2084 305 2142 si
329 2083 378 2157 qni
400 2082 527 2142 nondum
548 2087 668 2157 possunt
682 2083 774 2156 allici,
795 2083 927 2143 sinantur
948 2084 1124 2156 aliquamdiu
1142 2081 1201 2144 sals
1217 2086 1314 2146 virere

100 2186 227 2261 legibus,
255 2187 348 2248 donec
376 2187 516 2262 paulatim
546 2187 696 2246 nobiscum
726 2187 900 2248 coalescant.
945 2187 993 2246 Sic
1024 2189 1095 2247 olim
1123 2187 1315 2265 imperatores

101 2291 250 2351 christiani
273 2293 463 2352 aboleverunt
484 2291 702 2366 paganismum‘

187 2396 233 2455 Ex
254 2397 300 2456 his
322 2396 453 2456 omnibus
476 2397 585 2470 liquido
606 2401 703 2471 patet,
734 2401 914 2470 quantopere
937 2395 1076 2456 Erasmus
1101 2415 1166 2456 cum
1189 2400 1314 2473 singulo-

101 2515 163 2559 rum
192 2501 353 2576 hominum,
381 2507 441 2560 tum
463 2502 663 2560 universarum
687 2501 817 2574 gentium
840 2501 963 2560 salntem
987 2501 1015 2560 iu
1039 2501 1100 2560 sols
1123 2501 1230 2562 Christi
1256 2502 1314 2563 fide

101 2606 236 2676 posuerit.
280 2606 384 2680 Neque
407 2621 532 2678 unquam
555 2603 710 2680 dubitarit,
734 2605 803 2678 quin
825 2603 992 2665 baselides
1015 2623 1068 2680 per
1090 2623 1204 2666 omnem
1226 2625 1316 2681 quou-

101 2707 167 2768 dsm
194 2715 304 2770 terram
333 2711 437 2770 uictrix
466 2709 564 2770 lutura
594 2715 680 2769 esset.
726 2709 772 2769 De
798 2708 901 2768 ancis
927 2709 1072 2785 inprimis,
1103 2709 1189 2784 quum
1217 2728 1314 2772 eornm

101 2811 253 2887 imperium
282 2815 313 2872 in
343 2831 452 2874 summo
480 2813 629 2888 potentiae
659 2811 731 2872 flore
761 2818 852 2884 esset,
883 2813 924 2872 ita
945 2814 996 2872 illa
1018 2815 1167 2888 scripsisse
1190 2815 1314 2891 videtur,

101 2919 183 2990 quasi
205 2935 282 2993 quae
304 2935 382 2977 nnuc
403 2915 477 2977 liunt
494 2920 555 2992 jam
578 2916 746 2976 divinasset
789 2917 915 2976 Nostrae
938 2919 1015 2977 enim
1038 2918 1142 2992 aetati,
1172 2935 1229 2992 qna
1249 2935 1316 2994 per·

101 3025 204 3082 multos
224 3022 480 3082 Mubammedanos
504 3025 566 3097 jam
590 3020 761 3080 Christianis
784 3021 929 3094 subjectos
959 3021 1164 3096 conspicimus,
1195 3024 1315 3082 consilia

101 3126 152 3185 illa
172 3128 281 3200 optime
304 3127 486 3186 conveniunt
534 3127 569 3184 ln
592 3125 694 3199 quibus
716 3127 805 3184 etimn
828 3125 856 3183 id
879 3125 1017 3184 memoria
1039 3125 1237 3197 dignissimum
1260 3132 1313 3200 est,

102 3232 178 3304 quod
205 3233 269 3305 pari
290 3232 380 3290 aruimi
404 3231 507 3290 ardore
529 3228 746 3305 propagandam
768 3231 911 3289 sinceram
935 3229 1105 3303 religionem
1127 3229 1314 3289 christianam

104 3341 134 3393 et
159 3335 296 3395 tuendam
320 3335 515 3394 comedendae
538 3335 706 3394 libertatem
729 3335 922 3408 amplectitur.

190 3440 330 3499 Nimirum
352 3455 427 3513 qnae
448 3439 485 3500 de
507 3439 633 3498 bumana
654 3438 791 3498 libertate
814 3437 911 3512 docet,
934 3453 998 3496 cum
1018 3438 1054 3496 iis
1069 3437 1158 3497 etiam
1174 3436 1314 3499 Christia-

105 3561 205 3604 norum
232 3546 313 3619 leges
341 3549 373 3604 et
401 3543 624 3604 consuetudines
649 3559 791 3617 congruas
813 3541 937 3602 reddero
961 3542 1067 3602 studet
1111 3543 1203 3615 Quem
1228 3541 1315 3604 duem

105 3649 204 3720 quavis
225 3649 294 3708 data
315 3649 468 3708 occasione
491 3649 630 3721 sequitur.
674 3647 765 3707 Immo
788 3653 870 3706 tauta
891 3647 1014 3706 andacia
1035 3648 1110 3706 banc
1131 3665 1194 3707 rem
1217 3665 1315 3708 coram

105 3752 175 3826 ipsis
188 3753 370 3828 pontificibus
386 3753 456 3828 agit,
470 3759 504 3812 ut
517 3753 563 3812 vir
576 3758 678 3812 mutus
693 3754 766 3812 alias
777 3757 807 3811 et
818 3753 1043 3826 circumspectus
1054 3752 1199 3812 interdum
1210 3753 1314 3812 nabilis

105 3856 181 3916 illius
198 3859 321 3932 Hispani
342 3875 395 3917 nos
417 3855 668 3931 commonefaciat,
691 3873 776 3930 quem
798 3859 886 3929 posta
908 3861 1006 3914 noster
1028 3854 1066 3914 ad
1089 3855 1252 3928 Philippum
1273 3855 1312 3913 ll.

107 3959 271 4035 loquentem
285 3963 317 4020 in
331 3977 448 4022 scenam
463 3960 627 4020 introducit
654 3958 702 4018 Sic
716 3959 754 4018 ad
764 3958 894 4018 Leonam
904 3957 941 4019 X.
952 3957 1042 4018 verba
1055 3958 1170 4016 scribit:
1194 3957 1315 4031 ,Libera

107 4079 140 4124 ac
159 4081 301 4140 generosa
323 4065 442 4141 ingenia
463 4065 562 4125 doceri
584 4062 724 4138 madent,
746 4062 810 4136 cogi
831 4060 956 4136 nolunt‘,
980 4067 1011 4120 et
1029 4059 1066 4118 ad
1082 4060 1241 4119 Adriannm
1260 4061 1314 4120 Vl:

107 4169 298 4242 ,Praebeatur
324 4168 431 4229 mundo
459 4185 526 4244 spos
551 4167 767 4242 mutandorum,
795 4167 898 4240 quibus
920 4182 977 4226 non
999 4165 1108 4238 injuria
1130 4164 1262 4238 queritur
1284 4183 1316 4228 sc

107 4277 234 4346 maren:
266 4275 304 4335 ad
330 4275 474 4335 libertatis
497 4273 582 4334 dulce
609 4289 715 4333 nornen
742 4271 930 4346 respirabunt
951 4267 1068 4330 omnes‘
1113 4268 1224 4328 Eodem
1248 4287 1317 4328 cou-

107 4381 171 4438 silio
199 4381 383 4454 paruulorum
412 4378 620 4452 baptizaturum
652 4375 898 4436 confirmationem
924 4375 1014 4433 talem
1043 4373 1106 4433 lere
1132 4388 1196 4430 csse
1217 4373 1317 4448 voluit,

109 4485 199 4557 qualis
221 4485 311 4544 multo
333 4489 413 4558 post,
441 4499 494 4556 per
516 4483 676 4556 Spenernm
697 4482 835 4554 maxime,
859 4480 890 4538 in
912 4479 1037 4539 ecclesia
1059 4475 1228 4552 evangelica
1250 4494 1319 4536 con·

109 4589 209 4648 stituta
239 4594 297 4666 est,
324 4595 357 4648 nt
378 4588 527 4661 uimimm,
558 4603 645 4660 quum
668 4585 877 4660 adulerissent,
908 4582 1052 4643 catechesi
1075 4581 1242 4655 praeparati
1264 4597 1318 4639 sua
