3202 5058
702 269 793 320 Csrnu
811 268 844 318 11.
1344 275 1374 327 71

254 480 464 554 ,Christianam
496 481 613 556 quidem
647 483 831 558 religionem,
867 489 900 542 ut
928 484 1082 545 universae
1114 488 1272 546 communis
1300 489 1377 548 vitoe

163 591 298 660 noemae,
328 587 371 646 ite
403 603 501 646 rerum
533 587 713 661 publicurum
746 588 956 647 sanctissimum
987 587 1205 648 fundumentum
1235 608 1314 666 esse,
1347 592 1378 652 id

162 689 299 748 similiter
324 697 413 764 etque
434 699 500 765 post
525 707 657 752 eversum
686 692 810 766 primum
833 692 1091 767 ibuncogullorum
1118 695 1272 768 imperium
1293 696 1377 754 multi

162 811 243 852 nunc
267 795 412 870 homines,
440 813 528 870 quum
553 797 635 869 quusi
660 797 818 872 coelestem
841 796 921 856 illem
941 813 1056 856 menum
1085 798 1116 856 iu
1138 799 1219 856 miris
1239 798 1377 858 humens-

161 916 229 957 rum
250 915 346 958 rerum
368 900 573 960 mutationibus
591 901 811 976 conspexerint,
832 902 919 962 ultius
940 917 1025 974 quem
1047 907 1135 961 entes
1149 903 1286 963 sentiunt
1318 901 1377 962 Sed

162 1003 255 1062 unitis
280 1004 390 1064 viribus
414 1005 580 1079 nitendum,
613 1021 651 1063 ne
683 1011 780 1064 tentus
809 1005 860 1066 ille
889 1011 1005 1078 temque
1027 1007 1194 1080 preeclerus
1217 1007 1376 1066 animorum

161 1113 274 1178 motus,
295 1108 326 1169 id
348 1107 423 1182 quod
443 1110 584 1168 communi
607 1115 638 1168 et
660 1110 822 1184 principum
844 1117 875 1170 et
892 1110 1021 1184 gentium
1036 1109 1123 1184 culpe
1139 1110 1288 1184 superiore
1303 1113 1376 1170 tem·

161 1227 237 1286 pore
259 1209 366 1272 luctum
389 1221 449 1287 est,
478 1214 584 1272 iterum
606 1215 690 1287 quasi
711 1215 749 1273 de
766 1219 849 1272 recte
870 1215 918 1273 vie
939 1213 1111 1273 deflectatur
1134 1219 1164 1273 et
1186 1207 1232 1292 (ut
1252 1215 1376 1288 apostoli

162 1314 261 1374 verbis
290 1309 419 1396 utemur)
447 1323 600 1391 postquem
628 1317 732 1392 spiritu
765 1317 879 1377 initium
909 1318 999 1392 cepit,
1034 1334 1121 1376 cerne
1154 1323 1375 1378 consummetur.
1468 1387 1474 1400 ⁸

162 1419 282 1478 Etenim
304 1427 338 1478 ut
360 1437 424 1479 cnm
445 1421 600 1480 universae
623 1421 759 1495 Europae
782 1427 842 1480 tum
854 1421 1047 1482 &menarum
1068 1421 1197 1496 gentium
1218 1437 1254 1480 ex
1277 1437 1322 1496 eo,
1344 1422 1375 1480 in

160 1539 222 1597 que
247 1541 323 1583 nunc
347 1525 459 1600 jacent,
489 1523 657 1586 contusione
680 1525 718 1584 ed
746 1525 945 1586 condicionem
967 1543 1036 1586 vere
1059 1526 1208 1588 meliorem
1230 1533 1261 1586 et
1280 1525 1374 1586 senio-

160 1645 228 1686 rem
249 1627 455 1703 provehantur,
477 1633 591 1688 mortue
616 1630 677 1689 sive
699 1631 808 1704 publici
827 1630 917 1705 juris,
945 1631 1007 1690 sive
1026 1631 1175 1704 religionis
1197 1630 1296 1690 littere
1317 1646 1375 1690 uon

160 1731 285 1805 suflicit,
315 1733 367 1792 sed
397 1733 559 1794 sivilicsnte
586 1735 691 1808 spiritu
721 1750 793 1808 opus
823 1732 892 1794 est¹
938 1735 967 1794 Is
992 1751 1064 1794 vero
1086 1736 1215 1808 quemvis
1237 1751 1255 1793 a
1277 1735 1376 1796 mnino

161 1837 362 1897 misericordis
385 1853 480 1912 neque
507 1838 544 1898 eb
572 1837 705 1898 humenis
732 1839 859 1899 consiliis
891 1855 926 1898 ec
954 1838 1062 1898 viribus
1089 1839 1298 1914 exspectandus
1328 1839 1375 1915 sit,

160 1941 205 1999 ibi
236 1942 334 2016 vigere
362 1947 459 2002 temen
487 1959 546 2002 non
566 1949 675 2018 potest,
704 1943 754 2003 ubi
783 1950 948 2018 corruptam
969 1944 1062 2018 ipsam
1084 1944 1289 2018 oopsoientlem
1312 1945 1375 2002 uni·

160 2061 266 2104 versae
292 2046 442 2119 religionis
468 2049 615 2121 corruptio
643 2054 743 2108 secute
765 2055 819 2106 est
864 2047 1047 2121 Quapropter
1069 2048 1102 2122 ii,
1125 2047 1271 2120 quos-bec
1293 2053 1375 2106 tenta

159 2150 328 2210 emunitate
355 2168 403 2210 res
427 2152 598 2211 christianes
627 2153 758 2214 olfecisse
786 2153 922 2226 vidimus,
949 2151 1060 2211 tamdiu
1086 2150 1273 2226 impugnandi
1299 2155 1375 2225 sunt,

127 2253 257 2322 ,donec
284 2256 433 2329 perculsos
461 2263 547 2330 etque
574 2255 761 2331 abjectores
789 2273 853 2316 esse
889 2257 1023 2317 sentient.
1074 2255 1136 2314 Hoc
1164 2254 1374 2314 sanctissimum
1457 2281 1461 2290 ⁴

162 2359 273 2418 bellum
294 2360 492 2435 spiritualibus
514 2363 603 2420 ermis
622 2361 783 2436 gerendum
803 2366 902 2422 nostro
924 2361 1095 2436 praesertim
1119 2359 1235 2434 populo,
1257 2363 1374 2419 nestree

162 2465 350 2538 evangelicae
362 2466 503 2526 ecclesiae
518 2467 683 2540 impositum
695 2472 747 2526 est.
771 2466 848 2540 Quos
864 2467 914 2526 isti
926 2472 1008 2526 teuto
1017 2465 1198 2540 impudentis
1209 2464 1375 2539 opprimere

161 2570 291 2628 nuncin
314 2586 367 2628 suu
387 2570 511 2630 ecclesis
532 2570 659 2645 student,
682 2586 781 2630 eorum
803 2586 890 2631 causa
913 2577 1012 2630 nostre
1034 2585 1123 2629 cause
1140 2575 1193 2630 est
1237 2569 1276 2628 Hi
1299 2569 1375 2628 enim

163 2674 219 2732 soli
240 2673 271 2732 id
293 2674 456 2734 etiamnunc
479 2675 655 2748 defendunt,
675 2675 751 2748 quod
773 2691 907 2749 magnum
930 2681 961 2735 et
980 2675 1177 2749 praeclarum,
1208 2673 1285 2747 qnod
1306 2691 1375 2734 vere

163 2777 352 2838 christianum
381 2779 441 2838 illic
472 2797 526 2852 per
555 2785 598 2838 tot
627 2781 725 2839 secula
754 2780 899 2840 exstitisse
934 2796 1079 2853 nunqucm
1111 2779 1286 2852 negavimus.
1336 2777 1376 2836 Hi

162 2897 246 2956 spem
274 2882 357 2942 nobis
385 2889 526 2944 renovant
546 2881 662 2944 bitume
684 2885 813 2958 unionis,
841 2887 955 2957 quslem
977 2886 1101 2958 majores
1122 2881 1264 2956 quondem
1286 2883 1377 2942 nostri

162 2987 196 3045 in
228 2987 328 3060 quevis
355 3003 440 3062 poce,
468 3005 553 3062 quem
581 2988 617 3048 de
645 2989 733 3048 rebus
760 2989 797 3048 ed
818 2989 988 3064 religionem
1013 2985 1226 3061 pertlnentibus
1248 2985 1301 3046 sub
1323 2987 1376 3044 im-

161 3091 240 3166 perii
269 3081 434 3151 Germanici
466 3093 639 3153 auctoritate
667 3100 903 3166 composuerunt,
930 3109 949 3151 e
981 3090 1077 3150 futuro
1110 3096 1242 3164 tempore
1268 3106 1301 3148 ee
1329 3107 1377 3150 ex·

163 3201 297 3269 spectare
325 3195 447 3269 prolessi
467 3203 540 3258 sunt
586 3197 623 3255 Hi
647 3197 771 3270 denique
794 3196 872 3254 houd
894 3196 978 3270 longe
1006 3192 1131 3253 tortasse
1155 3193 1260 3252 absunt
1281 3193 1318 3251 eb
1342 3209 1377 3252 eo

163 3299 366 3375 concedendo,
400 3301 476 3374 quod
504 3301 667 3362 Leibnitius
701 3300 738 3360 ed
769 3298 975 3372 suspieendsm
1003 3314 1102 3358 verum
1130 3298 1212 3357 illsm
1241 3298 1377 3356 unionem

163 3419 285 3464 necesse
315 3403 378 3465 fore
405 3406 488 3480 vidit,
516 3411 549 3464 ut
576 3407 690 3464 concilii
717 3403 881 3464 Tridentini
910 3403 1043 3477 decreta,
1071 3403 1234 3477 proesentis
1264 3402 1377 3463 discidii

163 3506 366 3582 fundamento,
389 3509 636 3584 suspenderentur
657 3517 688 3570 et
708 3495 978 3570 reformarentur&

253 3613 312 3674 Hos
334 3614 423 3688 igitur
445 3615 536 3688 viros,
563 3615 600 3674 de
624 3615 727 3688 quibus
750 3613 853 3674 eodem
875 3615 962 3674 etiem
986 3629 1063 3674 nunc
1084 3613 1185 3674 decem
1207 3614 1291 3672 cunis
1314 3619 1379 3686 post

163 3715 249 3776 nobis
274 3715 397 3777 dicende
427 3725 510 3792 sunt,
544 3719 730 3794 megistrstus
760 3719 852 3778 nostri
880 3718 1017 3778 adversus
1046 3717 1170 3776 furiosos
1198 3716 1378 3777 advenerim

142 3823 222 3880 'uon
251 3822 326 3882 tueri
353 3839 411 3882 non
438 3824 582 3896 poterent.
633 3823 668 3882 Id
702 3823 882 3896 potissimum
911 3823 941 3881 in
968 3821 1126 3881 Germanis
1154 3820 1280 3878 universi
1308 3819 1377 3876 belli

162 3925 277 3999 papalis
304 3925 419 3985 initium
448 3926 537 3986 luisse
566 3933 689 3987 constet
737 3927 804 3986 Jem
830 3927 915 3985 simul
943 3925 1058 3999 quidem
1081 3919 1223 3984 Pontificii
1253 3921 1378 3994 querelis

162 4029 221 4088 illis
250 4030 287 4088 de
316 4031 440 4104 spoliato
461 4032 544 4105 Papa
570 4031 608 4091 sd
638 4030 796 4091 irritandos
817 4031 946 4107 imperiti
973 4030 1051 4102 vulgi
1080 4027 1191 4086 animos
1213 4025 1377 4084 utebantur.

163 4133 221 4193 Sed
243 4141 364 4208 propter
385 4136 462 4194 solos
477 4135 745 4196 Paleeocstbolicos
763 4138 824 4210 jem
845 4141 915 4194 tuuc
936 4134 1063 4194 rebelles
1078 4132 1215 4191 adversus
1230 4131 1377 4190 civitetem

160 4238 231 4298 fecti
258 4245 341 4313 suut,
369 4239 455 4316 longe
480 4241 657 4314 mensurnis
687 4239 878 4301 seditionibus
907 4243 1030 4314 pn'mum
1054 4238 1085 4296 in
1107 4235 1232 4296 Bouaria
1249 4235 1377 4310 pertine·

254 4475 280 4539 1)
300 4473 387 4524 scor.
409 4481 441 4537 3,
462 4479 485 4523 6.
522 4475 565 4524 Jo.
584 4479 613 4536 c,
633 4478 675 4523 63.

257 4561 285 4626 2)
305 4561 342 4610 De
360 4561 531 4610 Romanorum
550 4569 575 4610 et
592 4559 798 4611 Germanicorum
816 4559 930 4624 gentium
947 4559 1074 4608 consortio
1094 4573 1119 4622 p.
1135 4563 1175 4608 ts.
1196 4562 1236 4610 te.
