3194 5042
223 307 274 361 154
764 308 851 362 Carur
870 307 903 362 V.

221 509 397 570 nobiliorum
429 509 583 570 hominum
613 510 705 570 animi
738 529 771 570 se
801 511 976 584 imbuerint,
1008 510 1039 570 id
1071 510 1272 570 demonstrare
1305 529 1324 570 a
1350 517 1461 571 nostro

221 617 345 678 oonsilio
363 617 495 678 alienum
513 621 567 678 est
613 617 709 692 Quam
730 617 790 678 late
812 618 909 696 ipsius
932 617 1120 694 eruditionis,
1144 618 1175 677 iu
1198 619 1351 696 republica
1374 620 1462 680 litte-

193 745 197 756 ’
221 725 297 785 raria
317 725 507 800 excolendae,
530 726 605 808 fines
628 743 731 786 recens
754 725 915 803 patuerint,
938 725 1042 803 paucis
1065 725 1115 786 hio
1132 725 1367 786 adumbrandum
1388 745 1461 787 esse

221 837 301 910 puto.
330 832 409 894 Satis
423 839 525 893 notum
539 838 598 907 est,
618 833 772 894 scientiam
786 833 963 908 naturalem,
982 837 1173 910 posteaquam
1187 851 1240 910 per
1254 833 1460 911 Copernicum

222 941 363 1000 universa
385 941 558 1000 coelestium
580 959 736 1018 corporum
754 947 852 1001 motus
871 940 1091 1018 contemplandi
1109 941 1183 1000 ratio
1202 945 1314 1000 mutata
1332 947 1394 1015 est,
1417 943 1460 1002 ad

221 1047 424 1108 incredibilem
442 1048 627 1123 varietatem,
645 1049 869 1126 perfectionem,
888 1048 1114 1126 amplitudinem
1132 1049 1269 1108 davisse.
1307 1047 1408 1123 Qrure
1428 1051 1456 1109 si

222 1155 254 1215 in
278 1173 385 1232 magno
409 1155 462 1216 illo
480 1155 613 1215 omnium
632 1155 857 1233 disciplinarum
874 1156 1042 1233 artiumque
1060 1161 1205 1216 concentu
1218 1174 1307 1215 suum
1320 1157 1458 1216 modeste

223 1263 322 1324 locum
344 1264 470 1339 obtinet,
495 1282 564 1324 vere
586 1263 714 1324 excelsis
737 1281 853 1341 semper
876 1269 906 1324 et
928 1263 1110 1323 intaminatis
1134 1263 1294 1324 honoribus
1317 1264 1456 1340 fulgebit

222 1369 307 1444 Quod
337 1371 375 1430 ad
406 1377 518 1432 ceteras
545 1371 720 1448 disciplinas
748 1371 889 1448 pertinet,
916 1371 1037 1447 linguae
1064 1371 1239 1448 litteraeque
1266 1370 1397 1432 Graecae
1426 1379 1457 1432 et

222 1479 382 1554 Romanae,
415 1497 490 1557 quae
521 1479 640 1539 assidue
672 1495 790 1556 semper
823 1479 1007 1554 colebantur,
1041 1478 1223 1538 humanioris
1256 1479 1456 1540 iustitutionis

223 1585 414 1646 fundamenta
437 1591 617 1647 manserunt.
663 1587 818 1647 deauratis
841 1586 1049 1663 grammaticae
1070 1586 1143 1646 artis
1166 1587 1275 1646 studiis
1298 1586 1363 1647 illic
1390 1588 1455 1664 pri-

222 1711 305 1753 mum
322 1694 360 1752 ad
382 1693 592 1771 perlectionem
615 1695 763 1772 quandam
786 1695 895 1755 evectis
917 1694 1099 1754 eruditorum
1121 1694 1252 1753 virorum
1274 1694 1396 1771 ingenia
1417 1695 1456 1754 ad

222 1801 387 1861 mactandas
411 1801 548 1862 similiter
574 1801 647 1862 alias
675 1801 794 1878 linguas
816 1807 1004 1880 praeparatae
1026 1807 1056 1861 11
1078 1801 1255 1862 exercitatae
1277 1805 1356 1862 suut
1403 1803 1454 1862 Ab

221 1908 372 1969 Hebraeae
407 1909 526 1969 dialecti
563 1909 669 1970 notitia
705 1910 836 1987 primum
866 1909 904 1969 ad
936 1909 1104 1985 Semiticas,
1141 1914 1207 1968 tum
1237 1908 1382 1986 paulatim
1414 1909 1453 1968 ad

222 2015 349 2077 aliorum
376 2016 509 2094 gentium
538 2035 680 2093 genemm
708 2015 840 2094 linguas,
868 2035 944 2094 quae
971 2016 1128 2076 orientales
1154 2015 1381 2076 nominabantur
1406 2017 1456 2076 di·

223 2124 348 2184 scendas
366 2129 396 2186 et
415 2124 592 2200 edocendas,
610 2124 767 2185 transitum
786 2129 844 2200 eet,
863 2123 991 2201 denique
1008 2141 1042 2184 eo
1060 2128 1249 2201 perventum,
1268 2128 1302 2183 ut
1319 2123 1457 2184 omnium

223 2231 303 2292 orbis
326 2235 469 2292 terrarum
492 2233 625 2310 gentium
648 2232 780 2308 linguas,
804 2236 834 2292 et
856 2249 932 2310 quae
954 2249 1008 2309 per
1029 2231 1144 2291 litteras
1167 2236 1197 2292 et
1219 2249 1295 2310 quae
1317 2249 1457 2294 sermone

221 2339 302 2417 apud
314 2339 382 2400 illas
398 2341 564 2418 antiquitus
582 2340 771 2400 tradebantur
789 2339 966 2418 perscrutari
985 2357 1061 2416 opus
1079 2339 1278 2399 necessarium
1296 2340 1456 2400 videretur.

225 2445 321 2522 Quam
343 2465 407 2507 rem
429 2448 607 2525 adjuvabant
629 2447 771 2522 maxime,
795 2447 847 2525 qui
870 2446 1032 2524 gentilibus
1054 2446 1166 2506 laetum
1188 2445 1365 2506 christianae
1384 2447 1456 2506 fidei

221 2555 361 2615 nuntium
383 2555 488 2615 adema
511 2555 680 2630 studebant,
704 2559 734 2614 et
755 2553 1025 2614 Romanocatholici
1047 2558 1077 2613 11
1099 2553 1280 2630 Evangelici.
1325 2553 1456 2614 Prorsus

222 2679 327 2722 novam
346 2679 415 2722 vero
433 2661 538 2721 faciem
557 2667 663 2722 cuncta
686 2662 758 2722 haec
781 2661 878 2722 studia
899 2665 1001 2721 nostro
1023 2661 1143 2722 demum
1166 2661 1267 2721 seculo
1289 2661 1456 2720 induerunt

222 2773 252 2828 et
277 2768 315 2828 ad
342 2768 429 2844 longe
456 2767 596 2844 majorem
623 2761 845 2846 perfectionem,
878 2769 1049 2843 utilitatem,
1082 2769 1285 2828 auctoritatem
1313 2773 1456 2846 provecta

223 2881 305 2952 sunt,
337 2894 431 2955 quum
462 2876 500 2935 ad
527 2875 580 2934 illa
606 2876 767 2936 excolenda
793 2877 1021 2954 comparativam
1048 2895 1124 2954 quae
1146 2875 1254 2936 dicitur
1282 2875 1455 2936 methodum

221 2988 322 3045 nostro
345 2983 445 3045 seculo
464 2983 632 3044 Guilelmus
654 2959 693 3044 ab
709 2983 873 3044 Humboldt
895 2989 925 3044 et
947 2983 1122 3044 Frauciscus
1140 2983 1225 3061 Bopp
1248 2982 1456 3044 adhibuissent

222 3110 344 3171 eamque
379 3092 416 3152 ad
454 3091 676 3153 describendam
713 3091 903 3152 Teutonioam
940 3085 1109 3168 linguarum
1146 3090 1290 3150 familiam
1327 3089 1454 3150 Jacobus

222 3198 349 3276 Grimm,
372 3201 409 3259 ad
428 3201 644 3261 Romanensem
663 3199 829 3260 Fudericus
848 3199 919 3258 Diez
940 3199 1216 3260 accommodassent.
1259 3197 1344 3258 Tunc
1363 3197 1453 3274 disje-

222 3311 335 3367 ctarum
367 3309 501 3384 gentium
532 3307 655 3384 originis
687 3307 737 3368 vel
768 3307 972 3384 cognationem
1006 3305 1055 3364 vel
1086 3305 1288 3365 diversitatem
1315 3309 1451 3366 accurate

222 3433 396 3490 cognoscere
418 3415 517 3490 licuit,
545 3415 641 3493 ipsius
663 3415 783 3492 linguae
806 3414 952 3473 humanae
974 3411 1090 3472 indoles
1118 3417 1358 3490 mutatarumque
1385 3413 1450 3488 ejus

222 3521 365 3598 paulatim
387 3539 440 3598 per
462 3522 552 3598 longa
574 3522 638 3581 aevi
662 3523 758 3599 spatia
780 3523 940 3581 formarum
967 3521 1191 3580 vicissitudines
1219 3519 1330 3580 rectius
1362 3525 1451 3597 atque

222 3627 311 3688 altilis
337 3633 510 3707 perspectae
537 3634 620 3704 sunt,
648 3629 741 3688 etiam·
763 3629 800 3688 de
828 3628 1031 3689 vetustissima
1058 3628 1176 3705 generis
1207 3626 1330 3686 humani
1356 3631 1450 3687 aetate

222 3755 259 3796 ex
287 3735 415 3814 singulis
443 3736 508 3814 ejus
532 3736 679 3812 vestigiis,
709 3735 803 3796 veluti
826 3735 1048 3812 mythologieis,
1072 3736 1183 3813 quippe
1206 3753 1282 3812 quae
1305 3734 1396 3794 simul
1418 3735 1450 3792 in

222 3843 358 3921 pluribus
386 3843 586 3920 dispersarum
614 3843 748 3920 gentium
780 3843 892 3920 linguis
925 3843 1088 3920 supersint,
1120 3859 1168 3902 res
1201 3841 1344 3919 quaedam
1376 3859 1450 3918 quae

221 3951 353 4012 occultae
375 3969 507 4028 eousque
530 3952 664 4026 luerunt,
688 3951 856 4028 conjectura
878 3951 978 4027 colligi
1001 3951 1188 4028 aliquatenus
1211 3952 1378 4026 potueruut

328 4057 433 4136 Itaque
450 4057 629 4136 philologiae
648 4059 747 4118 studia
764 4077 840 4118 novo
859 4075 992 4118 connexa
1016 4061 1087 4117 sunt
1108 4055 1227 4116 vinculo
1246 4073 1314 4115 cum
1333 4054 1449 4114 histori-

221 4165 285 4241 cis,
297 4171 327 4226 11
345 4165 451 4226 iisdem
469 4165 641 4242 multiplici,
661 4165 713 4244 qui
732 4165 842 4224 interea
861 4167 956 4226 factus
975 4170 1038 4225 erat
1054 4181 1214 4242 progressu
1231 4163 1308 4224 laete
1321 4161 1449 4222 florenti-

221 4274 285 4334 bus.
323 4273 441 4334 Etenim
460 4291 507 4333 ars
531 4273 683 4349 historice,
703 4273 789 4350 cujus
807 4273 983 4332 immortalia
1001 4272 1138 4350 exempla
1157 4271 1261 4333 Graeci
1279 4276 1309 4331 et
1326 4270 1449 4330 Romani

221 4381 412 4458 praebebant,
441 4399 495 4457 pro
518 4381 715 4441 recentiorum
738 4385 905 4457 temporum
927 4380 1047 4457 ingenio
1071 4379 1155 4458 quasi
1178 4379 1344 4455 regenerari
1367 4395 1450 4454 opor·

221 4491 325 4547 tuerat.
371 4487 409 4546 Et
431 4487 502 4546 huic
525 4487 644 4565 quidem
667 4487 711 4546 rei
734 4487 907 4546 efficiendae
929 4487 1109 4546 inserviebat
1131 4487 1197 4563 ipsa
1219 4485 1272 4546 illa
1289 4485 1449 4562 antiquitas

222 4592 254 4652 in
274 4609 396 4652 succum
410 4595 439 4652 et
454 4592 629 4668 sauguinem
642 4593 737 4669 magis
751 4593 904 4670 magisque
919 4611 1011 4653 versa
1044 4593 1079 4653 Id
1099 4597 1133 4652 ut
1150 4593 1246 4668 fieret,
1265 4592 1449 4670 praeiverant
