3176 5064
701 305 789 360 Circa
807 305 854 360 IV.
1353 310 1388 362 47

646 401 702 406 ...—
706 401 827 406 -....-—
833 401 844 405 -
1028 401 1388 410 W——u--m

162 508 354 585 sequentibus
385 508 576 568 indictionem
604 507 768 566 Tridentini
797 507 921 566 Concilii
952 509 1051 583 annis,
1083 513 1240 586 antequam
1269 527 1389 586 congre·

161 619 263 691 gatum
285 619 343 690 est,
367 615 403 673 ad
422 615 645 692 Imperatorem,
669 615 766 690 Reges
785 619 815 673 et
833 615 987 692 Principes
1005 616 1185 692 reipublicae
1203 616 1388 692 christianae,

161 740 293 782 summos
330 721 518 782 Oecnmenici
557 722 682 782 Concilii
718 722 885 797 Praesides,
923 724 1106 799 conscripsit.
1165 723 1223 782 Hic
1259 725 1390 783 continet

162 830 320 906 ,actionem
351 830 383 888 in
414 831 573 890 Pontifices
608 829 755 888 Romanos
793 835 822 888 et
854 848 955 890 eorum
991 830 1132 890 asseclas‘
1170 832 1390 908 proponendam

162 937 306 1012 Concilio,
334 937 412 1015 quod
440 937 633 997 suadentibus
660 937 764 996 multis
791 937 936 1014 piissimis
963 937 1036 997 viris
1064 939 1152 997 etiam
1179 938 1273 998 invita
1301 939 1390 998 Curia

161 1045 332 1122 congregari
355 1045 427 1104 vult
474 1045 640 1105 Praemisso
662 1043 753 1120 igitur
780 1050 825 1104 est
852 1045 888 1104 ad
912 1045 1079 1105 Praefectos
1108 1050 1273 1105 sanctarum
1297 1045 1389 1106 eccle-

162 1152 272 1212 siarum
295 1152 498 1212 Helvetiorum
526 1156 556 1212 et
584 1151 796 1212 Germanorum
824 1152 961 1230 epistola,
994 1153 1025 1212 in
1057 1171 1116 1230 qua
1146 1154 1219 1213 haec
1249 1153 1391 1229 leguntur

161 1261 261 1319 verba:
291 1258 415 1334 ,Quodsi
442 1265 528 1319 retus
551 1259 709 1336 vulpecula
731 1259 863 1320 Ronraua
886 1279 969 1337 spem
994 1260 1119 1320 Concilii
1142 1262 1244 1321 fecerit
1272 1267 1302 1320 et
1324 1262 1390 1338 ipsa

161 1367 313 1444 refugiens
336 1367 450 1444 aliquot
472 1373 571 1426 tamen
594 1368 749 1445 episcopos
772 1367 838 1428 dolo
861 1368 938 1427 malo
962 1369 1144 1444 submiserit,
1168 1377 1202 1428 ut
1225 1387 1312 1445 saepe
1327 1369 1389 1444 jam

161 1475 318 1551 factitavit,
350 1475 432 1535 dabit
459 1475 540 1535 Deus
572 1480 602 1535 et
628 1476 716 1535 Pater
743 1473 862 1535 Domini
894 1477 987 1536 nostri
1015 1477 1086 1536 Jesrr
1115 1476 1239 1551 Christi,
1271 1481 1306 1536 ut
1337 1477 1389 1536 ali-

162 1583 290 1660 quande,
314 1581 467 1642 concitatis
490 1587 520 1642 et
542 1583 760 1643 confluentibus
783 1583 915 1661 populis,
938 1602 956 1642 1
978 1584 1110 1660 Regibus
1133 1589 1254 1660 cogatur
1271 1583 1389 1662 adesse;
1433 1610 1436 1621 ·

162 1696 294 1766 cogatur,
328 1691 462 1767 inquam,
495 1691 606 1750 adesse.
662 1689 747 1764 Quod
779 1710 871 1768 quum
898 1691 1050 1767 videbitis,
1082 1697 1159 1768 tum,
1192 1692 1248 1750 viri
1276 1693 1389 1767 fratrea,
1501 1769 1505 1776 Ι

162 1797 257 1857 levate
285 1797 398 1872 oculos,
428 1798 524 1858 tollite
551 1816 670 1874 manue,
698 1799 804 1874 erigite
826 1800 953 1858 animos:
982 1805 1101 1876 tempus
1124 1799 1200 1858 illud
1223 1804 1269 1859 est
1292 1800 1389 1858 suble-

161 1905 273 1964 vandae
304 1905 464 1965 ecclcsiae}
518 1905 622 1982 Neque
654 1911 757 1982 postea
784 1906 915 1964 animum
947 1907 1105 1983 despondit
1138 1907 1264 1981 donica,
1297 1925 1389 1983 quum

161 2011 309 2088 synodum
332 2013 535 2072 [tridentinam
562 2013 652 2072 talem
680 2014 789 2072 factam
816 2031 882 2072 esse
908 2013 1046 2088 vidisset,
1075 2013 1205 2090 qualem,
1234 2014 1293 2072 nisi
1321 2031 1389 2072 con-

158 2120 254 2196 juncti
277 2120 432 2198 Principes
455 2125 485 2180 et
507 2121 615 2197 Populi
639 2121 744 2180 Curiae
766 2121 918 2180 machinas
941 2121 1131 2198 impedirent,
1154 2121 1283 2179 futuram
1306 2121 1389 2179 illam

161 2245 227 2287 esse
250 2229 443 2305 praedixerat.
489 2227 615 2287 Biennio
638 2228 717 2287 enim
739 2233 808 2286 ante
831 2245 919 2305 quarn
943 2229 974 2286 in
997 2219 1143 2287 car‘cerem
1166 2227 1317 2304 conjectus
1335 2233 1389 2303 est,

160 2335 314 2394 fidissimis
351 2336 538 2412 depositoriis
575 2335 710 2395 libellum
741 2335 827 2394 illum
859 2335 992 2410 tradidit,
1025 2335 1076 2412 qui
1109 2354 1163 2395 sno
1195 2341 1325 2412 tempore
1357 2337 1390 2400 in

162 2441 349 2502 Germaniam
372 2445 587 2502 tmnsferretur.
636 2441 720 2516 Quod
743 2461 836 2520 quum
859 2443 953 2502 multo
975 2449 1043 2520 post
1060 2443 1171 2503 factum
1190 2449 1280 2518 esset,
1304 2444 1390 2503 initio

161 2551 314 2627 sequentis
338 2551 429 2610 seculi
448 2551 568 2628 Lipsiae
591 2550 711 2610 libellus
734 2551 767 2608 in
789 2549 886 2612 lucem
905 2551 1034 2628 primum
1052 2551 1169 2628 prodiit.
1216 2549 1310 2624 Quem
1329 2551 1390 2611 edi-

160 2663 206 2716 tor
228 2658 407 2735 reipublicae
429 2659 607 2718 christianae
630 2658 825 2718 utilissimum
844 2659 906 2718 fore
922 2659 989 2735 jure
1008 2659 1214 2734 arbitrabatur,
1238 2660 1293 2720 etsi
1314 2659 1389 2719 Con·

161 2765 223 2824 cilii
247 2763 435 2825 Oecnmenici
467 2765 554 2824 liberi
582 2771 612 2825 et
639 2766 734 2825 sancti
762 2765 920 2842 aliqnando
942 2766 1035 2825 futuri
1059 2783 1128 2842 spes
1151 2767 1248 2826 omnis
1268 2767 1390 2844 jampri-

161 2871 228 2931 dem
252 2873 368 2932 sublata
391 2877 476 2932 esset.
523 2873 678 2932 Invenitur
705 2873 794 2933 etiam
817 2873 852 2950 ¹iu
880 2874 1092 2950 posterioribus
1114 2873 1240 2934 Palearii
1268 2893 1390 2951 opernm

160 2979 346 3040 editionibus

268 3087 403 3146 Libellus
440 3087 504 3161 ille,
542 3087 620 3164 qnod
656 3087 694 3146 ad
725 3087 865 3147 orationis
897 3088 1020 3147 formam
1049 3087 1221 3164 judicialem
1253 3087 1389 3164 pertinet,

162 3193 369 3254 Ciceronianae
396 3193 521 3252 actionis
548 3193 579 3252 in
610 3192 732 3254 Verrem
759 3195 912 3271 ingeniosa
940 3194 1064 3252 imitatio
1086 3198 1144 3267 est,
1172 3194 1213 3252 ita
1235 3199 1333 3254 tamen
1356 3200 1390 3253 ut

162 3301 307 3362 sermonis
343 3299 500 3360 artificium
537 3299 704 3381 simplicius
736 3301 788 3377 sit,
826 3302 1060 3361 testimoniorum
1092 3301 1221 3377 gravitas
1254 3301 1388 3361 sanctior.

162 3407 306 3482 Quoniam
329 3409 474 3469 orationes
496 3409 567 3468 illae
588 3408 620 3467 in
643 3407 779 3484 Verrem,
808 3409 911 3486 quales
934 3409 1075 3486 legimus,
1104 3409 1218 3468 habitas
1241 3427 1301 3469 non
1324 3427 1390 3470 esse

161 3521 288 3591 constan,
315 3521 440 3594 uterque
468 3516 593 3593 scriptor
619 3517 656 3576 ad
680 3517 796 3593 judices
819 3518 995 3593 cogitatione
1018 3520 1133 3575 tantum
1156 3521 1325 3594 praesentes
1348 3517 1390 3577 lo·

161 3623 274 3701 quitur,
307 3623 382 3684 alter
413 3623 449 3683 ad
483 3641 632 3683 summum
660 3625 739 3684 orbis
766 3624 891 3683 Romani
918 3623 1060 3700 tribunal,
1092 3625 1167 3684 alter
1193 3626 1231 3684 ad
1259 3642 1389 3684 summos

161 3731 293 3791 universi
325 3731 404 3791 011111
436 3731 590 3791 christiani
622 3732 825 3807 magistratus,
857 3732 1024 3809 episcopos,
1056 3733 1216 3808 theologos.
1272 3732 1390 3790 Tullius

162 3857 255 3916 quum
281 3857 349 3899 eum
376 3857 515 3899 accusare
541 3839 675 3915 auderet,
704 3840 755 3917 qui
780 3857 850 3898 suae
874 3839 1040 3898 securitatis
1063 3844 1152 3916 atque
1174 3839 1389 3898 commoditatis

161 3963 250 4006 causa
277 3946 394 4006 nullum
426 3946 572 4022 flagitium
603 3947 821 4020 refonnidabat,
853 3963 942 4024 quem
974 3945 1206 4023 splendidissimi
1234 3947 1390 4023 optimates

161 4053 345 4128 anctoritate,
378 4055 496 4131 opibus,
529 4053 682 4114 fraudibus
714 4055 863 4131 tegebant,
896 4071 984 4131 quern
1012 4054 1220 4114 celeberrimus
1248 4059 1389 4130 patronus

161 4161 339 4222 Hortensius
371 4161 508 4222 facundia
540 4180 594 4222 sua
625 4163 842 4222 defendendum
877 4167 1058 4238 susceperat,
1090 4162 1123 4220 in
1154 4165 1297 4239 quantum
1325 4161 1390 4237 ipse
1484 4233 1485 4237 Ἰ

161 4269 328 4347 periculum
360 4269 522 4330 incrnreret
556 4270 613 4330 sibi
646 4270 782 4330 conscius
810 4275 879 4330 erat.
931 4269 989 4328 Sed
1015 4269 1103 4345 longe
1130 4268 1249 4344 gravius
1276 4268 1390 4346 aliquid

162 4395 253 4436 ausus
276 4381 322 4437 est
344 4376 509 4452 Palearius,
533 4395 624 4454 quare
647 4377 779 4438 scribens
799 4377 861 4453 jam
884 4375 920 4434 ab
942 4375 1028 4434 initio
1051 4380 1119 4434 ante
1141 4375 1242 4435 oculos
1265 4376 1390 4436 habebat

162 4483 338 4560 martyrium
356 4485 481 4544 fortasse
498 4484 696 4559 tolerandum,
720 4483 799 4562 qued
822 4501 879 4561 quc
902 4482 1000 4542 animo
1023 4487 1126 4559 postea
1149 4483 1276 4543 subiisse
1300 4501 1390 4561 supra

162 4556 301 4650 vidimus.
348 4590 437 4666 ,Quid
461 4593 528 4666 eet‘,
557 4593 666 4669 inqrrit,
696 4592 765 4666 ,viri
789 4591 905 4664 fratres,
934 4589 1011 4666 quod
1035 4589 1209 4651 timeamus?
1242 4591 1389 4669 quidest,
