3134 5054
201 190 253 246 298
683 197 785 249 Parrus
804 197 918 248 Perosis

200 396 362 465 temporum
390 395 632 466 externarumque
663 410 761 453 rerum
789 395 957 455 condicione
987 397 1080 471 magis
1109 397 1259 471 magisque
1283 397 1359 458 alter
1380 398 1418 456 ab

199 496 293 556 altero
331 496 577 557 abalienarentur.
638 498 720 570 Quod
746 503 778 557 ut
810 505 951 574 appareat
980 518 1038 560 non
1068 501 1246 574 singulorum
1273 518 1418 561 annorum

200 617 249 660 res
278 606 377 675 gestas
408 607 544 662 accurate
578 617 764 678 percurrere,
797 604 849 663 sed
879 607 1027 665 nascentis
1057 606 1216 665 animorum
1248 607 1419 666 mutationis

200 705 296 765 varias
318 706 446 765 rationes
469 712 500 765 et
522 708 604 780 qnasi
626 707 734 780 gradus
756 709 909 783 primarios
934 710 1014 769 velut
1043 726 1079 769 ex
1101 711 1258 784 longinquo
1289 717 1419 770 coutem-

201 810 277 884 plari
296 810 380 870 nobis
401 812 609 886 proposuimus,

290 915 349 974 Sub
370 916 461 975 nimia
484 915 607 976 Lutheri
636 917 794 990 asperitate
819 917 930 990 aliquid
959 933 1028 977 vore
1052 918 1141 978 diuini
1164 917 1275 978 ardoris
1297 919 1420 978 latuisse

202 1018 332 1082 vidImus.
375 1020 442 1079 Non
470 1021 547 1080 male
573 1021 727 1096 illedixit,
759 1021 929 1098 Erasmnm,
959 1023 1093 1096 qnoniam
1116 1022 1153 1082 ad
1175 1039 1277 1096 pacem
1300 1039 1358 1082 non
1378 1023 1419 1082 ad

202 1141 318 1184 crucem
357 1130 482 1201 spectet,
518 1125 614 1184 omnis
651 1127 788 1186 arbitrari
830 1127 955 1186 civiliter
988 1132 1019 1186 et
1052 1127 1259 1187 benevolentia
1294 1127 1419 1200 quadarn

204 1229 391 1289 humanitatis
420 1230 573 1290 mactanda
602 1231 805 1305 gerendaque,
839 1231 892 1290 sed
926 1231 1002 1290 banc
1033 1247 1092 1290 non
1126 1247 1229 1290 curare
1258 1231 1422 1290 Behemoth

204 1347 299 1406 neque
321 1333 389 1392 hinc
412 1335 566 1408 quidquam
587 1335 751 1410 emendari,
780 1335 866 1394 immo
891 1332 1055 1409 pontifices,
1086 1336 1111 1394 si
1134 1336 1198 1409 quis
1220 1336 1346 1396 civiliter
1367 1351 1423 1394 eos

204 1437 305 1511 meat,
327 1443 429 1510 putare
450 1455 482 1497 se
503 1439 652 1498 blanditis
665 1439 803 1500 mulceri.‘
847 1439 906 1512 ,Τιι
921 1457 957 1498 ex
973 1438 1091 1514 gladio‘,
1112 1440 1217 1514 iuquit,
1240 1455 1313 1514 ,non
1328 1439 1423 1498 facies

203 1541 346 1616 plumam}
392 1543 598 1603 Verumtamen
619 1560 765 1618 nunquam
797 1545 867 1604 satis
894 1543 924 1602 id
955 1545 1100 1620 respexit,
1128 1543 1205 1617 quod
1232 1545 1295 1604 veri
1322 1546 1423 1603 inerat

203 1647 235 1704 in
249 1645 364 1704 Erasrm
379 1647 582 1708 admonitione.
624 1649 681 1708 Hic
703 1665 884 1724 nequaquam
898 1649 1066 1723 postulavit,
1087 1655 1119 1709 ut
1133 1649 1280 1710 Lutberus
1303 1649 1419 1719 eadem

206 1767 264 1824 qua
285 1750 362 1825 ipse,
392 1751 513 1812 lenitate
544 1769 605 1813 rom
637 1759 746 1828 ageret
790 1753 956 1814 Peculiaria
984 1756 1045 1828 ejus
1074 1739 1248 1814 charismata
1271 1759 1303 1812 et
1322 1751 1420 1812 efficia

205 1871 262 1914 ιιοιι
284 1856 445 1930 ignorabat.
491 1857 582 1917 Simul
612 1875 682 1918 voro
712 1859 793 1918 illum
820 1864 853 1917 ut
883 1859 1030 1918 hominem
1058 1857 1249 1918 immoderata
1277 1859 1420 1917 violentie

204 1961 290 2020 nimis
312 1961 367 2021 sibi
390 1962 446 2035 ipsi
467 1961 621 2021 indulsisse
643 1964 759 2037 saepius
781 1963 937 2024 contendit
969 1961 1016 2022 =1d
1037 1962 1093 2022 sibi
1110 1964 1211 2021 volunt
1232 1962 1322 2021 etiam
1344 1962 1421 2023 haec

205 2066 295 2152 verba
316 2067 347 2126 in
370 2067 492 2141 epistola
513 2067 550 2126 ad
573 2067 765 2127 Henckellum
788 2084 875 2142 supra
896 2067 1031 2127 laudata:
1065 2067 1199 2140 ,Morbus
1227 2071 1292 2127 erat
1315 2067 1421 2141 ingens

207 2175 238 2230 et
258 2171 450 2246 inveteratus,
478 2171 712 2246 necquidquam
734 2173 781 2232 bic
808 2177 943 2246 poterant
974 2172 1051 2231 levia
1069 2171 1257 2245 vulgarisque
1280 2169 1420 2230 remedia

205 2274 313 2334 Datum
343 2276 503 2336 elleborum
532 2278 592 2350 jam
624 2277 737 2352 pridem
767 2283 883 2351 torquet
907 2278 1025 2336 interne
1054 2277 1143 2335 totius
1166 2275 1257 2350 orbir,
1292 2275 1366 2335 adeo
1388 2281 1423 2334 ut

206 2381 365 2453 perieulum
387 2381 439 2454 sit,
461 2397 499 2440 ne
525 2387 630 2455 pereat
656 2382 688 2440 in
714 2381 852 2441 remedio.
897 2381 1015 2441 Utinam
1043 2381 1179 2441 coelest'n
1210 2380 1261 2438 ille
1290 2379 1423 2438 medicus

207 2483 344 2558 dignetur
365 2500 401 2543 ex
423 2485 468 2544 bis
490 2487 572 2544 malis
592 2487 701 2546 donare
723 2487 828 2560 populo
855 2503 908 2546 sno
935 2486 1045 2560 aliquid
1067 2486 1162 2545 bonae
1184 2483 1336 2544 samtetis!
1381 2483 1424 2544 Et

207 2586 310 2646 iisdem
337 2587 440 2647 diebus
470 2589 605 2663 episcopo
627 2589 817 2662 Lingonicnsi
844 2590 972 2665 scripsit,
1000 2607 1046 2665 ,se
1076 2591 1108 2648 in
1126 2589 1254 2649 Lutbero
1282 2577 1448 2648 demirari'

208 2691 280 2751 duas
312 2697 372 2751 taur
402 2693 531 2753 diverses
559 2710 715 2770 personas;
749 2695 892 2769 quaedam
922 2712 987 2754 eum
1013 2697 1057 2754 ita
1087 2694 1229 2768 seribere,
1256 2697 1289 2752 ut
1308 2685 1425 2766 spir'are

208 2796 342 2856 uideatur
367 2799 555 2871 apostolicum
584 2805 701 2872 pectus:
729 2815 828 2860 rursus
858 2801 888 2864 in
919 2799 1063 2872 ιιιιιοιιιε,
1092 2799 1123 2857 ιιι
1153 2799 1264 2870 sanun,
1293 2799 1324 2856 iu
1354 2813 1426 2857 con·

208 2901 303 2978 viciis,
329 2905 361 2962 iu
379 2902 500 2976 salibus,
532 2920 617 2977 quem
639 2920 697 2963 non
722 2904 818 2964 ducat
840 2901 1026 2963 scurramt‘l
1071 2903 1151 2974 Quae
1180 2902 1217 2962 ad
1240 2903 1426 2976 aliquatenus

209 3009 403 3068 excusandum
432 3025 568 3082 magnum
598 3009 690 3068 virum
718 3025 736 3067 a
767 3008 863 3068 caecis
887 3008 1018 3068 verimtis
1045 3006 1219 3067 advorsariis
1244 3005 1426 3066 atrocissime

209 3119 403 3187 oppugnatum
426 3115 484 3174 dIci
508 3119 640 3190 possunt,
664 3129 752 3188 supra
772 3113 934 3186 attulimus;
957 3128 1123 3186 superesse,
1146 3127 1221 3184 quae
1243 3115 1428 3170 crescentem

209 3219 325 3278 Erasini
343 3218 584 3293 improbationem
605 3221 777 3293 meruerint,
798 3233 887 3278 nemo
909 3217 959 3291 qui
973 3219 1005 3276 in
1020 3217 1134 3290 seriptis
1148 3215 1271 3275 Lutheri
1285 3215 1341 3274 hue
1356 3231 1427 3288 per·

210 3323 370 3382 tinentibus
385 3329 566 3382 crescentem
587 3325 773 3382 acrimoniam
796 3328 827 3381 et
847 3323 993 3382 incautam
1015 3321 1228 3380 vehementiam
1249 3320 1340 3394 probo
1360 3319 1428 3392 ipse

211 3426 434 3501 examinaverit,
457 3426 562 3486 infitias
584 3427 646 3490 ibit.
684 3427 750 3486 Non
772 3428 875 3486 mirum
897 3426 999 3500 igitur,
1021 3424 1098 3498 quod
1121 3429 1190 3482 tunc
1211 3425 1319 3498 passim
1334 3423 1429 3482 etiam

211 3529 262 3589 ιιιιι
287 3531 354 3606 viri,
393 3532 442 3603 qui
469 3531 553 3590 initio
582 3533 645 3605 eius
673 3545 779 3590 causae
807 3532 938 3605 impense
968 3527 1101 3589 faverant
1132 3535 1162 3587 et
1189 3543 1305 3603 semper
1335 3527 1430 3585 multa

210 3635 364 3711 praeclare
387 3635 424 3695 ab
447 3651 482 3694 eo
505 3635 584 3695 dicta
605 3651 669 3696 esse
692 3635 845 3710 tenebant,
868 3639 966 3694 tamen
990 3633 1138 3708 ,dubitare
1161 3633 1198 3692 de
1225 3635 1287 3707 ejus
1309 3631 1429 3704 spiritu‘

211 3745 377 3815 coeperunt
432 3741 515 3801 Justo
552 3740 650 3800 dumus
688 3755 737 3799 ees
770 3739 918 3814 judicasse
949 3741 1016 3814 jure
1054 3737 1266 3810 contendimns3
1302 3750 1429 3809 aequum

208 3845 348 3920 judicium
383 3846 421 3906 ab
452 3846 514 3920 ipso
537 3845 666 3905 Lntbero
695 3845 760 3919 plus
796 3845 888 3904 semel
916 3843 987 3903 satis
1017 3839 1136 3902 difficile
1163 3842 1200 3900 iis
1222 3839 1331 3900 factum
1353 3853 1430 3910 esse,

211 3967 320 4025 negare
359 3968 417 4011 non
452 3967 611 4025 possumus.
663 3949 771 4009 Dicunt
803 3949 887 4008 multi
916 3947 1084 4007 decernere
1112 3946 1178 4004 illos
1209 3943 1343 4004 debuisse
1369 3941 1431 4000 Lu·

211 4055 288 4114 theri
317 4071 485 4129 personam,
519 4056 663 4114 humanae
693 4052 868 4113 infirmitatis
895 4069 954 4112 non
984 4055 1148 4124 expertem,
1185 4066 1203 4108 a
1231 4063 1336 4124 magna
1365 4049 1430 4120 ojus

213 4175 310 4221 causa.
355 4159 411 4219 Sed
440 4159 471 4218 id
500 4161 579 4220 iuter
610 4157 751 4234 ejusmodi
779 4161 968 4232 tempestates
999 4154 1146 4230 postulare
1170 4169 1256 4228 quam
1277 4156 1430 4227 praestare

212 4263 326 4326 lucilius
349 4270 402 4324 est.

301 4502 326 4564 1)
344 4501 414 4563 app.
425 4498 529 4562 XVIII,
544 4503 585 4550 tl.
