<?xml version="1.0" encoding="UTF-8"?>
<!DOCTYPE html PUBLIC "-//W3C//DTD XHTML 1.0 Transitional//EN"
    "http://www.w3.org/TR/xhtml1/DTD/xhtml1-transitional.dtd">
<html xmlns="http://www.w3.org/1999/xhtml" xml:lang="en" lang="en">
 <head>
  <title>
</title>
<meta http-equiv="Content-Type" content="text/html;charset=utf-8" />
  <meta name='ocr-system' content='tesseract 3.04.00' />
  <meta name='ocr-capabilities' content='ocr_page ocr_carea ocr_par ocr_line ocrx_word'/>
</head>
<body>
  <div class='ocr_page' id='page_1' title='image "./erasmusredivivu00schlgoog_0320.png"; bbox 0 0 3134 5054; ppageno 0'>
   <div class='ocr_carea' id='block_1_1' title="bbox 163 518 1396 4460">
    <p class='ocr_par' dir='ltr' id='par_1_1' title="bbox 163 518 1379 804">
     <span class='ocr_line' id='line_1_1' title="bbox 163 518 1379 593; baseline 0 -13"><span class='ocrx_word' id='word_1_1' title='bbox 163 521 249 580; x_wconf 89' lang='lat' dir='ltr'>Nunc</span> <span class='ocrx_word' id='word_1_2' title='bbox 279 537 312 580; x_wconf 86' lang='lat' dir='ltr'>so</span> <span class='ocrx_word' id='word_1_3' title='bbox 335 519 523 580; x_wconf 84' lang='lat' dir='ltr'>Gamalielem</span> <span class='ocrx_word' id='word_1_4' title='bbox 552 518 696 593; x_wconf 88' lang='lat' dir='ltr'>quendam</span> <span class='ocrx_word' id='word_1_5' title='bbox 726 520 820 592; x_wconf 87' lang='lat' dir='ltr'>egisse</span> <span class='ocrx_word' id='word_1_6' title='bbox 848 525 879 578; x_wconf 88' lang='lat' dir='ltr'>et</span> <span class='ocrx_word' id='word_1_7' title='bbox 912 518 1119 593; x_wconf 87' lang='lat' dir='ltr'><strong>propemodum</strong></span> <span class='ocrx_word' id='word_1_8' title='bbox 1152 519 1247 579; x_wconf 89' lang='lat' dir='ltr'>adbuc</span> <span class='ocrx_word' id='word_1_9' title='bbox 1268 519 1379 593; x_wconf 61' lang='lat' dir='ltr'>agera.</span> 
     </span>
     <span class='ocr_line' id='line_1_2' title="bbox 164 623 1379 699; baseline 0.001 -15"><span class='ocrx_word' id='word_1_10' title='bbox 164 625 206 684; x_wconf 87' lang='lat' dir='ltr'>Et</span> <span class='ocrx_word' id='word_1_11' title='bbox 238 624 276 684; x_wconf 88' lang='lat' dir='ltr'>ad</span> <span class='ocrx_word' id='word_1_12' title='bbox 303 625 447 684; x_wconf 89' lang='lat' dir='ltr'>Bucerum</span> <span class='ocrx_word' id='word_1_13' title='bbox 475 623 588 684; x_wconf 79' lang='lat' dir='ltr'><strong>scribit:</strong></span> <span class='ocrx_word' id='word_1_14' title='bbox 621 624 667 699; x_wconf 85' lang='lat' dir='ltr'>,Si</span> <span class='ocrx_word' id='word_1_15' title='bbox 694 625 890 684; x_wconf 86' lang='lat' dir='ltr'>conscientiae</span> <span class='ocrx_word' id='word_1_16' title='bbox 915 623 1086 698; x_wconf 72' lang='lat' dir='ltr'><strong>persuaderi</strong></span> <span class='ocrx_word' id='word_1_17' title='bbox 1116 629 1229 699; x_wconf 88' lang='lat' dir='ltr'>posset,</span> <span class='ocrx_word' id='word_1_18' title='bbox 1266 641 1285 684; x_wconf 90' lang='lat' dir='ltr'>a</span> <span class='ocrx_word' id='word_1_19' title='bbox 1314 625 1379 685; x_wconf 91' lang='lat' dir='ltr'>Deo</span> 
     </span>
     <span class='ocr_line' id='line_1_3' title="bbox 165 724 1235 804; baseline -0.002 -14"><span class='ocrx_word' id='word_1_20' title='bbox 165 727 310 804; x_wconf 90' lang='lat' dir='ltr'>proficisci</span> <span class='ocrx_word' id='word_1_21' title='bbox 332 730 409 804; x_wconf 91' lang='lat' dir='ltr'>quod</span> <span class='ocrx_word' id='word_1_22' title='bbox 430 729 539 804; x_wconf 86' lang='lat' dir='ltr'>agitur,</span> <span class='ocrx_word' id='word_1_23' title='bbox 557 731 619 802; x_wconf 85' lang='lat' dir='ltr'>jaun</span> <span class='ocrx_word' id='word_1_24' title='bbox 641 729 709 788; x_wconf 94' lang='lat' dir='ltr'>olim</span> <span class='ocrx_word' id='word_1_25' title='bbox 731 730 762 788; x_wconf 93' lang='lat' dir='ltr'>in</span> <span class='ocrx_word' id='word_1_26' title='bbox 782 729 889 788; x_wconf 88' lang='lat' dir='ltr'>vestris</span> <span class='ocrx_word' id='word_1_27' title='bbox 912 729 1014 788; x_wconf 88' lang='lat' dir='ltr'>castris</span> <span class='ocrx_word' id='word_1_28' title='bbox 1036 724 1235 789; x_wconf 87' lang='lat' dir='ltr'>militarem‘¹</span> 
     </span>
    </p>

    <p class='ocr_par' dir='ltr' id='par_1_2' title="bbox 166 831 1390 3310">
     <span class='ocr_line' id='line_1_4' title="bbox 258 831 1382 910; baseline 0.001 -16"><span class='ocrx_word' id='word_1_29' title='bbox 258 835 312 894; x_wconf 89' lang='lat' dir='ltr'>His</span> <span class='ocrx_word' id='word_1_30' title='bbox 339 834 472 894; x_wconf 90' lang='lat' dir='ltr'>omnibus</span> <span class='ocrx_word' id='word_1_31' title='bbox 499 835 589 909; x_wconf 90' lang='lat' dir='ltr'>igitur</span> <span class='ocrx_word' id='word_1_32' title='bbox 619 839 755 892; x_wconf 86' lang='lat' dir='ltr'>accurata</span> <span class='ocrx_word' id='word_1_33' title='bbox 788 835 951 908; x_wconf 78' lang='lat' dir='ltr'>perpensis,</span> <span class='ocrx_word' id='word_1_34' title='bbox 991 831 1077 893; x_wconf 82' lang='lat' dir='ltr'>facile</span> <span class='ocrx_word' id='word_1_35' title='bbox 1112 835 1233 908; x_wconf 85' lang='lat' dir='ltr'>quisque</span> <span class='ocrx_word' id='word_1_36' title='bbox 1263 835 1382 910; x_wconf 90' lang='lat' dir='ltr'>videbit,</span> 
     </span>
     <span class='ocr_line' id='line_1_5' title="bbox 167 937 1382 1013; baseline 0.001 -15"><span class='ocrx_word' id='word_1_37' title='bbox 167 955 254 1013; x_wconf 88' lang='lat' dir='ltr'>quam</span> <span class='ocrx_word' id='word_1_38' title='bbox 276 939 380 1000; x_wconf 82' lang='lat' dir='ltr'>falsum</span> <span class='ocrx_word' id='word_1_39' title='bbox 403 945 490 1013; x_wconf 83' lang='lat' dir='ltr'>atque</span> <span class='ocrx_word' id='word_1_40' title='bbox 513 955 680 1013; x_wconf 89' lang='lat' dir='ltr'>perversum</span> <span class='ocrx_word' id='word_1_41' title='bbox 704 938 793 998; x_wconf 88' lang='lat' dir='ltr'>fuerit</span> <span class='ocrx_word' id='word_1_42' title='bbox 814 939 892 998; x_wconf 91' lang='lat' dir='ltr'>istud</span> <span class='ocrx_word' id='word_1_43' title='bbox 919 937 1072 1012; x_wconf 87' lang='lat' dir='ltr'>jndioium,</span> <span class='ocrx_word' id='word_1_44' title='bbox 1099 939 1176 1012; x_wconf 91' lang='lat' dir='ltr'>quod</span> <span class='ocrx_word' id='word_1_45' title='bbox 1204 937 1241 998; x_wconf 92' lang='lat' dir='ltr'>de</span> <span class='ocrx_word' id='word_1_46' title='bbox 1260 939 1382 999; x_wconf 81' lang='lat' dir='ltr'>Erasmo</span> 
     </span>
     <span class='ocr_line' id='line_1_6' title="bbox 169 1043 1382 1120; baseline 0.002 -18"><span class='ocrx_word' id='word_1_47' title='bbox 169 1044 318 1104; x_wconf 87' lang='lat' dir='ltr'>Hottenus</span> <span class='ocrx_word' id='word_1_48' title='bbox 340 1045 478 1120; x_wconf 84' lang='lat' dir='ltr'>marimo,</span> <span class='ocrx_word' id='word_1_49' title='bbox 501 1060 590 1104; x_wconf 85' lang='lat' dir='ltr'>caeos</span> <span class='ocrx_word' id='word_1_50' title='bbox 611 1045 657 1104; x_wconf 87' lang='lat' dir='ltr'>ira</span> <span class='ocrx_word' id='word_1_51' title='bbox 679 1043 832 1118; x_wconf 88' lang='lat' dir='ltr'>abreptus,</span> <span class='ocrx_word' id='word_1_52' title='bbox 856 1043 1000 1103; x_wconf 91' lang='lat' dir='ltr'>virulento</span> <span class='ocrx_word' id='word_1_53' title='bbox 1024 1045 1131 1117; x_wconf 92' lang='lat' dir='ltr'>scripto</span> <span class='ocrx_word' id='word_1_54' title='bbox 1154 1045 1275 1120; x_wconf 77' lang='lat' dir='ltr'><strong>sparsit,</strong></span> <span class='ocrx_word' id='word_1_55' title='bbox 1298 1045 1382 1119; x_wconf 85' lang='lat' dir='ltr'>quasi</span> 
     </span>
     <span class='ocr_line' id='line_1_7' title="bbox 170 1145 1381 1224; baseline 0.002 -17"><span class='ocrx_word' id='word_1_56' title='bbox 170 1148 284 1208; x_wconf 88' lang='lat' dir='ltr'>scilicet</span> <span class='ocrx_word' id='word_1_57' title='bbox 305 1149 371 1223; x_wconf 90' lang='lat' dir='ltr'>ille,</span> <span class='ocrx_word' id='word_1_58' title='bbox 393 1166 478 1223; x_wconf 90' lang='lat' dir='ltr'>quem</span> <span class='ocrx_word' id='word_1_59' title='bbox 501 1149 644 1224; x_wconf 87' lang='lat' dir='ltr'>quondam</span> <span class='ocrx_word' id='word_1_60' title='bbox 667 1150 804 1224; x_wconf 86' lang='lat' dir='ltr'>,primum</span> <span class='ocrx_word' id='word_1_61' title='bbox 825 1153 855 1207; x_wconf 89' lang='lat' dir='ltr'>et</span> <span class='ocrx_word' id='word_1_62' title='bbox 876 1145 940 1208; x_wconf 84' lang='lat' dir='ltr'>iare</span> <span class='ocrx_word' id='word_1_63' title='bbox 963 1149 1080 1207; x_wconf 75' lang='lat' dir='ltr'>micam</span> <span class='ocrx_word' id='word_1_64' title='bbox 1095 1149 1217 1208; x_wconf 90' lang='lat' dir='ltr'>sanioris</span> <span class='ocrx_word' id='word_1_65' title='bbox 1231 1149 1381 1209; x_wconf 89' lang='lat' dir='ltr'>doctrinae</span> 
     </span>
     <span class='ocr_line' id='line_1_8' title="bbox 168 1251 1383 1328; baseline 0.001 -16"><span class='ocrx_word' id='word_1_66' title='bbox 168 1253 369 1313; x_wconf 86' lang='lat' dir='ltr'>seminarium‘</span> <span class='ocrx_word' id='word_1_67' title='bbox 391 1252 481 1314; x_wconf 84' lang='lat' dir='ltr'>fuisse</span> <span class='ocrx_word' id='word_1_68' title='bbox 502 1253 665 1328; x_wconf 87' lang='lat' dir='ltr'>praedicat,</span> <span class='ocrx_word' id='word_1_69' title='bbox 697 1258 790 1326; x_wconf 89' lang='lat' dir='ltr'>matu,</span> <span class='ocrx_word' id='word_1_70' title='bbox 822 1253 992 1326; x_wconf 73' lang='lat' dir='ltr'>ambitione,</span> <span class='ocrx_word' id='word_1_71' title='bbox 1014 1251 1241 1312; x_wconf 87' lang='lat' dir='ltr'>Romanensiurn</span> <span class='ocrx_word' id='word_1_72' title='bbox 1263 1255 1383 1327; x_wconf 91' lang='lat' dir='ltr'>prornis-</span> 
     </span>
     <span class='ocr_line' id='line_1_9' title="bbox 171 1357 1385 1433; baseline 0.002 -17"><span class='ocrx_word' id='word_1_73' title='bbox 171 1358 303 1418; x_wconf 89' lang='lat' dir='ltr'>sionibus</span> <span class='ocrx_word' id='word_1_74' title='bbox 326 1364 491 1433; x_wconf 88' lang='lat' dir='ltr'>corruptus,</span> <span class='ocrx_word' id='word_1_75' title='bbox 515 1375 533 1417; x_wconf 91' lang='lat' dir='ltr'>a</span> <span class='ocrx_word' id='word_1_76' title='bbox 553 1358 670 1431; x_wconf 88' lang='lat' dir='ltr'>cognita</span> <span class='ocrx_word' id='word_1_77' title='bbox 692 1358 818 1416; x_wconf 85' lang='lat' dir='ltr'>veritate</span> <span class='ocrx_word' id='word_1_78' title='bbox 842 1357 1012 1416; x_wconf 82' lang='lat' dir='ltr'>descivisset</span> <span class='ocrx_word' id='word_1_79' title='bbox 1036 1363 1066 1416; x_wconf 88' lang='lat' dir='ltr'>at</span> <span class='ocrx_word' id='word_1_80' title='bbox 1093 1363 1195 1416; x_wconf 89' lang='lat' dir='ltr'>contra</span> <span class='ocrx_word' id='word_1_81' title='bbox 1219 1359 1307 1418; x_wconf 87' lang='lat' dir='ltr'>animi</span> <span class='ocrx_word' id='word_1_82' title='bbox 1320 1376 1385 1420; x_wconf 86' lang='lat' dir='ltr'>seu·</span> 
     </span>
     <span class='ocr_line' id='line_1_10' title="bbox 166 1461 1384 1538; baseline 0.002 -16"><span class='ocrx_word' id='word_1_83' title='bbox 166 1464 292 1522; x_wconf 82' lang='lat' dir='ltr'>tantiam</span> <span class='ocrx_word' id='word_1_84' title='bbox 315 1461 437 1537; x_wconf 83' lang='lat' dir='ltr'>,Christi</span> <span class='ocrx_word' id='word_1_85' title='bbox 452 1461 593 1522; x_wconf 86' lang='lat' dir='ltr'>hostibus‘</span> <span class='ocrx_word' id='word_1_86' title='bbox 616 1463 725 1522; x_wconf 89' lang='lat' dir='ltr'>socium</span> <span class='ocrx_word' id='word_1_87' title='bbox 744 1477 775 1520; x_wconf 94' lang='lat' dir='ltr'>se</span> <span class='ocrx_word' id='word_1_88' title='bbox 798 1461 996 1535; x_wconf 88' lang='lat' dir='ltr'>praebuisset,</span> <span class='ocrx_word' id='word_1_89' title='bbox 1019 1462 1115 1520; x_wconf 90' lang='lat' dir='ltr'>omnia</span> <span class='ocrx_word' id='word_1_90' title='bbox 1137 1463 1255 1522; x_wconf 90' lang='lat' dir='ltr'>interim</span> <span class='ocrx_word' id='word_1_91' title='bbox 1272 1463 1384 1538; x_wconf 88' lang='lat' dir='ltr'>jndioia</span> 
     </span>
     <span class='ocr_line' id='line_1_11' title="bbox 168 1565 1385 1642; baseline 0 -16"><span class='ocrx_word' id='word_1_92' title='bbox 168 1583 224 1627; x_wconf 86' lang='lat' dir='ltr'>aua</span> <span class='ocrx_word' id='word_1_93' title='bbox 246 1566 284 1626; x_wconf 90' lang='lat' dir='ltr'>ad</span> <span class='ocrx_word' id='word_1_94' title='bbox 306 1568 489 1627; x_wconf 78' lang='lat' dir='ltr'>occasionem</span> <span class='ocrx_word' id='word_1_95' title='bbox 519 1565 646 1626; x_wconf 87' lang='lat' dir='ltr'>formans</span> <span class='ocrx_word' id='word_1_96' title='bbox 674 1571 705 1624; x_wconf 90' lang='lat' dir='ltr'>et</span> <span class='ocrx_word' id='word_1_97' title='bbox 734 1567 837 1626; x_wconf 87' lang='lat' dir='ltr'>rimam</span> <span class='ocrx_word' id='word_1_98' title='bbox 867 1581 983 1640; x_wconf 88' lang='lat' dir='ltr'>semper</span> <span class='ocrx_word' id='word_1_99' title='bbox 1014 1566 1194 1640; x_wconf 89' lang='lat' dir='ltr'>relinquens,</span> <span class='ocrx_word' id='word_1_100' title='bbox 1223 1585 1278 1641; x_wconf 89' lang='lat' dir='ltr'>par</span> <span class='ocrx_word' id='word_1_101' title='bbox 1298 1584 1385 1642; x_wconf 88' lang='lat' dir='ltr'>quam</span> 
     </span>
     <span class='ocr_line' id='line_1_12' title="bbox 172 1669 1386 1746; baseline -0.001 -14"><span class='ocrx_word' id='word_1_102' title='bbox 172 1671 349 1732; x_wconf 78' lang='lat' dir='ltr'>elaberetur.</span> <span class='ocrx_word' id='word_1_103' title='bbox 401 1671 484 1730; x_wconf 90' lang='lat' dir='ltr'>Haec</span> <span class='ocrx_word' id='word_1_104' title='bbox 521 1671 665 1744; x_wconf 90' lang='lat' dir='ltr'>convicia,</span> <span class='ocrx_word' id='word_1_105' title='bbox 697 1669 824 1730; x_wconf 85' lang='lat' dir='ltr'>libenter</span> <span class='ocrx_word' id='word_1_106' title='bbox 855 1687 873 1729; x_wconf 87' lang='lat' dir='ltr'>a</span> <span class='ocrx_word' id='word_1_107' title='bbox 901 1671 999 1729; x_wconf 91' lang='lat' dir='ltr'>multis</span> <span class='ocrx_word' id='word_1_108' title='bbox 1034 1669 1158 1746; x_wconf 87' lang='lat' dir='ltr'>credita,</span> <span class='ocrx_word' id='word_1_109' title='bbox 1188 1671 1326 1731; x_wconf 86' lang='lat' dir='ltr'>Erasmus</span> <span class='ocrx_word' id='word_1_110' title='bbox 1355 1674 1386 1731; x_wconf 94' lang='lat' dir='ltr'>in</span> 
     </span>
     <span class='ocr_line' id='line_1_13' title="bbox 172 1773 1386 1852; baseline 0.002 -18"><span class='ocrx_word' id='word_1_111' title='bbox 172 1777 309 1852; x_wconf 88' lang='lat' dir='ltr'>,spongia</span> <span class='ocrx_word' id='word_1_112' title='bbox 339 1774 476 1834; x_wconf 88' lang='lat' dir='ltr'>adversus</span> <span class='ocrx_word' id='word_1_113' title='bbox 510 1775 680 1849; x_wconf 77' lang='lat' dir='ltr'>aspergines</span> <span class='ocrx_word' id='word_1_114' title='bbox 711 1773 847 1834; x_wconf 87' lang='lat' dir='ltr'>Hutteui‘</span> <span class='ocrx_word' id='word_1_115' title='bbox 879 1775 998 1848; x_wconf 86' lang='lat' dir='ltr'>egregie</span> <span class='ocrx_word' id='word_1_116' title='bbox 1026 1773 1147 1848; x_wconf 83' lang='lat' dir='ltr'>refellit,</span> <span class='ocrx_word' id='word_1_117' title='bbox 1182 1777 1231 1850; x_wconf 89' lang='lat' dir='ltr'>qui</span> <span class='ocrx_word' id='word_1_118' title='bbox 1260 1777 1386 1852; x_wconf 89' lang='lat' dir='ltr'>libellus,</span> 
     </span>
     <span class='ocr_line' id='line_1_14' title="bbox 168 1879 1386 1954; baseline 0.002 -16"><span class='ocrx_word' id='word_1_119' title='bbox 168 1880 241 1940; x_wconf 89' lang='lat' dir='ltr'>licat</span> <span class='ocrx_word' id='word_1_120' title='bbox 262 1880 352 1938; x_wconf 87' lang='lat' dir='ltr'>insint</span> <span class='ocrx_word' id='word_1_121' title='bbox 373 1895 449 1954; x_wconf 87' lang='lat' dir='ltr'>quaa</span> <span class='ocrx_word' id='word_1_122' title='bbox 470 1880 529 1938; x_wconf 89' lang='lat' dir='ltr'>alia</span> <span class='ocrx_word' id='word_1_123' title='bbox 549 1895 613 1939; x_wconf 91' lang='lat' dir='ltr'>esse</span> <span class='ocrx_word' id='word_1_124' title='bbox 645 1879 758 1954; x_wconf 91' lang='lat' dir='ltr'>cupias,</span> <span class='ocrx_word' id='word_1_125' title='bbox 785 1885 884 1938; x_wconf 87' lang='lat' dir='ltr'>tamen</span> <span class='ocrx_word' id='word_1_126' title='bbox 914 1879 1004 1938; x_wconf 83' lang='lat' dir='ltr'>multa</span> <span class='ocrx_word' id='word_1_127' title='bbox 1026 1881 1155 1940; x_wconf 85' lang='lat' dir='ltr'>continet</span> <span class='ocrx_word' id='word_1_128' title='bbox 1184 1896 1253 1939; x_wconf 90' lang='lat' dir='ltr'>vero</span> <span class='ocrx_word' id='word_1_129' title='bbox 1281 1882 1386 1940; x_wconf 90' lang='lat' dir='ltr'>nobilis</span> 
     </span>
     <span class='ocr_line' id='line_1_15' title="bbox 169 1983 1387 2058; baseline 0.002 -15"><span class='ocrx_word' id='word_1_130' title='bbox 169 1985 260 2043; x_wconf 88' lang='lat' dir='ltr'>animi</span> <span class='ocrx_word' id='word_1_131' title='bbox 288 1985 460 2044; x_wconf 84' lang='lat' dir='ltr'>testimonia.</span> <span class='ocrx_word' id='word_1_132' title='bbox 506 1983 552 2043; x_wconf 87' lang='lat' dir='ltr'>De</span> <span class='ocrx_word' id='word_1_133' title='bbox 574 1983 702 2042; x_wconf 89' lang='lat' dir='ltr'>Lutbero</span> <span class='ocrx_word' id='word_1_134' title='bbox 730 1984 838 2056; x_wconf 89' lang='lat' dir='ltr'>repetit</span> <span class='ocrx_word' id='word_1_135' title='bbox 871 1999 945 2056; x_wconf 89' lang='lat' dir='ltr'>quae</span> <span class='ocrx_word' id='word_1_136' title='bbox 974 1983 1012 2042; x_wconf 90' lang='lat' dir='ltr'>ab</span> <span class='ocrx_word' id='word_1_137' title='bbox 1042 1985 1125 2043; x_wconf 90' lang='lat' dir='ltr'>initio</span> <span class='ocrx_word' id='word_1_138' title='bbox 1154 1989 1184 2042; x_wconf 89' lang='lat' dir='ltr'>et</span> <span class='ocrx_word' id='word_1_139' title='bbox 1212 1986 1387 2058; x_wconf 71' lang='lat' dir='ltr'>vituperavit</span> 
     </span>
     <span class='ocr_line' id='line_1_16' title="bbox 172 2086 1387 2164; baseline 0.001 -17"><span class='ocrx_word' id='word_1_140' title='bbox 172 2093 205 2147; x_wconf 87' lang='lat' dir='ltr'>ot</span> <span class='ocrx_word' id='word_1_141' title='bbox 227 2089 367 2164; x_wconf 89' lang='lat' dir='ltr'>laudavit,</span> <span class='ocrx_word' id='word_1_142' title='bbox 395 2089 432 2149; x_wconf 90' lang='lat' dir='ltr'>de</span> <span class='ocrx_word' id='word_1_143' title='bbox 463 2089 507 2147; x_wconf 92' lang='lat' dir='ltr'>bis</span> <span class='ocrx_word' id='word_1_144' title='bbox 535 2089 768 2162; x_wconf 89' lang='lat' dir='ltr'>praeclarissima</span> <span class='ocrx_word' id='word_1_145' title='bbox 791 2087 854 2161; x_wconf 91' lang='lat' dir='ltr'>plus</span> <span class='ocrx_word' id='word_1_146' title='bbox 877 2089 968 2148; x_wconf 90' lang='lat' dir='ltr'>semel</span> <span class='ocrx_word' id='word_1_147' title='bbox 990 2087 1080 2146; x_wconf 88' lang='lat' dir='ltr'>verba</span> <span class='ocrx_word' id='word_1_148' title='bbox 1102 2086 1270 2148; x_wconf 83' lang='lat' dir='ltr'>adhibens¹</span> <span class='ocrx_word' id='word_1_149' title='bbox 1305 2091 1387 2148; x_wconf 83' lang='lat' dir='ltr'>Inter</span> 
     </span>
     <span class='ocr_line' id='line_1_17' title="bbox 170 2192 1386 2269; baseline 0.001 -17"><span class='ocrx_word' id='word_1_150' title='bbox 170 2193 280 2252; x_wconf 86' lang='lat' dir='ltr'>amicos</span> <span class='ocrx_word' id='word_1_151' title='bbox 302 2193 448 2253; x_wconf 89' lang='lat' dir='ltr'>dolentem</span> <span class='ocrx_word' id='word_1_152' title='bbox 471 2193 624 2268; x_wconf 86' lang='lat' dir='ltr'>aliquoties</span> <span class='ocrx_word' id='word_1_153' title='bbox 646 2211 678 2253; x_wconf 92' lang='lat' dir='ltr'>se</span> <span class='ocrx_word' id='word_1_154' title='bbox 702 2193 808 2252; x_wconf 84' lang='lat' dir='ltr'>dixisse</span> <span class='ocrx_word' id='word_1_155' title='bbox 832 2193 886 2267; x_wconf 91' lang='lat' dir='ltr'>ait,</span> <span class='ocrx_word' id='word_1_156' title='bbox 910 2207 942 2252; x_wconf 86' lang='lat' dir='ltr'>ao</span> <span class='ocrx_word' id='word_1_157' title='bbox 964 2192 1096 2252; x_wconf 80' lang='lat' dir='ltr'>debitore</span> <span class='ocrx_word' id='word_1_158' title='bbox 1117 2195 1153 2254; x_wconf 89' lang='lat' dir='ltr'>de</span> <span class='ocrx_word' id='word_1_159' title='bbox 1174 2195 1252 2253; x_wconf 89' lang='lat' dir='ltr'>illius</span> <span class='ocrx_word' id='word_1_160' title='bbox 1270 2195 1386 2269; x_wconf 85' lang='lat' dir='ltr'>spiritu;</span> 
     </span>
     <span class='ocr_line' id='line_1_18' title="bbox 169 2296 1387 2372; baseline 0.001 -16"><span class='ocrx_word' id='word_1_161' title='bbox 169 2313 228 2356; x_wconf 88' lang='lat' dir='ltr'>nec</span> <span class='ocrx_word' id='word_1_162' title='bbox 250 2313 374 2370; x_wconf 90' lang='lat' dir='ltr'>unquam</span> <span class='ocrx_word' id='word_1_163' title='bbox 397 2303 495 2358; x_wconf 91' lang='lat' dir='ltr'>tamen</span> <span class='ocrx_word' id='word_1_164' title='bbox 518 2304 599 2356; x_wconf 90' lang='lat' dir='ltr'>certo</span> <span class='ocrx_word' id='word_1_165' title='bbox 621 2298 832 2370; x_wconf 90' lang='lat' dir='ltr'>pronuntiasse.</span> <span class='ocrx_word' id='word_1_166' title='bbox 870 2296 953 2358; x_wconf 87' lang='lat' dir='ltr'>Sedis</span> <span class='ocrx_word' id='word_1_167' title='bbox 974 2297 1121 2358; x_wconf 84' lang='lat' dir='ltr'>Romanae</span> <span class='ocrx_word' id='word_1_168' title='bbox 1140 2301 1189 2372; x_wconf 91' lang='lat' dir='ltr'>jus</span> <span class='ocrx_word' id='word_1_169' title='bbox 1209 2299 1387 2372; x_wconf 86' lang='lat' dir='ltr'>idstoricum,</span> 
     </span>
     <span class='ocr_line' id='line_1_19' title="bbox 170 2401 1388 2478; baseline 0.002 -18"><span class='ocrx_word' id='word_1_170' title='bbox 170 2401 249 2475; x_wconf 88' lang='lat' dir='ltr'>quod</span> <span class='ocrx_word' id='word_1_171' title='bbox 268 2419 320 2461; x_wconf 92' lang='lat' dir='ltr'>nos</span> <span class='ocrx_word' id='word_1_172' title='bbox 340 2418 488 2476; x_wconf 88' lang='lat' dir='ltr'>vocamus,</span> <span class='ocrx_word' id='word_1_173' title='bbox 519 2417 635 2475; x_wconf 89' lang='lat' dir='ltr'>semper</span> <span class='ocrx_word' id='word_1_174' title='bbox 655 2417 688 2460; x_wconf 91' lang='lat' dir='ltr'>se</span> <span class='ocrx_word' id='word_1_175' title='bbox 708 2403 852 2476; x_wconf 77' lang='lat' dir='ltr'>tenuisse3</span> <span class='ocrx_word' id='word_1_176' title='bbox 875 2401 1077 2462; x_wconf 82' lang='lat' dir='ltr'>benetentum</span> <span class='ocrx_word' id='word_1_177' title='bbox 1091 2407 1278 2478; x_wconf 89' lang='lat' dir='ltr'>potestatem,</span> <span class='ocrx_word' id='word_1_178' title='bbox 1301 2418 1388 2477; x_wconf 88' lang='lat' dir='ltr'>quam</span> 
     </span>
     <span class='ocr_line' id='line_1_20' title="bbox 170 2505 1388 2582; baseline 0.002 -18"><span class='ocrx_word' id='word_1_179' title='bbox 170 2521 267 2580; x_wconf 86' lang='lat' dir='ltr'>papae</span> <span class='ocrx_word' id='word_1_180' title='bbox 288 2505 344 2564; x_wconf 91' lang='lat' dir='ltr'>sibi</span> <span class='ocrx_word' id='word_1_181' title='bbox 366 2507 472 2566; x_wconf 87' lang='lat' dir='ltr'>seculis</span> <span class='ocrx_word' id='word_1_182' title='bbox 493 2507 602 2579; x_wconf 78' lang='lat' dir='ltr'>aliquot</span> <span class='ocrx_word' id='word_1_183' title='bbox 625 2507 805 2580; x_wconf 81' lang='lat' dir='ltr'>usurparint,</span> <span class='ocrx_word' id='word_1_184' title='bbox 828 2505 939 2565; x_wconf 83' lang='lat' dir='ltr'>nudum</span> <span class='ocrx_word' id='word_1_185' title='bbox 954 2505 1098 2566; x_wconf 88' lang='lat' dir='ltr'>audivisse</span> <span class='ocrx_word' id='word_1_186' title='bbox 1120 2525 1151 2567; x_wconf 91' lang='lat' dir='ltr'>se</span> <span class='ocrx_word' id='word_1_187' title='bbox 1169 2507 1388 2582; x_wconf 69' lang='lat' dir='ltr'>defendentem</span> 
     </span>
     <span class='ocr_line' id='line_1_21' title="bbox 170 2607 1389 2686; baseline 0.002 -16"><span class='ocrx_word' id='word_1_188' title='bbox 170 2611 318 2684; x_wconf 88' lang='lat' dir='ltr'>postulare</span> <span class='ocrx_word' id='word_1_189' title='bbox 340 2627 372 2670; x_wconf 93' lang='lat' dir='ltr'>se</span> <span class='ocrx_word' id='word_1_190' title='bbox 395 2617 427 2670; x_wconf 95' lang='lat' dir='ltr'>ut</span> <span class='ocrx_word' id='word_1_191' title='bbox 449 2607 591 2684; x_wconf 85' lang='lat' dir='ltr'>pontificis</span> <span class='ocrx_word' id='word_1_192' title='bbox 614 2611 801 2684; x_wconf 88' lang='lat' dir='ltr'>apostolicum</span> <span class='ocrx_word' id='word_1_193' title='bbox 824 2611 863 2670; x_wconf 91' lang='lat' dir='ltr'>sit</span> <span class='ocrx_word' id='word_1_194' title='bbox 884 2617 993 2685; x_wconf 88' lang='lat' dir='ltr'>pectus.</span> <span class='ocrx_word' id='word_1_195' title='bbox 1040 2612 1093 2686; x_wconf 85' lang='lat' dir='ltr'>,At</span> <span class='ocrx_word' id='word_1_196' title='bbox 1115 2613 1199 2686; x_wconf 88' lang='lat' dir='ltr'>queri</span> <span class='ocrx_word' id='word_1_197' title='bbox 1214 2612 1290 2686; x_wconf 90' lang='lat' dir='ltr'>quod</span> <span class='ocrx_word' id='word_1_198' title='bbox 1305 2629 1389 2686; x_wconf 89' lang='lat' dir='ltr'>prae·</span> 
     </span>
     <span class='ocr_line' id='line_1_22' title="bbox 171 2713 1390 2790; baseline 0.002 -16"><span class='ocrx_word' id='word_1_199' title='bbox 171 2715 260 2789; x_wconf 82' lang='lat' dir='ltr'>cipue</span> <span class='ocrx_word' id='word_1_200' title='bbox 281 2715 379 2775; x_wconf 91' lang='lat' dir='ltr'>mundi</span> <span class='ocrx_word' id='word_1_201' title='bbox 401 2716 492 2790; x_wconf 88' lang='lat' dir='ltr'>pestis</span> <span class='ocrx_word' id='word_1_202' title='bbox 510 2717 573 2789; x_wconf 88' lang='lat' dir='ltr'>jam</span> <span class='ocrx_word' id='word_1_203' title='bbox 595 2716 692 2774; x_wconf 88' lang='lat' dir='ltr'>multis</span> <span class='ocrx_word' id='word_1_204' title='bbox 717 2716 800 2774; x_wconf 89' lang='lat' dir='ltr'>annis</span> <span class='ocrx_word' id='word_1_205' title='bbox 821 2713 938 2775; x_wconf 90' lang='lat' dir='ltr'>fluxerit</span> <span class='ocrx_word' id='word_1_206' title='bbox 960 2732 978 2774; x_wconf 91' lang='lat' dir='ltr'>a</span> <span class='ocrx_word' id='word_1_207' title='bbox 1000 2716 1100 2776; x_wconf 84' lang='lat' dir='ltr'>Roma</span> <span class='ocrx_word' id='word_1_208' title='bbox 1146 2717 1264 2778; x_wconf 90' lang='lat' dir='ltr'>Utinam</span> <span class='ocrx_word' id='word_1_209' title='bbox 1285 2718 1390 2777; x_wconf 88' lang='lat' dir='ltr'>liceret</span> 
     </span>
     <span class='ocr_line' id='line_1_23' title="bbox 170 2817 1390 2897; baseline 0.002 -20"><span class='ocrx_word' id='word_1_210' title='bbox 170 2819 251 2878; x_wconf 89' lang='lat' dir='ltr'>istud</span> <span class='ocrx_word' id='word_1_211' title='bbox 277 2817 430 2879; x_wconf 89' lang='lat' dir='ltr'>inficiaril‘</span> <span class='ocrx_word' id='word_1_212' title='bbox 474 2820 579 2880; x_wconf 87' lang='lat' dir='ltr'>Neutri</span> <span class='ocrx_word' id='word_1_213' title='bbox 608 2818 729 2880; x_wconf 89' lang='lat' dir='ltr'>factioni</span> <span class='ocrx_word' id='word_1_214' title='bbox 752 2837 783 2879; x_wconf 90' lang='lat' dir='ltr'>se</span> <span class='ocrx_word' id='word_1_215' title='bbox 806 2821 882 2878; x_wconf 90' lang='lat' dir='ltr'>velle</span> <span class='ocrx_word' id='word_1_216' title='bbox 911 2821 1016 2880; x_wconf 91' lang='lat' dir='ltr'>involvi</span> <span class='ocrx_word' id='word_1_217' title='bbox 1039 2821 1177 2882; x_wconf 84' lang='lat' dir='ltr'>declarat</span> <span class='ocrx_word' id='word_1_218' title='bbox 1222 2821 1390 2897; x_wconf 87' lang='lat' dir='ltr'>‚Provabo‘,</span> 
     </span>
     <span class='ocr_line' id='line_1_24' title="bbox 170 2923 1390 3000; baseline 0.001 -17"><span class='ocrx_word' id='word_1_219' title='bbox 170 2924 279 2999; x_wconf 88' lang='lat' dir='ltr'>inquit,</span> <span class='ocrx_word' id='word_1_220' title='bbox 303 2923 406 2998; x_wconf 85' lang='lat' dir='ltr'>,bonas</span> <span class='ocrx_word' id='word_1_221' title='bbox 428 2925 542 2984; x_wconf 89' lang='lat' dir='ltr'>litteras</span> <span class='ocrx_word' id='word_1_222' title='bbox 565 2941 600 2983; x_wconf 90' lang='lat' dir='ltr'>ao</span> <span class='ocrx_word' id='word_1_223' title='bbox 622 2924 812 2984; x_wconf 92' lang='lat' dir='ltr'>sinceriorem</span> <span class='ocrx_word' id='word_1_224' title='bbox 835 2929 866 2984; x_wconf 89' lang='lat' dir='ltr'>et</span> <span class='ocrx_word' id='word_1_225' title='bbox 888 2925 1091 2999; x_wconf 88' lang='lat' dir='ltr'>simpliciorem</span> <span class='ocrx_word' id='word_1_226' title='bbox 1115 2927 1194 2984; x_wconf 91' lang='lat' dir='ltr'>illam</span> <span class='ocrx_word' id='word_1_227' title='bbox 1216 2927 1390 3000; x_wconf 78' lang='lat' dir='ltr'>theologiam</span> 
     </span>
     <span class='ocr_line' id='line_1_25' title="bbox 171 3027 1389 3106; baseline 0.003 -20"><span class='ocrx_word' id='word_1_228' title='bbox 171 3044 229 3102; x_wconf 92' lang='lat' dir='ltr'>pro</span> <span class='ocrx_word' id='word_1_229' title='bbox 247 3027 356 3088; x_wconf 88' lang='lat' dir='ltr'>viribus</span> <span class='ocrx_word' id='word_1_230' title='bbox 377 3029 523 3104; x_wconf 87' lang='lat' dir='ltr'>instauro,</span> <span class='ocrx_word' id='word_1_231' title='bbox 543 3029 630 3102; x_wconf 89' lang='lat' dir='ltr'>idque</span> <span class='ocrx_word' id='word_1_232' title='bbox 654 3028 749 3103; x_wconf 86' lang='lat' dir='ltr'>quoad</span> <span class='ocrx_word' id='word_1_233' title='bbox 773 3030 868 3088; x_wconf 88' lang='lat' dir='ltr'>vivam</span> <span class='ocrx_word' id='word_1_234' title='bbox 886 3029 1014 3089; x_wconf 85' lang='lat' dir='ltr'>facturus</span> <span class='ocrx_word' id='word_1_235' title='bbox 1037 3048 1113 3106; x_wconf 93' lang='lat' dir='ltr'>sum,</span> <span class='ocrx_word' id='word_1_236' title='bbox 1136 3032 1196 3090; x_wconf 89' lang='lat' dir='ltr'>siva</span> <span class='ocrx_word' id='word_1_237' title='bbox 1220 3033 1312 3091; x_wconf 89' lang='lat' dir='ltr'>amico</span> <span class='ocrx_word' id='word_1_238' title='bbox 1328 3031 1389 3090; x_wconf 89' lang='lat' dir='ltr'>sive</span> 
     </span>
     <span class='ocr_line' id='line_1_26' title="bbox 177 3131 1390 3208; baseline 0.003 -18"><span class='ocrx_word' id='word_1_239' title='bbox 177 3131 295 3191; x_wconf 90' lang='lat' dir='ltr'>inimico</span> <span class='ocrx_word' id='word_1_240' title='bbox 317 3131 461 3207; x_wconf 90' lang='lat' dir='ltr'>Luthero‚</span> <span class='ocrx_word' id='word_1_241' title='bbox 491 3149 577 3206; x_wconf 89' lang='lat' dir='ltr'>quern</span> <span class='ocrx_word' id='word_1_242' title='bbox 606 3149 661 3208; x_wconf 92' lang='lat' dir='ltr'>ago</span> <span class='ocrx_word' id='word_1_243' title='bbox 689 3149 741 3206; x_wconf 88' lang='lat' dir='ltr'>pro</span> <span class='ocrx_word' id='word_1_244' title='bbox 769 3132 884 3192; x_wconf 89' lang='lat' dir='ltr'>homine</span> <span class='ocrx_word' id='word_1_245' title='bbox 906 3133 1001 3193; x_wconf 87' lang='lat' dir='ltr'>babeo</span> <span class='ocrx_word' id='word_1_246' title='bbox 1024 3139 1054 3192; x_wconf 89' lang='lat' dir='ltr'>et</span> <span class='ocrx_word' id='word_1_247' title='bbox 1075 3139 1144 3208; x_wconf 90' lang='lat' dir='ltr'>puto</span> <span class='ocrx_word' id='word_1_248' title='bbox 1167 3133 1228 3194; x_wconf 86' lang='lat' dir='ltr'>ialli</span> <span class='ocrx_word' id='word_1_249' title='bbox 1250 3151 1335 3208; x_wconf 88' lang='lat' dir='ltr'>posse</span> <span class='ocrx_word' id='word_1_250' title='bbox 1359 3141 1390 3195; x_wconf 90' lang='lat' dir='ltr'>et</span> 
     </span>
     <span class='ocr_line' id='line_1_27' title="bbox 173 3235 1365 3310; baseline 0.003 -16"><span class='ocrx_word' id='word_1_251' title='bbox 173 3235 295 3296; x_wconf 83' lang='lat' dir='ltr'>fallere:</span> <span class='ocrx_word' id='word_1_252' title='bbox 317 3236 463 3297; x_wconf 89' lang='lat' dir='ltr'>Lutberus</span> <span class='ocrx_word' id='word_1_253' title='bbox 485 3253 552 3296; x_wconf 90' lang='lat' dir='ltr'>cam</span> <span class='ocrx_word' id='word_1_254' title='bbox 574 3238 681 3297; x_wconf 89' lang='lat' dir='ltr'>ceteris</span> <span class='ocrx_word' id='word_1_255' title='bbox 704 3237 852 3310; x_wconf 90' lang='lat' dir='ltr'>transibit,</span> <span class='ocrx_word' id='word_1_256' title='bbox 875 3235 1004 3296; x_wconf 80' lang='lat' dir='ltr'>Christus</span> <span class='ocrx_word' id='word_1_257' title='bbox 1022 3243 1122 3296; x_wconf 89' lang='lat' dir='ltr'>manet</span> <span class='ocrx_word' id='word_1_258' title='bbox 1143 3238 1173 3297; x_wconf 91' lang='lat' dir='ltr'>iu</span> <span class='ocrx_word' id='word_1_259' title='bbox 1195 3239 1365 3301; x_wconf 85' lang='lat' dir='ltr'>aeternum‘</span> 
     </span>
    </p>

    <p class='ocr_par' dir='ltr' id='par_1_3' title="bbox 169 3340 1396 4460">
     <span class='ocr_line' id='line_1_28' title="bbox 265 3340 1391 3419; baseline 0.004 -19"><span class='ocrx_word' id='word_1_260' title='bbox 265 3341 328 3402; x_wconf 90' lang='lat' dir='ltr'>Hoc</span> <span class='ocrx_word' id='word_1_261' title='bbox 356 3343 473 3416; x_wconf 88' lang='lat' dir='ltr'>scripsit</span> <span class='ocrx_word' id='word_1_262' title='bbox 499 3345 671 3416; x_wconf 86' lang='lat' dir='ltr'>provocatas</span> <span class='ocrx_word' id='word_1_263' title='bbox 702 3340 739 3400; x_wconf 90' lang='lat' dir='ltr'>ab</span> <span class='ocrx_word' id='word_1_264' title='bbox 761 3341 825 3415; x_wconf 90' lang='lat' dir='ltr'>iilo,</span> <span class='ocrx_word' id='word_1_265' title='bbox 854 3357 940 3414; x_wconf 89' lang='lat' dir='ltr'>quem</span> <span class='ocrx_word' id='word_1_266' title='bbox 962 3347 1050 3400; x_wconf 91' lang='lat' dir='ltr'>antea</span> <span class='ocrx_word' id='word_1_267' title='bbox 1072 3341 1179 3402; x_wconf 89' lang='lat' dir='ltr'>invitos</span> <span class='ocrx_word' id='word_1_268' title='bbox 1202 3345 1265 3418; x_wconf 90' lang='lat' dir='ltr'>ipse</span> <span class='ocrx_word' id='word_1_269' title='bbox 1288 3361 1391 3419; x_wconf 87' lang='lat' dir='ltr'>provo-</span> 
     </span>
     <span class='ocr_line' id='line_1_29' title="bbox 174 3444 1393 3523; baseline 0.003 -19"><span class='ocrx_word' id='word_1_270' title='bbox 174 3451 300 3509; x_wconf 89' lang='lat' dir='ltr'>caverat.</span> <span class='ocrx_word' id='word_1_271' title='bbox 344 3444 463 3504; x_wconf 83' lang='lat' dir='ltr'>Etenim</span> <span class='ocrx_word' id='word_1_272' title='bbox 484 3445 644 3519; x_wconf 86' lang='lat' dir='ltr'>Latherus,</span> <span class='ocrx_word' id='word_1_273' title='bbox 674 3460 839 3519; x_wconf 89' lang='lat' dir='ltr'>quanquam</span> <span class='ocrx_word' id='word_1_274' title='bbox 866 3445 897 3503; x_wconf 94' lang='lat' dir='ltr'>iu</span> <span class='ocrx_word' id='word_1_275' title='bbox 918 3461 1022 3520; x_wconf 91' lang='lat' dir='ltr'>magno</span> <span class='ocrx_word' id='word_1_276' title='bbox 1044 3445 1224 3506; x_wconf 86' lang='lat' dir='ltr'>instaurandi</span> <span class='ocrx_word' id='word_1_277' title='bbox 1248 3449 1393 3523; x_wconf 89' lang='lat' dir='ltr'>evangelii</span> 
     </span>
     <span class='ocr_line' id='line_1_30' title="bbox 173 3549 1393 3628; baseline 0.003 -20"><span class='ocrx_word' id='word_1_278' title='bbox 173 3565 266 3624; x_wconf 92' lang='lat' dir='ltr'>opera</span> <span class='ocrx_word' id='word_1_279' title='bbox 295 3549 397 3616; x_wconf 89' lang='lat' dir='ltr'>miram</span> <span class='ocrx_word' id='word_1_280' title='bbox 426 3549 617 3608; x_wconf 86' lang='lat' dir='ltr'>constentiam</span> <span class='ocrx_word' id='word_1_281' title='bbox 646 3550 793 3623; x_wconf 86' lang='lat' dir='ltr'>praestitit</span> <span class='ocrx_word' id='word_1_282' title='bbox 822 3566 841 3610; x_wconf 90' lang='lat' dir='ltr'>a</span> <span class='ocrx_word' id='word_1_283' title='bbox 867 3549 970 3624; x_wconf 89' lang='lat' dir='ltr'>spiritu</span> <span class='ocrx_word' id='word_1_284' title='bbox 1000 3565 1070 3610; x_wconf 89' lang='lat' dir='ltr'>vere</span> <span class='ocrx_word' id='word_1_285' title='bbox 1100 3551 1197 3610; x_wconf 90' lang='lat' dir='ltr'>divino</span> <span class='ocrx_word' id='word_1_286' title='bbox 1224 3550 1393 3628; x_wconf 86' lang='lat' dir='ltr'>proiectam,</span> 
     </span>
     <span class='ocr_line' id='line_1_31' title="bbox 173 3653 1394 3730; baseline 0.002 -18"><span class='ocrx_word' id='word_1_287' title='bbox 173 3659 276 3712; x_wconf 87' lang='lat' dir='ltr'>tamen</span> <span class='ocrx_word' id='word_1_288' title='bbox 301 3655 398 3714; x_wconf 84' lang='lat' dir='ltr'>varius</span> <span class='ocrx_word' id='word_1_289' title='bbox 427 3653 574 3712; x_wconf 90' lang='lat' dir='ltr'>interdum</span> <span class='ocrx_word' id='word_1_290' title='bbox 603 3659 669 3714; x_wconf 90' lang='lat' dir='ltr'>erat</span> <span class='ocrx_word' id='word_1_291' title='bbox 697 3655 728 3712; x_wconf 91' lang='lat' dir='ltr'>in</span> <span class='ocrx_word' id='word_1_292' title='bbox 752 3655 883 3728; x_wconf 88' lang='lat' dir='ltr'>personis</span> <span class='ocrx_word' id='word_1_293' title='bbox 907 3661 937 3715; x_wconf 89' lang='lat' dir='ltr'>et</span> <span class='ocrx_word' id='word_1_294' title='bbox 959 3655 1045 3714; x_wconf 89' lang='lat' dir='ltr'>rebus</span> <span class='ocrx_word' id='word_1_295' title='bbox 1065 3655 1242 3730; x_wconf 88' lang='lat' dir='ltr'>judicandis,</span> <span class='ocrx_word' id='word_1_296' title='bbox 1272 3657 1394 3717; x_wconf 89' lang='lat' dir='ltr'>diversis</span> 
     </span>
     <span class='ocr_line' id='line_1_32' title="bbox 174 3757 1393 3836; baseline 0 -18"><span class='ocrx_word' id='word_1_297' title='bbox 174 3758 311 3818; x_wconf 90' lang='lat' dir='ltr'>nimirum</span> <span class='ocrx_word' id='word_1_298' title='bbox 340 3757 493 3818; x_wconf 81' lang='lat' dir='ltr'>affectibus</span> <span class='ocrx_word' id='word_1_299' title='bbox 525 3759 639 3818; x_wconf 90' lang='lat' dir='ltr'>diverse</span> <span class='ocrx_word' id='word_1_300' title='bbox 668 3765 763 3818; x_wconf 86' lang='lat' dir='ltr'>motas</span> <span class='ocrx_word' id='word_1_301' title='bbox 793 3765 824 3818; x_wconf 89' lang='lat' dir='ltr'>et</span> <span class='ocrx_word' id='word_1_302' title='bbox 852 3759 1007 3833; x_wconf 86' lang='lat' dir='ltr'>aliquoties</span> <span class='ocrx_word' id='word_1_303' title='bbox 1039 3761 1075 3819; x_wconf 90' lang='lat' dir='ltr'>ab</span> <span class='ocrx_word' id='word_1_304' title='bbox 1106 3761 1184 3836; x_wconf 90' lang='lat' dir='ltr'>aliis,</span> <span class='ocrx_word' id='word_1_305' title='bbox 1215 3762 1320 3834; x_wconf 89' lang='lat' dir='ltr'>quippe</span> <span class='ocrx_word' id='word_1_306' title='bbox 1343 3761 1393 3833; x_wconf 88' lang='lat' dir='ltr'>qui</span> 
     </span>
     <span class='ocr_line' id='line_1_33' title="bbox 174 3861 1394 3938; baseline 0 -16"><span class='ocrx_word' id='word_1_307' title='bbox 174 3867 362 3935; x_wconf 87' lang='lat' dir='ltr'>praesentem</span> <span class='ocrx_word' id='word_1_308' title='bbox 385 3863 447 3935; x_wconf 87' lang='lat' dir='ltr'>ejus</span> <span class='ocrx_word' id='word_1_309' title='bbox 470 3861 604 3922; x_wconf 84' lang='lat' dir='ltr'>affectum</span> <span class='ocrx_word' id='word_1_310' title='bbox 627 3861 773 3937; x_wconf 85' lang='lat' dir='ltr'>foverent,</span> <span class='ocrx_word' id='word_1_311' title='bbox 802 3863 895 3936; x_wconf 88' lang='lat' dir='ltr'>magis</span> <span class='ocrx_word' id='word_1_312' title='bbox 918 3879 1003 3936; x_wconf 85' lang='lat' dir='ltr'>quam</span> <span class='ocrx_word' id='word_1_313' title='bbox 1030 3863 1092 3937; x_wconf 87' lang='lat' dir='ltr'>ipse</span> <span class='ocrx_word' id='word_1_314' title='bbox 1114 3865 1226 3938; x_wconf 86' lang='lat' dir='ltr'>putavit</span> <span class='ocrx_word' id='word_1_315' title='bbox 1248 3869 1278 3922; x_wconf 90' lang='lat' dir='ltr'>et</span> <span class='ocrx_word' id='word_1_316' title='bbox 1299 3864 1394 3937; x_wconf 91' lang='lat' dir='ltr'>ipsum</span> 
     </span>
     <span class='ocr_line' id='line_1_34' title="bbox 169 3964 1394 4041; baseline 0.002 -17"><span class='ocrx_word' id='word_1_317' title='bbox 169 3964 291 4040; x_wconf 90' lang='lat' dir='ltr'>decuit,</span> <span class='ocrx_word' id='word_1_318' title='bbox 321 3965 498 4040; x_wconf 88' lang='lat' dir='ltr'>dependens.</span> <span class='ocrx_word' id='word_1_319' title='bbox 543 3967 591 4027; x_wconf 88' lang='lat' dir='ltr'>Sic</span> <span class='ocrx_word' id='word_1_320' title='bbox 613 3967 644 4024; x_wconf 93' lang='lat' dir='ltr'>in</span> <span class='ocrx_word' id='word_1_321' title='bbox 665 3968 759 4026; x_wconf 84' lang='lat' dir='ltr'>altera</span> <span class='ocrx_word' id='word_1_322' title='bbox 780 3965 909 4026; x_wconf 88' lang='lat' dir='ltr'>editione</span> <span class='ocrx_word' id='word_1_323' title='bbox 931 3967 1172 4041; x_wconf 88' lang='lat' dir='ltr'>praestantissimi</span> <span class='ocrx_word' id='word_1_324' title='bbox 1195 3968 1394 4026; x_wconf 84' lang='lat' dir='ltr'>commentarii</span> 
     </span>
     <span class='ocr_line' id='line_1_35' title="bbox 176 4069 1394 4148; baseline 0.002 -19"><span class='ocrx_word' id='word_1_325' title='bbox 176 4071 223 4129; x_wconf 90' lang='lat' dir='ltr'>sui</span> <span class='ocrx_word' id='word_1_326' title='bbox 245 4072 276 4130; x_wconf 92' lang='lat' dir='ltr'>in</span> <span class='ocrx_word' id='word_1_327' title='bbox 299 4071 452 4145; x_wconf 88' lang='lat' dir='ltr'>epistolam</span> <span class='ocrx_word' id='word_1_328' title='bbox 475 4070 513 4132; x_wconf 90' lang='lat' dir='ltr'>ad</span> <span class='ocrx_word' id='word_1_329' title='bbox 528 4069 647 4130; x_wconf 76' lang='lat' dir='ltr'>omas</span> <span class='ocrx_word' id='word_1_330' title='bbox 668 4071 768 4144; x_wconf 88' lang='lat' dir='ltr'>scripti</span> <span class='ocrx_word' id='word_1_331' title='bbox 791 4071 887 4130; x_wconf 89' lang='lat' dir='ltr'>omnia</span> <span class='ocrx_word' id='word_1_332' title='bbox 909 4087 1026 4144; x_wconf 92' lang='lat' dir='ltr'>prorsus</span> <span class='ocrx_word' id='word_1_333' title='bbox 1048 4071 1156 4130; x_wconf 89' lang='lat' dir='ltr'>delevit</span> <span class='ocrx_word' id='word_1_334' title='bbox 1177 4075 1265 4144; x_wconf 87' lang='lat' dir='ltr'>atque</span> <span class='ocrx_word' id='word_1_335' title='bbox 1288 4072 1394 4148; x_wconf 79' lang='lat' dir='ltr'>omisit,</span> 
     </span>
     <span class='ocr_line' id='line_1_36' title="bbox 176 4174 1393 4250; baseline 0.002 -16"><span class='ocrx_word' id='word_1_336' title='bbox 176 4190 253 4248; x_wconf 84' lang='lat' dir='ltr'>quae</span> <span class='ocrx_word' id='word_1_337' title='bbox 278 4175 309 4234; x_wconf 92' lang='lat' dir='ltr'>in</span> <span class='ocrx_word' id='word_1_338' title='bbox 335 4176 432 4249; x_wconf 87' lang='lat' dir='ltr'>priore</span> <span class='ocrx_word' id='word_1_339' title='bbox 466 4174 503 4234; x_wconf 88' lang='lat' dir='ltr'>da</span> <span class='ocrx_word' id='word_1_340' title='bbox 529 4175 651 4234; x_wconf 83' lang='lat' dir='ltr'>Erasmo</span> <span class='ocrx_word' id='word_1_341' title='bbox 682 4175 969 4250; x_wconf 89' lang='lat' dir='ltr'>‚theologicissimo‘,</span> <span class='ocrx_word' id='word_1_342' title='bbox 1001 4177 1111 4250; x_wconf 92' lang='lat' dir='ltr'>optimo</span> <span class='ocrx_word' id='word_1_343' title='bbox 1138 4176 1204 4250; x_wconf 90' lang='lat' dir='ltr'>puri</span> <span class='ocrx_word' id='word_1_344' title='bbox 1231 4176 1393 4250; x_wconf 81' lang='lat' dir='ltr'>scriptmae</span> 
     </span>
     <span class='ocr_line' id='line_1_37' title="bbox 176 4277 1395 4354; baseline 0.002 -16"><span class='ocrx_word' id='word_1_345' title='bbox 176 4295 281 4338; x_wconf 68' lang='lat' dir='ltr'>sacrem</span> <span class='ocrx_word' id='word_1_346' title='bbox 304 4295 406 4340; x_wconf 91' lang='lat' dir='ltr'>sensus</span> <span class='ocrx_word' id='word_1_347' title='bbox 428 4280 608 4354; x_wconf 87' lang='lat' dir='ltr'>interprete,</span> <span class='ocrx_word' id='word_1_348' title='bbox 638 4279 788 4353; x_wconf 90' lang='lat' dir='ltr'>splendide</span> <span class='ocrx_word' id='word_1_349' title='bbox 810 4278 933 4340; x_wconf 70' lang='lat' dir='ltr'>dmerat.</span> <span class='ocrx_word' id='word_1_350' title='bbox 980 4279 1107 4340; x_wconf 88' lang='lat' dir='ltr'>Putabat</span> <span class='ocrx_word' id='word_1_351' title='bbox 1128 4281 1209 4340; x_wconf 89' lang='lat' dir='ltr'>illum</span> <span class='ocrx_word' id='word_1_352' title='bbox 1230 4277 1335 4340; x_wconf 84' lang='lat' dir='ltr'>iecisse</span> <span class='ocrx_word' id='word_1_353' title='bbox 1358 4281 1395 4340; x_wconf 94' lang='lat' dir='ltr'>ad</span> 
     </span>
     <span class='ocr_line' id='line_1_38' title="bbox 176 4381 1396 4460; baseline 0.002 -18"><span class='ocrx_word' id='word_1_354' title='bbox 176 4381 257 4458; x_wconf 89' lang='lat' dir='ltr'>quod</span> <span class='ocrx_word' id='word_1_355' title='bbox 289 4384 439 4444; x_wconf 88' lang='lat' dir='ltr'>ordinatus</span> <span class='ocrx_word' id='word_1_356' title='bbox 472 4381 589 4459; x_wconf 88' lang='lat' dir='ltr'>fuisset,</span> <span class='ocrx_word' id='word_1_357' title='bbox 622 4384 736 4460; x_wconf 82' lang='lat' dir='ltr'>linguas</span> <span class='ocrx_word' id='word_1_358' title='bbox 769 4383 963 4444; x_wconf 86' lang='lat' dir='ltr'>introduxisse</span> <span class='ocrx_word' id='word_1_359' title='bbox 998 4389 1029 4443; x_wconf 89' lang='lat' dir='ltr'>et</span> <span class='ocrx_word' id='word_1_360' title='bbox 1061 4401 1080 4442; x_wconf 88' lang='lat' dir='ltr'>a</span> <span class='ocrx_word' id='word_1_361' title='bbox 1113 4385 1263 4459; x_wconf 90' lang='lat' dir='ltr'>sacrilegis</span> <span class='ocrx_word' id='word_1_362' title='bbox 1293 4385 1396 4445; x_wconf 86' lang='lat' dir='ltr'>studiis</span> 
     </span>
    </p>
   </div>
   <div class='ocr_carea' id='block_1_2' title="bbox 270 4620 1124 4688">
    <p class='ocr_par' dir='ltr' id='par_1_4' title="bbox 270 4620 1124 4688">
     <span class='ocr_line' id='line_1_39' title="bbox 270 4620 1124 4688; baseline 0.004 -18"><span class='ocrx_word' id='word_1_363' title='bbox 270 4621 296 4688; x_wconf 85' lang='lat'>1)</span> <span class='ocrx_word' id='word_1_364' title='bbox 314 4623 383 4688; x_wconf 80' lang='lat' dir='ltr'>Epp.</span> <span class='ocrx_word' id='word_1_365' title='bbox 403 4620 483 4684; x_wconf 82' lang='lat' dir='ltr'>xlx,</span> <span class='ocrx_word' id='word_1_366' title='bbox 506 4627 546 4676; x_wconf 73' lang='lat'>72.</span> <span class='ocrx_word' id='word_1_367' title='bbox 662 4621 690 4686; x_wconf 73' lang='grc'>2)</span> <span class='ocrx_word' id='word_1_368' title='bbox 709 4621 749 4675; x_wconf 85' lang='lat' dir='ltr'>Gi.</span> <span class='ocrx_word' id='word_1_369' title='bbox 767 4623 795 4671; x_wconf 91' lang='lat' dir='ltr'>in</span> <span class='ocrx_word' id='word_1_370' title='bbox 811 4623 920 4673; x_wconf 86' lang='lat' dir='ltr'>Huitani</span> <span class='ocrx_word' id='word_1_371' title='bbox 939 4638 998 4688; x_wconf 89' lang='lat' dir='ltr'>opp.</span> <span class='ocrx_word' id='word_1_372' title='bbox 1016 4621 1051 4670; x_wconf 94' lang='grc' dir='ltr'>Π.</span> <span class='ocrx_word' id='word_1_373' title='bbox 1065 4627 1124 4673; x_wconf 78' lang='lat'><strong>298.</strong></span> 
     </span>
    </p>
   </div>
   <div class='ocr_carea' id='block_1_3' title="bbox 0 0 1590 5054">
    <p class='ocr_par' dir='ltr' id='par_1_5' title="bbox 0 0 1590 5054">
     <span class='ocr_line' id='line_1_40' title="bbox 0 0 1590 5054; baseline 0 0"><span class='ocrx_word' id='word_1_374' title='bbox 0 0 1590 5054; x_wconf 95' lang='lat' dir='ltr'> </span> 
     </span>
    </p>
   </div>
  </div>
 </body>
</html>
