3164 5030
256 288 309 344 282
743 291 850 340 Pharus
867 289 981 341 Pruoars

255 509 287 565 et
312 505 504 565 calumniatur
531 521 563 563 se
590 505 667 578 ipse,
698 521 785 578 quum
807 503 845 562 sd
867 503 947 562 lusus
968 503 1100 562 innoxios
1122 519 1155 561 se
1177 507 1276 564 natum
1299 503 1354 562 sibi
1376 503 1476 564 uideri

255 609 392 669 declarat
436 610 512 669 Nam
540 608 715 686 gradssimis
743 607 960 682 utilissimisque
991 606 1093 666 studiis
1115 607 1284 682 theologicis
1303 613 1363 667 tom
1385 625 1477 668 oocu-

254 719 354 788 patum
377 730 443 774 eum
458 712 546 772 inisse
562 714 675 772 scium.
712 711 770 772 Sed
785 711 858 771 hseo
873 728 938 770 oum
953 711 1070 785 proprio
1086 713 1149 785 ejns
1161 711 1280 785 iugenio
1295 713 1387 786 magis
1402 729 1476 773 oon-

254 817 411 892 gruebant3
445 817 585 892 ejusmodi
615 817 716 876 labem
747 814 957 876 delectabatur.
1002 815 1084 874 Inter
1105 815 1227 875 Lntheri
1254 817 1362 889 scripta
1384 823 1477 876 erant

255 922 407 996 nonnulla,
435 937 510 996 quae
533 927 565 980 ut
585 921 786 997 ,apostolicum
809 926 913 994 pectus
935 919 1091 994 spirantia‘
1113 920 1216 978 summi
1237 917 1381 995 faciebat3
1410 921 1476 980 alia

254 1027 339 1086 valde
362 1025 587 1101 displicuerunt,
615 1027 646 1085 ln
668 1025 747 1099 aliis,
769 1041 844 1099 quae
866 1025 953 1098 plane
973 1041 1006 1084 se
1029 1040 1087 1082 non
1109 1025 1282 1100 intellegere
1305 1024 1475 1100 confitetur,

255 1137 315 1190 tam
343 1131 470 1190 alienum
499 1146 518 1189 a
546 1146 597 1188 suo
623 1130 773 1204 ingenium
795 1129 933 1188 odoratus
958 1135 1016 1204 est,
1043 1133 1077 1187 ut
1098 1128 1188 1188 multo
1213 1145 1279 1188 oum
1301 1128 1400 1188 taedio
1423 1129 1475 1188 vix

255 1235 366 1308 aliquot
393 1235 515 1308 paginas
543 1235 727 1308 perlegeret,
765 1234 932 1308 germanice
962 1233 1120 1306 composita
1152 1247 1271 1306 promas
1307 1233 1474 1292 onioebas

256 1338 392 1398 Ceterum
421 1338 555 1398 similiter
584 1337 729 1398 Lutherus
759 1338 869 1397 seriore
898 1341 1043 1412 tempore,
1074 1342 1117 1396 tot
1144 1336 1210 1396 aliia
1237 1338 1361 1412 negotiis
1383 1353 1474 1396 eoca-

256 1449 355 1516 patus,
377 1442 414 1502 ah
434 1441 549 1502 mermi
570 1441 652 1501 libris
674 1458 706 1501 se
727 1441 912 1502 abhorruisse
935 1439 1057 1516 fatetur,
1080 1441 1143 1516 ipse
1165 1457 1266 1500 rursus
1287 1441 1365 1500 illius
1387 1443 1475 1517 inge·

255 1545 336 1604 nium
357 1560 376 1603 a
394 1561 447 1604 suo
466 1545 674 1604 alienissimum
697 1561 762 1604 esse
784 1544 938 1605 sentiebat
982 1544 1109 1619 Ideoque
1132 1545 1162 1604 id
1183 1545 1258 1619 quod
1280 1545 1323 1604 illi
1342 1544 1475 1606 debebat

256 1649 388 1724 quodque
410 1665 526 1722 semper
547 1665 611 1707 cum
630 1665 665 1708 eo
680 1639 809 1708 habebat
824 1665 973 1708 commone
989 1647 1173 1724 neglegebat
1209 1649 1362 1722 Erasmus,
1384 1655 1419 1709 ut
1434 1650 1474 1709 de

254 1752 382 1811 Lathero
406 1755 516 1828 justam
545 1753 719 1812 senteutiam
748 1750 854 1827 ferret,
885 1754 981 1812 omnia
1004 1756 1066 1828 ejus
1089 1755 1210 1828 scripta,
1240 1759 1379 1828 quantum
1401 1753 1472 1813 lieri

254 1861 365 1930 posset,
396 1855 601 1931 perlustranda
620 1857 814 1931 religioseque
838 1857 1030 1916 examinanda
1051 1857 1106 1916 sibi
1127 1874 1191 1917 esse
1212 1859 1321 1933 optime
1343 1857 1473 1931 videbat,

254 1960 307 2018 sed
329 1960 468 2020 taedebat
490 1977 555 2020 eum
578 1961 663 2034 hujus
687 1963 769 2036 quasi
791 1961 931 2022 Herculei
953 1961 1069 2022 laboris.
1114 1961 1178 2021 Hac
1193 1963 1316 2022 maxime
1330 1979 1379 2036 re,
1401 1963 1475 2022 licet

255 2064 320 2124 aliis
343 2066 437 2124 causis
459 2065 679 2140 accedentibus,
701 2083 767 2126 eom
788 2065 961 2126 deterritum
985 2083 1063 2141 esse,
1086 2067 1235 2140 quominus
1251 2066 1418 2141 opusculum
1433 2066 1472 2126 de

254 2186 310 2243 quo
332 2169 454 2228 diximus
475 2167 645 2246 perficeret,
668 2171 730 2245 ipse
751 2170 869 2245 quidem
891 2187 950 2230 uon
971 2176 1111 2244 testatur,
1134 2187 1187 2230 nos
1208 2187 1278 2230 vero
1298 2170 1385 2230 facile
1400 2187 1471 2244 per·

254 2273 398 2348 spicimua
443 2275 545 2349 Itaque
567 2275 676 2334 factum
699 2281 759 2350 est,
780 2281 814 2334 ut
835 2275 972 2349 quamdiu
994 2281 1109 2350 poterat
1131 2275 1376 2350 ahereadsinds
1398 2291 1471 2336 vero

254 2395 353 2438 rerum
375 2377 545 2438 condicione
574 2378 613 2439 ad
629 2379 814 2439 scribendum
836 2384 967 2454 coactus,
997 2379 1101 2440 relicto
1124 2379 1279 2455 grandiore
1302 2380 1365 2453 illo,
1392 2378 1471 2451 quod
1571 2393 1572 2406 ι

254 2483 418 2556 inceperat,
446 2483 609 2558 proposito,
638 2483 783 2556 singulum
804 2483 947 2558 quoddam
969 2483 1091 2544 Lutheri
1114 2484 1218 2558 dogma
1244 2483 1469 2556 impugnandum
1571 2467 1572 2477 ¹

254 2583 310 2643 sibi
332 2585 464 2658 eligeret
509 2585 586 2646 Sah's
612 2586 773 2660 prudenter
795 2587 997 2648 atmoderate
1020 2589 1137 2662 scripsit
1158 2588 1195 2647 de
1218 2588 1311 2647 libero
1338 2587 1469 2646 arbitrio.

255 2687 314 2747 Sed
335 2689 465 2763 interim,
493 2706 593 2764 quum,
621 2705 717 2763 neque
746 2692 927 2764 euangelium
950 2708 1044 2766 neqm
1066 2693 1216 2752 Romanae
1239 2691 1380 2750 ecclesiae
1404 2691 1471 2750 nui·

255 2796 346 2851 tatem
375 2792 554 2869 deserturus,
586 2793 714 2854 medium
741 2811 856 2853 cursum
883 2812 941 2854 non
970 2797 1034 2855 siue
1060 2795 1155 2856 dubiis
1184 2795 1329 2855 interdum
1358 2793 1470 2853 artibus

255 2896 412 2973 tenuisset,
445 2899 583 2974 suspicio,
615 2914 672 2973 qua
697 2899 841 2958 Lutherns
871 2900 951 2960 illum
970 2901 1107 2976 urgebat,
1137 2901 1168 2960 iu
1194 2900 1258 2959 dies
1278 2905 1364 2959 aucta
1390 2905 1469 2972 erat,

256 3001 288 3060 in
316 3001 380 3076 ipso
408 3018 465 3061 ano
492 3003 542 3062 illo
565 3002 700 3076 dogmate
723 3002 875 3064 hacmudo
897 3005 1014 3065 diversa
1035 3005 1184 3078 utriusque
1206 3005 1260 3063 viri
1280 3003 1394 3062 indoles
1415 3002 1471 3061 mi*

255 3103 337 3165 uidae
366 3123 399 3166 se
428 3107 637 3182 manifestavitq
665 3109 764 3182 itaque
794 3109 902 3168 libellis
929 3109 1008 3168 inter
1036 3125 1068 3169 se
1094 3115 1241 3168 certantes
1264 3107 1353 3166 otiam
1375 3107 1470 3180 magis

220 3229 222 3236 ⁴
256 3227 341 3284 quam
364 3217 453 3271 antea
475 3213 551 3272 alter
572 3212 609 3271 ab
631 3213 723 3272 altero
744 3212 902 3272 abaheuati
917 3219 993 3274 sunt.
1029 3213 1110 3285 Quae
1125 3213 1222 3272 omnia
1237 3219 1268 3271 ut
1282 3211 1469 3284 illustremus,

256 3314 450 3388 incipiendum
472 3316 555 3375 uobis
577 3322 623 3376 est
643 3315 680 3376 ab
695 3317 843 3390 utriusque
860 3317 914 3376 viri
929 3317 1090 3392 theologia,
1113 3333 1198 3392 quam
1213 3320 1353 3390 sequente
1371 3315 1469 3388 capite

256 3417 386 3476 breviter
409 3419 623 3492 explicabimus.

828 3697 896 3757 XII.

343 3834 487 3894 Lutherus
504 3840 534 3895 et
549 3835 687 3896 Ermum
708 3852 794 3910 quum
816 3835 938 3897 eandem
958 3837 1143 3896 christianam
1163 3838 1316 3896 veritatem
1337 3835 1469 3896 doctrina

256 3945 287 3997 et
315 3939 376 3998 vita
404 3940 567 4014 exprimere
598 3939 762 4015 studerent,
793 3939 914 4000 diversis
940 3941 972 4000 in
995 3939 1215 4014 contemplanda
1236 3941 1288 3999 illa
1308 3941 1469 4000 rationibus

255 4043 300 4100 usi
329 4049 409 4118 sunt,
440 4043 516 4104 unde
546 4043 668 4121 iactum,
698 4051 731 4106 ut
752 4061 789 4105 ex
811 4050 895 4120 parte
918 4063 950 4105 se
972 4047 1096 4104 invicem
1119 4061 1176 4104 nou
1204 4045 1411 4119 intellegerent
1438 4050 1469 4102 et

255 4145 332 4204 alter
358 4147 390 4206 iu
417 4148 509 4208 altero
537 4165 626 4224 saepe
653 4165 727 4224 quae
754 4151 829 4210 falsa
852 4157 936 4210 eraut
957 4151 1052 4225 potius
1074 4165 1160 4223 quam
1182 4165 1257 4222 quae
1282 4155 1365 4208 recta
1388 4148 1469 4207 uide·

254 4255 329 4310 rent.
373 4251 407 4310 In
437 4253 565 4326 pluribus
594 4261 694 4314 amen
723 4272 807 4329 quam
837 4255 969 4329 plerique
999 4255 1154 4328 opinantur
1179 4253 1258 4311 iuter
1285 4269 1318 4312 se
1347 4267 1469 4311 consen·

256 4353 377 4414 tiebant.
423 4356 458 4415 ld
484 4359 620 4430 quoniam
643 4375 732 4434 sopra
756 4359 817 4432 jam
839 4357 1014 4434 significavi,
1045 4373 1123 4417 nuno
1144 4357 1308 4416 accuratius
1330 4356 1400 4415 mihi
1425 4356 1469 4415 ita
1567 4403 1568 4433 ,

255 4459 463 4518 ostendendum
497 4467 556 4536 est,
589 4469 621 4521 ut
651 4462 735 4522 simul
767 4461 939 4536 quibusnam
972 4462 1125 4523 sentenh'is
1160 4462 1238 4522 iuter
1270 4477 1302 4522 se
1333 4459 1468 4520 dillemut

255 4570 403 4632 appareat
