3202 5058
725 315 815 364 Garun
832 314 867 364 11.
1364 319 1398 372 3¹7

180 527 257 606 ,Ego
285 544 368 602 vero,
401 544 476 602 quae
498 527 620 586 meliora
642 533 730 587 autea
751 528 782 586 in
806 529 886 587 vobis
909 529 1060 588 eluxerunt
1083 532 1269 606 recordatus,
1303 549 1397 607 neque

179 649 230 691 vos
257 637 317 690 tam
344 649 446 706 parum
470 632 629 692 Germanos
652 647 716 691 esse
740 631 928 706 crediderim,
957 639 1005 707 nt,
1034 634 1149 706 siquos
1171 651 1189 693 a
1211 637 1397 712 magnailla,

180 751 255 809 quac
285 735 322 795 ad
350 736 474 796 salutem
507 737 621 810 patriae
649 737 793 811 pertinet,
827 737 986 796 animorum
1020 739 1180 797 mutatione
1207 738 1398 800 abhorrentes

180 839 322 914 sideritis,
345 841 381 898 iis
404 831 540 914 deinceps
559 841 613 899 niti
637 856 685 899 vos
708 856 765 900 non
787 840 911 914 pudeat,
941 857 1035 914 neque
1058 847 1117 900 tam
1140 857 1242 914 parum
1264 843 1396 903 christia·

180 961 247 1018 nos,
273 950 319 1018 ut,
348 945 373 1002 si
401 945 493 1018 ipsam
529 945 676 1004 infelicem
703 949 862 1004 vestrorum
892 945 1051 1004 animorum
1080 946 1269 1006 mutationem
1299 963 1396 1007 coram

180 1047 244 1107 Deo
274 1055 305 1106 et
335 1048 495 1108 hominihus
521 1055 601 1108 stare
631 1065 689 1108 non
717 1064 801 1122 posse
830 1049 1052 1123 intellexeritis,
1085 1065 1177 1108 novae
1206 1065 1241 1109 ac
1269 1051 1396 1110 melioris

180 1153 347 1211 mutationis
369 1153 529 1226 temporale
551 1153 677 1212 dedecus
695 1159 817 1212 aeterno
835 1152 971 1212 dedecori
992 1169 1049 1212 non
1072 1151 1264 1227 praeferatis‘

268 1257 352 1316 Hanc
378 1258 518 1330 reliquam
546 1273 638 1332 spem,
667 1259 698 1316 in
729 1272 786 1315 uno
809 1257 912 1316 saltem
936 1257 1066 1316 alterove
1089 1258 1290 1332 episcoporum
1310 1258 1395 1317 collo·

182 1364 290 1435 mtam,
315 1361 385 1420 licet
409 1359 561 1421 admodum
590 1362 695 1435 exigrm
717 1361 823 1436 fuerit,
853 1367 951 1420 temen
973 1359 1104 1434 proferre
1126 1361 1278 1420 honestum
1298 1361 1395 1438 habui,

182 1465 316 1538 quoniam
346 1481 432 1539 quam
459 1464 622 1525 tardissime
653 1464 690 1524 de
718 1465 832 1524 illorum
854 1465 1021 1524 melioribus
1047 1465 1215 1538 quibusdam
1238 1465 1395 1540 desperan-

181 1567 248 1627 dum
270 1584 334 1628 esse
352 1569 527 1642 judicabam.
572 1569 674 1643 Neque
689 1585 766 1628 nunc
780 1570 843 1642 eJ'us
859 1569 903 1628 rei
921 1585 968 1628 me
988 1569 1127 1644 poenitet.
1172 1569 1295 1629 Frustra
1313 1586 1393 1643 spem

181 1689 294 1733 omnem
316 1673 405 1734 fnisse
427 1691 493 1734 mox
516 1675 658 1748 apparuit.
701 1673 799 1734 Etiam
822 1676 857 1750 ii,
886 1675 947 1750 qui,
969 1691 1054 1748 quum
1073 1675 1126 1734 illa
1147 1675 1320 1750 scriberem,
1349 1675 1393 1733 in·

181 1777 348 1837 fallibilistis
369 1779 419 1851 qni
441 1779 618 1839 vocabantur
639 1779 765 1838 nondum
785 1795 816 1838 se
839 1779 1043 1854 adjunxerant,
1069 1779 1208 1853 deinceps
1230 1785 1393 1838 ceterorum

182 1883 312 1956 exempla
336 1883 429 1943 secuti
452 1889 527 1942 sunt
571 1883 619 1942 Sic
646 1883 684 1942 ad
706 1900 793 1942 unum
816 1899 916 1944 omnes
939 1881 1113 1943 Germaniae
1136 1883 1262 1956 episcopi
1283 1883 1341 1956 illi,
1363 1883 1393 1941 in

181 2002 301 2060 ‹pnorum
329 1988 457 2048 virilibus
484 1987 595 2062 verbis,
621 1989 708 2062 paulo
734 1993 802 2047 ante
829 1987 989 2047 Concilium
1010 1987 1126 2062 publice
1157 1981 1256 2061 mets,
1279 1986 1393 2046 Monta·

181 2091 338 2151 lemhertns
365 2093 474 2166 aliique
502 2093 595 2151 exteri
623 2090 757 2151 fiduciam
784 2099 959 2166 posuerant,
984 2092 1179 2165 turpissimum
1209 2106 1307 2150 coram
1329 2090 1393 2150 Deo

182 2199 212 2253 ct
239 2196 400 2256 bominibus
427 2197 623 2270 spectaculum
653 2195 724 2254 facti
747 2201 821 2254 sunt.
866 2195 971 2270 iidem,
995 2195 1044 2268 qui
1065 2194 1183 2268 Romae,
1205 2211 1292 2268 quum
1314 2193 1395 2266 Papa

181 2301 279 2360 omnia
296 2301 411 2360 saniora
432 2281 553 2360 consilia
573 2301 665 2360 iratus
693 2299 856 2374 derisisset,
892 2315 956 2359 cum
976 2299 1147 2373 Mognntino
1175 2297 1278 2373 ,futuri
1300 2313 1394 2356 rema·

181 2404 219 2462 dii
245 2405 403 2478 quamlibet
428 2405 614 2464 humanam
641 2421 722 2478 spem
744 2404 886 2466 sublatam
911 2404 989 2464 esse‘
1018 2400 1254 2477 praedixerant,²
1279 2401 1392 2475 jamin

181 2510 337 2568 Germania
358 2509 462 2569 laetari
480 2508 661 2584 videbantur,
685 2511 837 2569 ecclesiam
858 2516 924 2584 post
937 2510 1046 2584 Papam
1066 2506 1248 2568 infallibilem
1263 2506 1394 2566 declara·

180 2619 239 2672 tum
272 2613 352 2674 nullo
383 2614 442 2674 alio
476 2629 564 2688 egere
591 2615 729 2675 remedio.
794 2615 848 2686 Qui
878 2614 987 2674 Romae
1018 2614 1114 2688 illum,
1148 2613 1232 2672 strati
1265 2611 1304 2671 ad
1331 2611 1394 2684 cjns

178 2717 281 2792 pedes,
315 2735 352 2779 ne
375 2719 489 2779 novatis
511 2718 598 2778 rebus
622 2719 721 2778 civiles
743 2725 837 2779 motus
862 2720 969 2794 cieret,
992 2719 1202 2793 impensissime
1224 2716 1393 2790 implorave-

179 2805 259 2896 rant,
287 2822 365 2882 hand
392 2823 482 2883 multo
509 2829 575 2898 post
603 2823 741 2898 ejusmodi
770 2824 871 2883 turbas
898 2825 953 2897 ipsi
988 2821 1105 2884 efficere
1133 2837 1303 2895 omnemque
1332 2823 1394 2895 eJus

179 2927 223 2986 rei
249 2927 362 3001 culpam
392 2927 423 2985 in
449 2929 523 2987 solos
551 2928 737 3002 magistratus
763 2935 876 2988 nostros
902 2929 1026 3002 rejicere
1049 2944 1107 2986 non
1128 2925 1313 2988 verebantur.
1359 2925 1393 2983 In

180 3047 215 3091 co
236 3035 349 3090 tantum
371 3031 502 3106 dispares
518 3037 617 3106 crant,
640 3031 715 3106 quod
736 3033 840 3091 saltum
863 3033 944 3090 illum
966 3033 1130 3105 mortalem,
1154 3031 1203 3104 qui
1225 3045 1294 3089 vere
1315 3028 1394 3088 diee-

178 3136 277 3210 batur,
304 3151 368 3194 cum
397 3137 507 3210 maiore
537 3125 588 3195 aut
607 3136 719 3196 minore
741 3135 899 3210 facilitate,
926 3135 1110 3194 festinantius
1138 3139 1191 3196 aut
1213 3133 1394 3192 cunctantius

179 3241 319 3300 fecerunt.
363 3239 458 3300 Erant
480 3242 542 3300 sine
562 3241 667 3316 dnbio,
701 3242 750 3314 qui
770 3257 828 3300 non
849 3240 913 3298 sine
935 3240 1025 3298 mullo
1047 3239 1147 3298 labore
1170 3243 1201 3296 et
1219 3237 1308 3302 animi
1329 3253 1393 3294 cru·

179 3344 257 3403 eiatn
285 3360 388 3404 novam
417 3359 570 3418 personam
593 3363 610 3404 a
633 3347 716 3405 cuma
737 3345 792 3405 sibi
815 3345 977 3419 impositam
999 3343 1188 3417 susciperent.
1233 3341 1314 3400 Alios
1334 3346 1392 3399 tam

178 3447 315 3506 celeriter
343 3447 421 3507 idem
448 3450 629 3522 praestitisse
656 3456 784 3524 constat,
812 3454 845 3508 nt
873 3449 944 3508 nihil
974 3448 1159 3523 injucundum
1186 3463 1221 3507 ac
1239 3446 1391 3506 molestum

148 3551 276 3612 'facere
305 3551 483 3628 viderentur,
512 3554 568 3613 nisi
599 3553 674 3614 forte
704 3555 768 3629 ipsa
795 3538 983 3614 festinatione
1012 3554 1169 3613 mordentis
1197 3551 1392 3612 conscientiae

179 3671 277 3716 vocem
299 3655 494 3717 suffocandam
517 3658 664 3732 putabant.

264 3761 346 3820 Inter
382 3762 596 3823 cunctabundus
629 3765 714 3838 longe
752 3763 1000 3837 praeclarissimus
1039 3763 1127 3822 etiam
1163 3761 1240 3837 apud
1277 3771 1393 3823 extores

178 3863 449 3926 Sumalocennensis
479 3868 539 3927 sive
564 3868 826 3942 Rottcnburgansis
854 3869 1006 3942 opiscopus
1037 3873 1108 3927 erat.
1154 3867 1210 3925 Hic
1237 3868 1393 3926 accuratis-

177 3968 249 4027 sinra
269 3969 406 4030 historiae
429 3972 534 4031 notitia
562 3973 660 4046 umus,
687 3987 774 4046 qnam
796 3972 978 4046 permultos
1001 3987 1092 4031 annos
1113 3975 1216 4029 uectus
1238 3977 1315 4044 crat,
1342 3969 1393 4029 ad·

176 4074 370 4134 versariorum
389 4075 501 4136 fabulas
529 4091 564 4134 ac
586 4075 750 4152 mendacia,
779 4093 832 4150 pro
854 4092 927 4136 novo
950 4076 1085 4150 dogmate
1108 4073 1247 4148 conficta,
1270 4075 1392 4135 Suevica

176 4175 354 4238 liberalitate
383 4185 413 4238 ct
440 4179 588 4239 hilaritate
615 4185 675 4240 tam
703 4180 819 4240 fortiter
845 4180 876 4238 in
899 4179 1028 4238 Concilio
1049 4179 1168 4252 repulit,
1200 4183 1232 4236 nt
1262 4177 1300 4237 de
1322 4195 1392 4238 scn-

176 4280 270 4338 tentia
295 4282 400 4343 cedere
427 4285 474 4342 vix
496 4301 621 4358 unquam
650 4301 735 4358 posse
759 4280 933 4344 videretur.²
976 4281 1108 4356 Epistola
1126 4283 1206 4341 illinc
1228 4281 1297 4342 dati
1318 4283 1392 4340 haec

178 4434 432 4443 *ffl-,

266 4522 292 4586 1)
311 4519 381 4570 Lord
401 4522 483 4572 Acten
500 4523 518 4574 l.
538 4541 558 4572 c.
579 4539 603 4587 p.
624 4531 646 4575 6.

269 4609 295 4674 h)
315 4608 352 4659 Of.
370 4607 523 4674 Friedrich,
542 4611 679 4676 Tagebuch
697 4613 813 4664 wdhrend
832 4611 877 4664 dos
897 4611 1095 4664 Vaticanischen
1114 4607 1215 4660 Concils
1235 4623 1259 4671 p.
1273 4613 1321 4658 rto
1335 4623 1355 4656 s.
