3194 5042
250 253 302 306 144
792 253 879 308 em
898 250 931 306 Υ.

248 347 653 354 -οῇ--ς--ψ--ῌ
664 347 717 354 --..
725 348 908 354 -.--....-.-

248 455 370 514 ductum
401 473 469 516 esse
499 456 587 516 166116
617 456 801 515 crediderim
850 454 968 532 Quippe
998 455 1110 532 ingenii
1141 455 1203 514 rim
1235 474 1306 516 rere
1337 456 1495 530 divinam,

248 581 324 641 quae
346 563 429 623 relut
453 563 684 642 inexsuperabili
711 563 812 622 indole
839 581 893 622 sna
919 563 957 622 ad
983 563 1127 622 actionem
1154 569 1185 622 et
1211 563 1381 624 efficaciam
1409 565 1496 624 fere·

248 671 346 746 baon,
369 671 476 748 partim
494 672 558 730 dira
576 671 706 748 corporis
724 670 814 744 mala,
837 671 944 748 partim
963 671 1109 732 malifiosa
1130 689 1165 730 ac
1183 671 1305 748 stupida
1324 671 1495 731 hominurn

247 779 314 838 odia
336 779 535 855 impediebant
561 787 591 838 et
618 779 830 855 opprimebant.
875 777 980 856 Neque
1002 779 1156 852 miramur,
1182 779 1260 856 quod
1287 777 1357 853 ille,
1389 799 1493 857 quum

248 887 388 946 coecitate
412 886 444 946 in
466 887 711 962 angrrstissimum
739 885 885 945 sentiendi
908 891 938 946 61
959 886 1132 945 obserandi
1155 886 1240 964 quasi
1263 885 1415 946 circulum
1441 888 1493 946 in-

247 993 350 1054 clusus
368 999 460 1069 essct,
483 994 613 1070 ingentis
635 994 784 1053 coelorum
807 994 896 1070 spatii
918 993 1086 1053 recordatus
1108 998 1167 1066 est,
1189 1011 1316 1071 quorum
1335 994 1493 1054 miracula

247 1101 417 1160 mortalium
435 1101 531 1161 oculis
550 1103 615 1180 ipse
633 1101 747 1178 primus
766 1102 960 1178 patefecisset
989 1099 1102 1160 Verum
1116 1119 1185 1160 mox
1200 1119 1253 1178 per
1265 1119 1490 1162 amanuensem

248 1209 378 1270 Castello
405 1227 460 1269 suo
486 1210 610 1268 verbum
637 1209 712 1267 illud
741 1209 874 1286 scripsit,
906 1208 992 1284 cujus
1023 1208 1073 1268 hic
1104 1207 1173 1285 plus
1205 1208 1297 1268 semel
1326 1211 1489 1269 meminit:

248 1317 312 1393 ‚Sic
334 1317 431 1395 placet
454 1317 529 1392 Deo,
558 1317 601 1376 sic
628 1317 714 1376 nobis
741 1335 858 1394 quoque
885 1316 1001 1393 placere
1022 1315 1146 1375 debet‘¹
1190 1315 1324 1376 Eandem
1347 1323 1488 1377 mentem

244 1425 308 1501 jam
334 1429 420 1484 antea
442 1429 509 1502 post
531 1423 696 1484 exantlatas
723 1429 821 1483 166166
849 1424 1002 1482 hominum
1029 1423 1202 1483 acerbitates
1228 1429 1258 1482 et
1283 1423 1489 1501 indignitates

247 1533 492 1609 comprobaverat.
531 1531 597 1590 lam
619 1538 691 1591 tunc
709 1531 859 1592 Fabricius
882 1532 919 1590 de
937 1531 1067 1606 Peircse,
1091 1549 1179 1608 quem
1197 1549 1251 1609 pro
1269 1549 1304 1591 eo
1324 1531 1487 1592 liberando

249 1641 359 1699 frustra
387 1639 535 1699 laborasse
562 1639 706 1714 (11611666,
738 1639 894 1716 epistolam
926 1640 963 1699 ab
989 1657 1024 1698 eo
1049 1645 1198 1716 acceptam
1229 1645 1264 1698 ut
1292 1640 1486 1717 praeclanrm
1581 1697 1582 1712 ,

248 1753 435 1824 recuperatae
461 1746 551 1806 animi
574 1747 731 1824 aequitatis
754 1753 784 1807 61
806 1747 1009 1824 philosophiae
1031 1746 1209 1807 christianae
1232 1747 1408 1824 exemplum
1433 1749 1486 1808 ad-

249 1855 374 1914 miratus
402 1859 461 1930 est;
494 1853 607 1914 addidit
635 1872 668 1914 se
694 1854 799 1915 intimo
830 1855 917 1914 corde
944 1859 1056 1932 optare,
1088 1858 1123 1913 61
1148 1854 1264 1914 interna
1295 1855 1429 1916 felicitas
1456 1857 1486 1916 ei
1581 1833 1582 1846 ἵ

248 1969 391 2038 maneret,
424 1967 558 2036 externa,
594 1961 711 2040 quando
742 1962 872 2040 placeret
903 1961 1020 2021 divinae
1051 1961 1211 2038 majestati,
1242 1963 1485 2023 restitueretur.²

247 2069 351 2148 Neque
378 2071 509 2148 prolecto
531 2068 686 2147 epistolam
713 2069 808 2144 illam,
836 2070 984 2146 adquam
1006 2069 1078 2130 talia
1099 2070 1263 2147 respondit,
1291 2075 1480 2147 posterorum

248 2179 387 2238 memoria
414 2177 632 2254 dignissimam,
660 2177 752 2236 nimia
779 2176 866 2236 laude
894 2177 1015 2236 ornavit
1061 2177 1130 2236 Illic
1156 2177 1296 2236 nimirum
1325 2177 1483 2238 Galilaeus
1581 2245 1582 2248 Ἴ

247 2303 316 2345 cum
343 2285 505 2362 gratissimi
528 2303 598 2361 erga
620 2284 748 2344 amicum
776 2283 866 2343 animi
894 2283 1109 2360 significatione
1130 2284 1271 2359 declarat,
1299 2285 1482 2346 adversariis
1581 2283 1582 2324 ἶ

248 2411 365 2471 quoque
384 2411 416 2453 se
434 2393 558 2469 gratiam
578 2391 696 2466 habere,
719 2397 821 2469 utpote
839 2391 890 2469 qui
909 2391 1007 2450 allatis
1026 2391 1083 2452 sibi
1106 2397 1150 2452 tot
1168 2392 1361 2452 incommodis
1386 2394 1482 2454 semel

248 2519 338 2560 musa
360 2501 471 2560 fuerint
493 2499 659 2560 dulcissimi
683 2499 793 2574 solatii,
821 2499 898 2577 quod
923 2499 1054 2560 hauserit
1081 2517 1118 2558 ex
1146 2499 1375 2576 generosissimo
1402 2503 1481 2560 tanti

247 2607 304 2666 riri
328 2607 438 2684 studio;
462 2608 499 2666 ab
517 2607 658 2667 ccclesiae
677 2625 745 2667 vero
764 2607 1007 2684 gubernatoribus
1025 2613 1144 2685 propter
1162 2607 1258 2685 ipsam
1277 2607 1481 2668 innocentiam

248 2732 332 2774 suam
356 2713 433 2772 nihil
457 2731 488 2774 se
511 2732 629 2791 sperare
652 2731 751 2790 posse,
774 2714 844 2774 illos
863 2714 942 2774 enim
957 2715 1019 2791 jam
1037 2719 1106 2774 ante
1125 2714 1180 2774 hos
1203 2714 1363 2776 octodecim
1383 2733 1480 2775 annos

247 2821 284 2881 ob
302 2820 505 2898 ignorantibus
524 2819 693 2880 hominibus
716 2822 771 2880 sub
794 2821 947 2898 religionis
970 2827 1125 2900 praetextu
1142 2822 1280 2899 deceptos
1298 2822 1388 2882 latam
1407 2841 1479 2882 con-

247 2933 348 2990 traso
371 2928 513 3006 injustam
536 2928 714 2988 sententiam
740 2929 890 2990 mordicus
912 2934 1025 3004 tenere,
1053 2947 1091 2990 nc
1113 2929 1228 2990 scilicet
1254 2931 1354 3006 agnita
1380 2929 1479 3008 ipsius

247 3035 415 3098 innocentia
437 3036 524 3097 eu'am
548 3035 626 3096 male
649 3053 681 3096 se
701 3035 847 3112 judicium
871 3037 1039 3097 exercuisse
1061 3055 1220 3113 agnoscere
1242 3037 1380 3115 debeunt;
1409 3056 1477 3115 pro

247 3149 347 3223 pterea
370 3163 436 3206 sese
458 3145 494 3204 ab
517 3143 746 3222 Inquisitoribus
765 3145 870 3222 quovis
889 3161 980 3222 passu
998 3145 1139 3204 custodiri
1162 3149 1192 3204 et
1209 3145 1370 3220 observari,
1394 3147 1476 3205 omni

247 3251 338 3314 libros
366 3253 472 3313 edendi
495 3257 640 3330 potestate
662 3252 785 3330 privari,
813 3251 941 3329 denique
964 3252 1122 3329 quominus
1150 3257 1251 3312 contm
1273 3251 1407 3312 homines
1429 3253 1475 3312 in-
1579 3291 1580 3300 ι

248 3361 324 3421 66166
348 3361 384 3420 dc
407 3361 495 3420 rebus
518 3377 597 3420 mere
620 3359 803 3422 naturalibus
826 3363 924 3436 ipsum
949 3359 1197 3420 calumniantibus
1220 3365 1250 3420 et
1272 3359 1474 3420 deridentibus

248 3484 281 3526 66
308 3467 446 3526 defendat
472 3467 633 3545 prohiberi;
663 3466 856 3526 nihilominus
883 3466 942 3526 duo
969 3467 1080 3544 majora
1106 3485 1195 3544 quam
1222 3467 1290 3545 quis
1317 3467 1474 3528 crediderit

248 3571 352 3634 solatia
375 3572 431 3632 sibi
454 3591 532 3648 6666,
565 3574 691 3634 alterurn
718 3574 796 3652 quod
818 3573 957 3651 perlectis
980 3574 1100 3651 seriptis
1122 3575 1185 3634 suis
1208 3593 1294 3635 nemo
1317 3575 1365 3634 vel
1386 3575 1472 3635 levis-

248 3681 353 3741 simam
376 3681 509 3740 umbram
533 3681 709 3741 inventurus
737 3681 776 3740 sit
798 3698 897 3741 rerum
920 3699 937 3740 6
959 3681 1069 3758 6161616
1097 3686 1127 3742 61
1148 3701 1166 3741 6
1189 3687 1307 3742 sanctae
1334 3682 1472 3743 ccclesiae

246 3788 410 3850 reverentia
432 3787 658 3863 declinantium,
681 3787 808 3848 alterum
826 3788 858 3848 in
875 3788 1055 3848 conscientia
1073 3807 1127 3848 sua
1144 3788 1287 3866 positum,
1311 3808 1386 3868 quae
1404 3807 1470 3868 qua-

246 3895 286 3956 lis
309 3897 349 3956 sit
372 3895 453 3956 solus
480 3896 546 3973 ipse
569 3895 643 3955 sciat
669 3895 701 3955 in
724 3901 800 3956 terra
828 3901 858 3956 61
880 3895 961 3956 Deus
988 3895 1021 3955 in
1045 3896 1140 3973 coclo;
1172 3914 1301 3975 namque
1323 3897 1355 3955 in
1377 3915 1413 3958 ca
1433 3916 1469 3972 re,

246 4009 366 4081 propter
393 4021 481 4082 quam
509 4007 552 4064 tot
584 4003 641 4062 sibi
672 4002 750 4062 mala
777 4003 928 4063 toleranda
954 4003 1028 4078 sint,
1059 4003 1169 4064 multos
1196 4004 1322 4065 fortasse
1349 3993 1383 4064 sc
1409 4005 1468 4082 ipso

246 4111 361 4172 doctius
389 4111 485 4187 egisse
513 4116 543 4171 et
570 4109 683 4170 locutos
711 4128 789 4185 cssc,
822 4110 971 4170 neminem
1002 4111 1091 4170 etium
1121 4111 1200 4171 inter
1226 4117 1344 4172 sanctos
1371 4111 1467 4172 Patres

247 4217 390 4279 sanctiore
413 4218 576 4279 intentione
599 4217 760 4294 61666616
782 4217 924 4278 ecclesiae
947 4217 1075 4278 studio.⁸

354 4393 380 4464 1)
400 4389 486 4462 Opera
505 4391 531 4447 di
550 4391 606 4447 Gal.
630 4389 659 4448 X
677 4391 737 4448 280.
753 4392 813 4448 310.

353 4482 380 4550 ⁴2)
399 4481 501 4536 Ibidem
519 4481 546 4536 X
564 4481 635 4536 8116.

353 4571 381 4638 3)
399 4570 501 4624 Ibidem
519 4569 654 4638 Supplem.
674 4587 699 4639 p.
715 4571 763 4624 361
783 4586 818 4626 ss.
