3188 5086
686 292 778 342 (larus
794 293 829 344 11.
1330 291 1365 344 95

149 507 279 579 ingentis
304 505 450 580 incendii,
478 523 535 579 quo
563 506 691 565 excitato
716 505 825 566 Caesar
856 506 906 565 ille
930 505 1098 565 condendae
1122 505 1203 564 urbis
1224 521 1316 564 novae
1339 513 1371 563 et

150 627 203 670 suo
225 610 397 682 cognomine
418 609 611 683 appellandae
633 611 755 685 gloriam
775 611 951 683 quaesivisse
971 610 1131 672 dicebatur.
1177 609 1232 681 Qui
1254 611 1368 682 culpam

149 715 182 772 in
214 712 395 772 Christianos
428 713 587 772 transferre
621 712 730 772 frustra
764 715 903 788 tentavit,
938 715 1073 786 quoniam
1107 715 1247 772 memoria
1285 719 1367 772 tene-

150 818 258 876 bantur
297 817 407 891 omnis,
449 833 638 890 quaecunque
672 815 815 890 flagrante
851 816 923 876 urbe
961 819 1009 876 vel
1043 817 1106 890 ipse
1134 816 1247 876 fecerat
1281 823 1368 890 atque

150 921 282 994 dixerat,
305 920 353 980 vel
375 921 426 978 alii
450 923 513 994 ejus
535 923 650 980 nomine
672 927 929 995 perpetraverantq
952 939 988 980 ex
1009 922 1105 980 animo
1127 937 1186 978 non
1200 920 1369 998 exciderant

151 1026 274 1084 crebrae
296 1026 452 1084 multorum
471 1026 568 1084 minae
584 1026 768 1099 restinguere
790 1027 1021 1100 prohibentium,
1043 1026 1164 1084 aliorum
1178 1025 1273 1098 palam
1288 1023 1369 1083 iaces

147 1131 321 1204 jacientium
349 1129 456 1203 verba,
482 1129 586 1202 quibus
608 1145 674 1188 esse
697 1130 752 1188 sibi
774 1136 923 1188 auctorem
945 1128 1097 1188 vociferati
1119 1135 1211 1188 erant.
1256 1130 1369 1205 Itaque,

150 1241 183 1290 nt
211 1232 333 1292 Tacitus
361 1233 416 1306 ait,
450 1248 525 1306 ,non
553 1249 610 1306 ope
638 1233 763 1292 humano
789 1239 838 1292 aut
867 1233 962 1292 Deum
991 1234 1180 1306 placamentis
1208 1232 1372 1292 decedebat

150 1337 285 1411 infamia,
320 1337 390 1409 quin
418 1339 531 1410 jussum
568 1337 734 1396 incendium
769 1335 979 1396 crederetur.‘¹
1023 1337 1077 1395 His
1104 1335 1236 1396 omnibus
1262 1337 1370 1396 similia
1435 1378 1438 1386 .

150 1439 360 1513 quodammodo
386 1441 417 1498 in
445 1457 482 1500 ea
511 1440 595 1499 clade
628 1442 842 1516 conspeximus,
869 1458 927 1516 qua
955 1440 992 1500 ab
1023 1441 1097 1500 urbe
1119 1440 1212 1501 Roma
1237 1441 1370 1516 prolecta

151 1560 258 1618 magna
280 1559 349 1616 pars
372 1545 513 1604 ecclesiae
535 1549 651 1604 vastata
674 1553 727 1604 est.
771 1545 891 1604 Interea
912 1543 1063 1620 Pontifex,
1085 1553 1249 1620 susceptam
1270 1563 1370 1620 perso-

152 1664 219 1706 nam
241 1649 320 1706 semo
341 1649 464 1722 agebat3
486 1649 657 1708 atrocissimi
680 1649 807 1708 incendii
830 1655 987 1724 spectator,
1006 1649 1139 1724 tragoedi
1160 1651 1253 1708 instar
1272 1649 1370 1709 decla·

154 1754 273 1827 mitaris,
296 1753 377 1824 quasi
398 1754 463 1826 ipse
486 1759 530 1812 tot
553 1753 704 1812 ruinarum
728 1755 826 1812 insons
842 1758 935 1828 esset,
957 1753 1030 1812 alios
1051 1754 1272 1828 criminabatur;
1295 1755 1371 1813 solos

155 1854 336 1915 Christianos
367 1857 551 1930 evangelicos
586 1857 696 1930 ignium
724 1865 859 1917 auctores
886 1875 951 1916 esse
974 1859 1123 1932 Jactabat3
1151 1859 1371 1932 integerrimum

155 1959 332 2019 Germaniae
359 1961 565 2034 imperatorem
591 1967 625 2020 ut
654 1962 796 2020 ecclesiae
823 1967 998 2021 vastatorem
1028 1963 1151 2036 primum
1179 1979 1243 2020 cum
1272 1963 1370 2022 Nebn-

155 2065 332 2139 cadnezare,
359 2064 465 2124 deinde
493 2082 558 2124 cum
580 2067 673 2125 Attila
694 2067 907 2140 aequiparavit;
938 2066 1005 2124 dum
1033 2068 1095 2138 ipse
1117 2072 1253 2138 quantum
1275 2071 1372 2139 potest

154 2167 282 2228 amanda
310 2170 545 2242 probissimorum
573 2171 720 2230 bominum
750 2153 957 2244 persecutione
984 2171 1175 2230 conscientias
1196 2168 1317 2229 flectere
1341 2177 1372 2230 et

154 2288 341 2347 corrumpere
368 2273 481 2348 studet,
510 2273 569 2332 noir
595 2276 685 2333 solum
698 2257 745 2334 'de
763 2275 967 2348 persecutione
994 2273 1050 2331 sibi
1075 2279 1106 2332 et
1124 2274 1268 2332 ecclesiae
1289 2274 1372 2332 illata

155 2378 342 2451 querebatur,
383 2393 484 2437 verum
526 2379 615 2436 etiam
651 2379 688 2438 ab
723 2379 922 2437 adulatoribus
959 2394 1024 2436 cnm
1057 2377 1170 2436 Christo
1201 2378 1372 2436 innocenter

154 2483 287 2554 patiente
310 2497 342 2540 se
366 2482 528 2556 comparari
550 2482 678 2556 sinebat;
699 2500 787 2556 quum
807 2483 839 2542 in
860 2481 1091 2556 splendidissimo
1112 2483 1221 2557 palatio
1241 2483 1371 2542 omnibus

156 2587 234 2644 vitae
257 2587 481 2644 amoenitatibus
502 2593 533 2645 et
554 2587 723 2660 plenissima
744 2587 869 2646 exeundi
883 2587 1082 2662 redeundique
1105 2587 1241 2646 libertate
1260 2587 1372 2647 fruere·

156 2697 213 2764 tur,
241 2695 342 2748 tamen
372 2691 519 2764 captivum
540 2706 572 2748 se
597 2707 662 2750 esse
685 2692 820 2764 imperito
843 2693 928 2766 vulgo
950 2692 1142 2766 persuadere,
1172 2693 1258 2752 immo
1280 2693 1372 2750 incul-

158 2809 227 2852 care
249 2792 417 2852 conabatur.
462 2795 548 2852 Hunc
570 2795 661 2869 igitur
675 2796 782 2869 virum,
801 2795 873 2853 licet
887 2797 1017 2870 invitum,
1040 2797 1183 2854 ecclesiae
1198 2801 1373 2855 vastatorem

158 2897 267 2956 iactum
298 2913 380 2972 ease,
406 2899 522 2973 integra
550 2899 673 2958 historia
695 2897 814 2958 infitiari
835 2916 981 2974 nunquam
1001 2901 1128 2976 poterit;
1154 2917 1229 2974 quae
1250 2901 1373 2960 meliora

157 3003 189 3059 in
218 3018 254 3061 eo
284 3001 402 3061 luerunt
428 3019 516 3077 supra
542 3004 699 3078 innuimus,
728 3005 856 3063 libenter
885 3005 1051 3080 accepturi,
1074 3005 1211 3078 quidquid
1233 3005 1373 3077 ejusmodi

158 3106 226 3164 addi
253 3109 321 3179 jure
351 3107 388 3165 ab
418 3108 484 3166 aliis
506 3109 629 3183 poterit;
659 3109 745 3167 etiam
775 3109 806 3166 id
835 3109 906 3166 satis
928 3108 1053 3166 dilucide
1076 3107 1315 3182 significavimus,
1342 3109 1373 3164 in

157 3209 240 3270 fatali
265 3212 331 3270 loco
357 3213 483 3284 positam
514 3229 580 3271 eum
617 3229 676 3273 non
703 3213 791 3272 insita
819 3213 930 3270 malitia
959 3211 1012 3272 sed
1038 3212 1167 3270 vanitate
1197 3211 1322 3284 quadam
1343 3221 1373 3270 et

159 3314 360 3373 imbecillitate
391 3317 509 3389 tyramri
533 3316 658 3387 Romani
685 3322 786 3390 partes
815 3311 983 3374 obtinuisse.
1027 3315 1082 3386 oui
1116 3331 1185 3374 vero
1213 3318 1276 3390 jam
1308 3317 1372 3374 vivo

103 3495 107 3502 ι
160 3419 260 3492 Magni
282 3435 442 3493 cognomen
464 3421 573 3480 addere
595 3423 659 3480 ausi
683 3427 749 3480 sunt
775 3413 845 3500 (quo
871 3421 980 3480 bonore
1008 3423 1071 3495 ipse
1097 3419 1216 3496 dignum
1242 3437 1274 3479 se
1297 3422 1375 3494 apud

159 3530 292 3595 posteros
322 3526 385 3584 l'ore
420 3521 555 3607 putabat)
593 3527 698 3599 quique
734 3527 871 3585 traditam
909 3527 1153 3608 superstitionem,
1174 3527 1267 3584 secuti
1300 3543 1374 3585 mor·

160 3635 241 3686 tuum
263 3645 329 3687 eum
351 3628 582 3706 beatificatione,
613 3647 699 3704 quam
721 3631 838 3705 dicunt,
860 3632 907 3688 vel
928 3632 1146 3690 canonizatione
1169 3630 1287 3704 dignum
1310 3647 1374 3688 esse

160 3739 325 3808 susurrant,
351 3735 412 3794 sive
432 3721 548 3794 ⁴Romae
575 3735 684 3808 aliquid
711 3737 948 3809 impetraverint,
978 3737 1039 3794 sive
1068 3736 1215 3808 repulsam
1244 3735 1374 3806 tulerint,
1446 3743 1449 3749 ’

159 3853 275 3910 semper
306 3845 357 3896 aut
383 3845 504 3913 propter
533 3839 727 3899 adulationem
754 3841 976 3914 despicatissimi
1005 3847 1058 3898 aut
1077 3844 1197 3912 propter
1218 3839 1374 3896 amentiam

160 3943 276 4002 ridiculi
298 3945 465 4004 manebunt.

248 4047 301 4106 Pio
322 4064 398 4108 nono
421 4049 495 4108 alius
510 4049 644 4110 Pontifex
666 4051 807 4110 successit
828 4051 914 4125 longe
937 4050 1037 4124 dispar
1048 4047 1145 4108 indole
1160 4047 1373 4122 multarumque

159 4169 260 4212 rerum
289 4155 471 4228 experientia
498 4155 554 4213 sibi
576 4156 632 4230 ipsi
654 4157 799 4229 imperare
821 4157 931 4214 doctus.
977 4157 1081 4227 Quem,
1110 4155 1275 4227 priusquam
1297 4153 1374 4213 iutu-

158 4273 222 4316 ram
251 4274 391 4316 summam
423 4261 486 4333 ejus
514 4260 546 4318 in
577 4262 702 4320 ecclesia
736 4261 908 4334 dignitatem
939 4262 1004 4334 quis
1040 4260 1229 4329 divinaverit,
1262 4259 1375 4332 Bonglri

158 4363 317 4438 quondam,
339 4363 420 4422 nimii
439 4379 511 4438 erga
532 4365 699 4426 sacerdotes
715 4365 821 4424 laveris
836 4383 983 4440 nunquam
999 4369 1159 4439 suspectus,
1178 4372 1211 4424 ut
1226 4365 1374 4437 egregium

249 4585 276 4653 2)
294 4583 378 4635 Taciti
396 4585 507 4636 Annales
526 4585 587 4649 XV,
606 4591 731 4637 dss—ll.
