3202 5058
281 293 316 346 50
767 291 870 340 Pons-rs
888 291 1005 342 Paroraia

279 506 423 565 mendacii
453 505 589 563 convictis
616 503 763 563 conlidens
792 507 823 562 in
859 503 961 563 eadem
992 504 1071 562 bulla
1104 503 1250 578 declarat,
1285 519 1333 576 ‚se
1361 505 1393 562 in
1415 504 1499 562 Petri

279 609 413 668 naucula
441 609 567 668 adsiduis
593 607 757 668 turbinibus
785 608 896 681 agitata
926 615 956 666 et
985 623 1125 667 concussa
1152 609 1324 666 collocatum
1356 624 1498 681 respuere

280 730 338 772 non
364 729 449 786 posse
479 717 614 786 expertos
642 717 674 771 et
702 711 812 770 validos
836 711 885 784 qui
908 726 940 770 se
961 711 1086 770 offerent
1112 712 1238 786 remiges
1260 711 1298 770 ad
1320 709 1499 786 frangendos

281 814 383 874 flnctus
406 817 517 890 pelagi,
545 815 730 890 naufragium
757 815 864 874 sibiet
886 816 1005 874 exitium
1026 815 1126 887 quovis
1148 821 1294 876 momento
1316 815 1499 876 minitantis‘

278 919 359 978 llaec
391 920 507 993 scripsit
538 919 650 978 seilicet
676 918 779 978 eodem
808 935 900 992 anno,
930 935 986 992 quo
1016 935 1074 978 uno
1102 920 1199 978 animo
1221 935 1321 978 omues
1344 920 1495 978 monarchi

278 1024 443 1097 christiani,
466 1025 556 1082 etiam
578 1023 792 1097 Protestantes‚
815 1023 931 1096 urbem,
955 1029 1077 1096 terram,
1099 1023 1223 1082 honores
1246 1023 1273 1083 ei
1296 1022 1496 1085 reddiderant.

277 1129 329 1188 His
351 1129 441 1201 igitur
459 1127 590 1187 omnibus
611 1127 708 1186 invitis
730 1120 769 1208 (si
790 1143 890 1200 regem
910 1127 1070 1200 Hispaniae
1086 1133 1117 1186 et
1137 1129 1254 1201 regulos
1274 1127 1413 1201 quosdam
1435 1129 1496 1186 lta·

279 1233 336 1292 bae
367 1225 527 1312 excipias),
554 1233 724 1290 societatem
753 1231 833 1290 illam
854 1231 984 1290 restituit
1011 1237 1042 1291 et
1063 1231 1233 1304 quibuscum
1254 1247 1356 1306 pacem
1383 1232 1496 1292 babere

277 1343 399 1410 propter
421 1341 465 1395 tot
491 1340 645 1410 mnusque
670 1352 772 1395 causas
797 1335 939 1410 debebat,
971 1337 1008 1394 iis
1031 1335 1166 1395 hostilem
1189 1353 1221 1396 se
1250 1335 1394 1410 praebuit
1431 1337 1497 1397 lde-

278 1442 399 1500 moriam
433 1441 602 1500 nobilissimi
631 1440 806 1514 decessoris,
840 1439 998 1500 Clementis
1025 1439 1120 1515 XIV„
1152 1441 1274 1514 pedibus
1305 1442 1495 1500 conculcavit.

277 1545 334 1603 llic
360 1561 423 1604 cum
442 1545 562 1604 Jesuitis
590 1545 698 1603 nullam
725 1561 824 1604 veram
853 1549 884 1604 et
912 1543 1078 1604 diuturnam
1099 1561 1203 1618 pacem
1225 1546 1257 1603 in
1280 1545 1405 1605 ecclesia
1428 1563 1495 1606 esse
1522 1575 1525 1580 ·

277 1665 361 1722 posse
384 1648 593 1708 declaraverat.
637 1647 706 1706 Pius
726 1648 788 1706 Vll.
811 1665 868 1707 non
891 1653 1004 1708 tautum
1026 1649 1180 1723 remigium
1203 1649 1256 1708 sed
1280 1651 1368 1708 etiam
1387 1651 1495 1724 guber-

276 1753 410 1813 naculum
425 1754 567 1812 ecclesiao
582 1769 679 1812 coram
696 1753 766 1812 orbe
786 1753 889 1812 iisdem
912 1754 1039 1813 tradidit.
1085 1754 1188 1814 Utrum
1204 1753 1339 1814 Clemens
1360 1771 1398 1812 an
1422 1755 1493 1814 Pius

275 1858 312 1917 de
346 1857 409 1916 istis
452 1858 603 1916 naviculae
637 1857 717 1916 Petri
751 1856 990 1930 gubernatoribus
1023 1860 1132 1918 metius
1162 1859 1356 1931 judicaverit,
1393 1857 1494 1919 lutura

277 1970 409 2036 tempora
430 1963 549 2034 clarius,
569 1976 654 2034 quam
676 1962 773 2020 multis
796 1960 918 2022 fortasse
942 1967 1054 2036 gratum
1079 1964 1150 2036 erit,
1177 1962 1413 2022 manifestabunt
1458 1965 1492 2024 ld

272 2071 334 2142 jam
367 2084 443 2126 nunc
472 2072 610 2141 apparet,
643 2066 712 2125 inde
748 2067 786 2126 ab
815 2081 892 2125 anno
921 2067 972 2126 illo
1002 2068 1192 2126 restitutionis
1222 2069 1368 2140 basaltes,
1403 2087 1493 2142 quum

275 2173 368 2234 modo.
382 2173 413 2232 in
435 2173 530 2230 varias
553 2177 647 2230 terras
670 2176 728 2230 tam
748 2172 941 2244 pervicaciter
964 2188 1050 2244 qnam
1073 2172 1177 2232 callide
1199 2173 1378 2247 irreperent,
1406 2173 1491 2232 modo

274 2278 399 2350 turpiter
427 2276 495 2336 inde
526 2276 748 2349 repellerentur,
776 2281 965 2350 tempestates
995 2277 1095 2348 quales
1118 2276 1252 2336 Clemens
1274 2276 1352 2335 XIV.
1375 2278 1492 2336 dixerat

274 2398 389 2454 semper
403 2381 633 2439 vehementiores
649 2381 799 2438 excitasse.
829 2379 938 2438 Minae
953 2397 1023 2440 vero
1046 2381 1082 2439 ab
1102 2387 1222 2454 arrepto
1243 2382 1394 2440 manedac
1408 2382 1490 2440 Petri
1580 2403 1581 2406 ¹

274 2485 468 2558 gubernaculo
497 2489 611 2543 ceteros
640 2499 741 2543 omnes
762 2484 855 2557 magis
874 2485 1023 2559 magisque
1046 2483 1252 2560 detruserunt,
1279 2501 1332 2544 sua
1354 2486 1492 2560 dogmata

274 2588 376 2648 iraude
405 2605 439 2647 ac
461 2589 490 2646 vi
513 2587 655 2648 eeclesiae
678 2586 847 2647 Pontificius
870 2589 1081 2663 imposuerunt,
1109 2591 1204 2663 ipsum
1226 2589 1429 2650 Pontificatum
1450 2593 1491 2650 ad

274 2694 364 2752 letale
390 2693 499 2752 bellum
525 2693 660 2750 universo
689 2709 761 2751 aevo
783 2698 881 2752 nostro
911 2695 1030 2767 ejusque
1060 2695 1106 2753 vel
1130 2695 1386 2766 praestantissimis
1406 2697 1490 2753 insti-

273 2799 342 2856 tutis
365 2813 400 2856 ac
420 2796 547 2856 nmribus
570 2795 754 2854 indicendum
774 2799 965 2870 pellexerunt.

358 2903 418 2960 Hos
453 2902 542 2974 igitur
570 2901 705 2974 diximus,
740 2919 826 2974 quum
862 2901 1086 2976 abjectissimum
1117 2903 1266 2963 servitutis
1298 2905 1425 2963 animum
1455 2906 1488 2962 in

274 3007 399 3066 ecclesis
428 3021 480 3064 sua
505 3005 740 3079 disseminarent,
768 3004 821 3064 sub
844 3005 896 3065 Pio
924 3023 1015 3080 nono,
1046 3007 1094 3079 qni
1121 3007 1185 3080 ipse
1216 3007 1313 3068 indole
1343 3009 1488 3082 benignus

273 3117 350 3185 erat,
377 3111 466 3169 etism
488 3109 599 3182 aliquid
621 3109 797 3169 Tiberianae
823 3110 964 3169 saevitiae
994 3110 1031 3168 ob
1058 3109 1204 3170 hominum
1227 3113 1324 3170 oculos
1347 3113 1489 3186 posuisse.

272 3216 353 3288 Quod
381 3231 466 3274 nemo
495 3213 674 3288 infitiabitur,
706 3215 755 3288 qui
787 3214 959 3288 praesentia
987 3231 1086 3273 eorum
1108 3211 1238 3274 facinora
1257 3232 1321 3274 cum
1344 3219 1489 3289 praeteri-

270 3321 322 3393 tis,
341 3335 416 3392 quae
439 3336 527 3392 supra
548 3318 750 3392 indicavimus,
780 3319 947 3392 incorrupte
970 3319 1133 3378 contulerit.
1179 3318 1320 3378 Fusornm
1342 3321 1488 3394 quondam

271 3422 419 3494 sanguinis
440 3420 588 3480 fluminum
606 3439 638 3480 se
661 3424 838 3495 poenituisse
860 3437 1006 3495 nunquam
1033 3422 1158 3482 confessi
1180 3429 1256 3482 sunt.
1300 3422 1378 3494 Quin
1398 3426 1487 3484 immo

271 3525 342 3582 satis
373 3525 452 3582 clare
485 3524 611 3600 prpdunt
646 3525 722 3597 quod
753 3526 892 3600 cogitant:
932 3526 956 3584 si
996 3526 1098 3586 eadem
1131 3526 1230 3586 iacere
1257 3544 1334 3586 nuuc
1359 3535 1488 3601 possent,

272 3627 375 3688 eadem
405 3643 437 3686 se
469 3625 597 3686 facturos
623 3639 695 3688 esse.
749 3627 868 3688 Scilicet
893 3629 930 3688 ab
959 3631 1042 3690 initio
1072 3631 1325 3690 Dominicauorom
1354 3634 1486 3706 regulam

269 3731 475 3806 probaverunt,
497 3731 683 3792 saeviendum
707 3747 772 3791 esse
794 3733 824 3790 in
847 3731 1012 3794 haereticos
1031 3751 1178 3808 quousque
1201 3735 1307 3794 liceret
1325 3736 1388 3795 sine
1407 3739 1488 3810 peri·

271 3838 349 3897 culo:
378 3838 403 3895 si
434 3835 499 3894 ficri
525 3841 635 3908 posset,
665 3851 751 3909 quam
783 3837 987 3898 crudelissimis
1014 3840 1117 3912 poenis
1145 3855 1196 3898 eos
1223 3836 1393 3899 afficiendos
1420 3859 1486 3901 esse
1577 3867 1578 3870 ¹

270 3958 385 4017 semper
406 3940 589 4022 docuerunt
618 3939 681 3998 Hoc
703 3941 799 4000 animo
817 3943 878 4015 jam
901 3943 1044 4002 ateneris
1062 3943 1152 4002 imbui
1174 3943 1486 4018 hominesvolueront;

268 4062 358 4119 qnare
379 4064 466 4120 quum
489 4045 565 4120 apud
592 4061 643 4104 eos
675 4045 860 4105 constitutum
883 4053 977 4122 esset,
1006 4053 1039 4106 ot
1060 4048 1144 4122 pueri
1174 4066 1283 4122 ‚neque
1307 4047 1345 4108 ad
1366 4049 1487 4122 publica

268 4151 433 4220 spectacula
461 4167 496 4209 ac
523 4149 623 4224 ludos,
649 4151 804 4224 nequead
833 4153 974 4225 supplicia
995 4151 1125 4212 reorum‘
1155 4153 1275 4212 visenda
1298 4152 1486 4228 ducerentur,

270 4261 447 4326 exceperunt
480 4255 621 4328 supplicia
655 4255 886 4330 baereticorum,
919 4258 1026 4332 quippe
1065 4275 1139 4331 quae
1174 4257 1362 4332 contemplari
1395 4259 1485 4316 stiam

267 4358 365 4431 pueris
388 4358 569 4417 utilissimum
593 4357 696 4420 esset¹
741 4359 781 4418 Et
806 4361 913 4419 nosmis
936 4361 1114 4434 temporibus
1143 4361 1269 4422 barbara
1292 4363 1349 4422 ista
1372 4361 1487 4438 ,Civili-

358 4577 382 4642 1)
401 4575 477 4626 Ratio
496 4576 652 4642 studiorum,
673 4579 766 4627 iluimus
788 4582 851 4628 1591
874 4595 899 4645 p.
917 4584 975 4634 stt.
