3156 5056
263 311 315 366 244
751 311 852 364 Paasrs
871 311 983 364 Paroars

260 531 390 590 Erasmo.
435 530 538 602 Itaque
560 544 634 602 qnae
658 517 812 587 admodum
835 525 949 588 diverso
973 526 1068 586 auimo
1091 525 1212 586 dirersis
1235 525 1412 601 temporibus
1434 526 1470 585 de

259 636 310 694 illo
329 635 512 708 judicaverat
532 633 591 692 late
611 631 830 706 spargebantur.
875 630 959 692 Unde
983 631 1205 690 inconstantiam
1226 633 1291 704 ejus
1311 629 1397 690 faede
1419 631 1472 688 cri·

260 741 385 798 minatus
408 743 453 797 est
475 737 635 811 Hutteuus‚
664 737 808 796 nonnullis
830 735 918 796 rebus
941 736 1012 796 satis
1034 735 1133 795 odiose
1157 735 1300 795 enarratis
1328 741 1359 795 et
1385 737 1472 810 expli-

260 845 341 902 c'atis.
387 842 439 902 Cui
468 842 646 916 respondens
669 841 719 900 ille
739 841 917 916 singularem
938 841 970 900 iu
991 841 1105 900 modum
1127 857 1160 900 se
1183 845 1311 900 excusat.
1360 841 1470 900 iterare

259 949 348 1008 audet
373 947 449 1021 quod
477 947 604 1018 dixerat,
632 946 670 1020 ,ai
691 963 745 1021 per
766 946 880 1020 linguas
903 947 1063 1006 virulentas
1086 945 1218 1006 licuisset
1239 962 1302 1004 eum
1325 945 1471 1004 Aleandro

257 1059 428 1126 perpetuam
449 1051 560 1111 babere
583 1051 754 1125 amicitiam,
782 1049 907 1110 fortasse
927 1048 1054 1110 laturum
1078 1048 1182 1126 inisse,
1205 1057 1237 1109 ut
1258 1053 1353 1110 minus
1376 1049 1472 1108 odiose

258 1163 412 1230 gereretur
433 1157 629 1216 Lutheranum
652 1156 800 1231 negotium
823 1171 879 1214 nec
902 1156 932 1214 in
954 1161 998 1214 tot
1026 1155 1145 1215 urbibus
1166 1160 1359 1215 renovaretur
1380 1153 1472 1213 fumus

230 1323 232 1326 ,
258 1268 289 1322 et
317 1261 496 1334 incendium,
524 1277 597 1335 quae
627 1278 675 1320 res
706 1261 777 1318 nihil
806 1260 884 1319 alind
912 1260 968 1318 nisi
998 1261 1142 1319 irritasset
1169 1261 1279 1319 animos
1306 1259 1471 1317 bominum‘

258 1369 325 1426 Non
347 1365 603 1443 reprehendendus
625 1364 680 1424 sibi
702 1364 827 1440 videtur,
853 1365 930 1438 quod
952 1364 1041 1424 talem
1064 1365 1202 1440 amicum,
1225 1365 1306 1437 eujus
1326 1365 1472 1437 ingenium

259 1474 348 1530 etiam
371 1488 389 1530 a
411 1471 540 1530 Hutteuo
562 1470 710 1530 laudatum
732 1471 784 1544 sit,
808 1469 924 1542 ,lubens
945 1471 970 1528 si
992 1470 1081 1529 liceat
1098 1469 1331 1544 recuperaverit,
1354 1485 1392 1526 ne
1409 1475 1473 1526 tan-

258 1577 350 1634 tulum
377 1575 493 1648 quidem
523 1575 560 1634 ab
589 1575 640 1633 illo
669 1591 781 1634 sonans
811 1574 972 1633 commodi‘
1016 1574 1097 1633 Tune
1119 1589 1244 1648 pergens
1268 1573 1348 1648 ,Jam
1371 1572 1470 1646 linge‘,

259 1679 365 1754 iuquit,
395 1678 439 1753 ,id
461 1678 615 1756 quodnon
639 1684 697 1757 est,
727 1697 773 1738 me
795 1678 944 1738 Alcandro
971 1680 1047 1738 male
1070 1681 1178 1739 volenti
1201 1678 1277 1737 male
1298 1678 1391 1753 velle,
1422 1677 1474 1735 sed

259 1783 409 1842 simulasse
433 1783 589 1841 amicItiam
611 1800 648 1842 ne
671 1782 817 1858 laederet,
840 1789 927 1858 utque
948 1783 1022 1842 haee
1044 1785 1142 1858 specie
1165 1783 1315 1855 theologos
1335 1781 1473 1855 quosdam

259 1888 356 1947 omnia
378 1888 529 1947 molientes
547 1903 769 1962 compescerem,
792 1905 829 1946 an
845 1887 915 1946 mihi
932 1885 1132 1962 indignabitur
1147 1889 1302 1960 Hutteuus‚
1321 1887 1346 1944 si
1359 1886 1472 1946 vafritie

258 1992 331 2052 nulli
353 1993 439 2052 noxia
461 2009 543 2052 meae
566 1992 654 2051 saluti
676 1993 843 2052 consulam?
887 1991 1042 2066 Theologis
1069 1991 1237 2066 quibusdam
1259 1993 1381 2051 multum
1409 1993 1474 2051 aub-

259 2099 335 2157 sedit
350 2099 509 2157 animorum
528 2113 563 2156 ex
581 2097 632 2156 illa
651 2101 823 2156 nostratem
836 2101 918 2156 areta
933 2095 1132 2156 familiaritate
1147 2112 1305 2170 paucarum
1320 2093 1474 2156 dierum.‘¹

259 2203 323 2262 Hae
347 2202 470 2261 callidae
493 2201 598 2275 agendi
619 2202 762 2276 rationes,
786 2207 916 2261 ceterum
935 2201 972 2260 ab
990 2202 1053 2275 ipso
1068 2201 1199 2260 Hutteno
1214 2201 1331 2259 minime
1349 2202 1474 2275 alienae,

256 2311 322 2382 jure
345 2308 374 2366 in
396 2306 518 2366 Etasmo
539 2306 807 2382 reprehendentem
828 2305 860 2365 id
881 2322 938 2364 non
961 2304 1166 2380 omittendum,
1189 2321 1255 2364 eum
1268 2305 1373 2364 timore
1388 2307 1473 2364 simul

259 2413 347 2472 etiam
379 2411 486 2484 aliquid
517 2410 644 2469 melioris
672 2410 734 2483 spei
763 2409 799 2468 de
824 2409 971 2469 Aleandro
998 2426 1114 2484 semper
1139 2409 1234 2470 adhue
1261 2411 1291 2469 in
1320 2427 1357 2470 eo
1379 2426 1473 2470 emer-

260 2518 340 2575 sisse.
381 2516 429 2573 Sie
441 2531 517 2574 anno
528 2519 593 2587 post
605 2515 775 2588 conseripsit
786 2515 814 2574 ei
826 2514 978 2588 epistolam
991 2513 1169 2573 admirabilis
1181 2515 1358 2575 sinceritatis
1371 2531 1471 2575 monu-
1494 2529 1505 2545 ·

259 2625 399 2694 mentum,
422 2620 645 2692 praeteritarum
660 2637 755 2679 rerum
771 2619 853 2692 quasi
875 2620 1047 2679 amnestiam
1072 2636 1236 2694 proponens
1257 2621 1380 2680 invicem
1400 2621 1474 2680 dan·
1552 2659 1553 2684 i

260 2719 352 2782 dam.²
381 2722 438 2781 Sed
461 2740 546 2796 quum
568 2723 622 2781 hoo
644 2738 757 2796 quoqne
780 2723 888 2783 frustra
909 2722 1026 2798 luisset,
1048 2723 1116 2782 inde
1133 2724 1169 2784 ab
1186 2741 1221 2784 eo
1236 2731 1376 2800 tempore,
1398 2725 1473 2799 qnod

259 2828 297 2887 ad
320 2843 400 2900 spem
423 2828 501 2887 illem
524 2829 664 2901 pertinet,
687 2829 778 2903 magia
800 2829 948 2903 magisque
964 2830 1090 2888 animam
1106 2828 1267 2904 despondit.
1303 2829 1370 2889 Jam
1385 2835 1474 2890 autea

259 2933 353 2993 emico
376 2933 489 2992 cuidam
512 2934 682 3007 scripserat,
706 2939 778 3008 ,tres
797 2949 861 2992 esse
878 2932 968 2993 furias
982 2951 1057 3007 quae
1073 2933 1140 2992 odio
1155 2933 1294 2994 bonarum
1310 2935 1473 2995 litterarum

259 3038 422 3096 excitarent
443 3039 605 3112 praesentis
629 3039 693 3096 aevi
715 3037 909 3113 tragoediam,
935 3039 1076 3098 iacobum
1098 3039 1319 3114 Hoehatratum,
1348 3040 1473 3100 Vincen-

258 3143 330 3202 tium
352 3142 595 3218 Alcmariensem,
626 3142 778 3202 Nicolaum
800 3143 1034 3218 Eemondanum3
1063 3144 1109 3202 his
1138 3143 1384 3204 adnumerandum
1407 3161 1472 3204 esee

258 3249 346 3306 alium
370 3265 405 3308 eo
427 3249 640 3324 nocentiorem,
670 3246 746 3322 qnod
769 3255 846 3308 tecte
869 3246 982 3308 iaceret
1003 3249 1101 3308 omnia
1127 3254 1158 3308 et
1183 3249 1306 3309 aliorum
1328 3248 1473 3308 frueretur

258 3353 304 3411 vel
335 3351 505 3412 abuteretur
535 3355 631 3428 potius
661 3349 816 3413 insania.‘³
860 3353 922 3412 Hoc
942 3353 1083 3426 iudicium
1106 3355 1197 3414 semel
1218 3353 1312 3414 adhuc
1334 3361 1367 3412 ut
1387 3355 1471 3412 ninnis

258 3455 359 3514 durum
382 3459 581 3531 mitigaverat3
615 3457 721 3516 deinde
751 3459 838 3518 toties
869 3458 994 3530 turpiter
1013 3457 1154 3532 deceptus
1179 3458 1217 3517 ad
1243 3457 1315 3517 illud
1339 3474 1470 3516 reversus

259 3565 304 3617 est
325 3558 473 3636 idemque,
496 3560 571 3633 qnod
594 3561 699 3635 sciam,
723 3579 776 3634 per
795 3563 937 3636 reliquam
956 3564 1047 3622 vitam
1066 3579 1182 3636 semper
1197 3563 1305 3637 tenuit,
1328 3579 1469 3635 nunquam

258 3664 387 3723 mumvit.
431 3663 572 3723 Blandum
596 3681 707 3741 eoram,
731 3665 880 3726 absentem
904 3669 992 3726 alium
1009 3669 1095 3727 istum
1112 3667 1270 3742 hominem,
1293 3685 1379 3740 quem
1394 3667 1469 3725 intra

257 3774 288 3828 et
318 3775 402 3829 extra
430 3775 525 3829 cutem
554 3777 702 3846 nosceret,
733 3770 897 3845 significare
928 3772 1048 3833 solebat
1103 3771 1252 3847 Eundem,
1284 3773 1332 3846 qui
1361 3776 1470 3830 tantam

256 3874 440 3949 modestiam,
477 3875 657 3950 comitatem,
688 3877 915 3936 moderationem
947 3875 1202 3951 praeseferret,
1234 3877 1312 3936 velut
1335 3867 1466 3953 μανικὸν

256 3979 353 4041 serere
384 3997 469 4054 posse
500 3980 625 4040 dicebat.
670 3980 772 4055 Neque
802 3982 833 4041 id
862 3982 1016 4041 immerito.
1056 3981 1175 4041 ·Furiosi
1205 3981 1298 4040 instar
1325 3977 1470 4039 Aleander

256 4085 347 4144 multa
369 4085 505 4145 adversus
527 4084 679 4144 Erasmum
703 4085 812 4145 effudit.
866 4085 896 4145 si
920 4085 1124 4144 monachorum
1146 4084 1323 4158 quorundam
1347 4081 1470 4158 ineptias

256 4189 402 4263 probavit,
422 4189 579 4248 dicentium
595 4188 746 4248 Erasmum
761 4189 890 4248 Luthero
913 4190 944 4247 in
962 4187 1167 4262 componendis
1182 4188 1351 4260 quibusdem
1366 4187 1471 4247 libellis

344 4443 369 4508 1)
388 4441 497 4494 Hutteni
515 4459 575 4510 opp.
596 4459 620 4508 p.
636 4447 685 4494 285
704 4442 735 4492 ol.
752 4447 802 4494 20⁷
814 4461 834 4496 a.

345 4530 371 4594 t)
390 4530 460 4596 Epp.
480 4529 579 4590 XVlII,
592 4535 633 4583 bd.

344 4616 371 4682 e)
390 4617 458 4681 Epp.
477 4615 539 4679 XX,
553 4621 586 4666 32
607 4632 630 4670 a.
650 4621 724 4667 1522.
