3144 5092
238 262 290 316 112
785 259 873 315 Garun
890 259 924 313 V.

238 463 384 540 sissimus,
404 463 548 541 Georgius
561 463 713 538 Rhetious,
732 463 881 540 professor
896 463 1071 538 matheseos,
1090 462 1127 522 de
1145 481 1204 541 qua
1221 461 1336 540 optime
1354 464 1489 530 meruit

237 589 314 632 anno
341 571 560 632 MDGXXXIX
590 571 622 630 in
649 571 822 631 Borussiam
849 570 886 630 ad
914 570 1110 648 Gopernioum
1138 569 1312 631 eunonioum
1342 571 1490 630 Fratuen-

237 681 427 756 burgensem,
454 683 488 738 ut
515 679 580 756 ejus
607 677 794 739 institutione
821 679 980 754 frueretur,
1008 678 1158 756 profectus
1184 683 1243 752 est,
1270 678 1324 756 qui
1356 695 1490 738 summa

237 805 306 847 oum
323 786 431 848 fiducia
448 805 516 848 eum
536 785 661 863 exeepit,
679 804 821 864 magnum
839 803 927 846 suum
946 803 1021 864 opus
1040 786 1085 861 ,de
1102 785 1338 846 revolutionibus
1358 787 1489 846 orbium

237 894 422 956 coelestium‘
451 895 626 972 jamdudum
659 893 828 954 absolutum
860 894 961 954 statim
992 894 1020 954 ei
1047 892 1206 971 legendum
1232 893 1315 954 dedit
1343 899 1379 953 et
1408 911 1488 954 oon·

238 1003 425 1063 suetudinem
452 1002 480 1062 ei
507 1001 675 1062 eonciliavit
702 1001 892 1060 familiarium
919 1019 1053 1076 suomm,
1085 1001 1223 1078 inprimis
1250 1001 1339 1062 amisi
1376 1001 1487 1060 intimi

238 1109 429 1170 'liademunni
453 1109 542 1185 Gisii,
566 1109 696 1187 episcopi
721 1109 903 1184 Gulmensis,
931 1109 983 1186 qui
1005 1108 1122 1168 Ebusmi
1144 1108 1324 1186 theologiam
1349 1115 1486 1168 secutus

237 1217 340 1277 fidenti
362 1217 461 1276 animo
483 1235 552 1276 errm
570 1216 797 1278 Melanohthoue
819 1235 872 1294 per
889 1215 1003 1276 litteras
1025 1234 1112 1292 agere
1130 1235 1190 1276 non
1208 1216 1391 1276 dubitavit.1
1430 1215 1485 1277 Sic

238 1325 302 1385 fieri
329 1325 438 1402 potuit,
470 1329 504 1383 ut
530 1324 673 1384 Rhetious
700 1323 889 1384 Lutheranus
920 1324 999 1383 ultra
1031 1324 1184 1384 biennium
1215 1323 1294 1401 apud
1322 1323 1482 1382 Romano

238 1432 397 1492 catholioos
429 1433 548 1508 degeret
579 1432 678 1510 ibique
710 1433 826 1510 primus
859 1431 937 1492 edito
965 1431 1136 1492 doctissimo
1169 1431 1482 1510 ingeniosissimoque

238 1539 340 1599 libello
367 1540 576 1600 assumtionem
603 1541 673 1600 novi
701 1539 871 1615 systematis
898 1538 1033 1600 notitiam
1060 1557 1129 1599 oum
1151 1538 1302 1616 republica
1325 1539 1479 1598 litteraria

239 1647 497 1706 eommunioaret²
541 1646 636 1706 Immo
668 1647 811 1707 Rhetious
844 1647 1040 1725 Gopernioum
1071 1651 1102 1706 et
1132 1651 1166 1705 ut
1197 1645 1335 1705 ultimam
1366 1664 1477 1706 euram

238 1771 345 1831 magno
368 1754 449 1831 operi
469 1753 531 1830 jam
559 1754 620 1814 iere
647 1756 777 1831 perfecta
800 1754 984 1832 impenderet
1006 1771 1060 1814 suo
1082 1753 1181 1814 labore
1204 1758 1324 1814 strenue
1346 1753 1477 1830 adjuvit,

238 1866 269 1922 et
295 1867 330 1922 ut
356 1861 421 1938 ejus
449 1861 605 1922 editionem
632 1861 800 1922 admitteret
827 1879 978 1922 unacum
1001 1861 1084 1922 Gisia
1111 1862 1249 1940 episcopo
1274 1861 1380 1920 multis
1405 1879 1477 1939 pre-

239 1970 323 2030 oibus
350 1974 381 2030 et
408 1969 660 2030 adhortationibus
691 1969 869 2048 ιιειιιιιοιίι,8
901 1969 1028 2047 denique
1056 1969 1166 2029 librum
1186 1969 1320 2040 ,nocens
1349 1969 1477 2030 nomine

239 2077 423 2154 vulgandum
454 2077 519 2156 ipse
551 2077 691 2155 suscepit.
742 2076 937 2150 Quamobrem
969 2077 1099 2154 primum
1127 2077 1329 2153 Vitebergum,
1363 2076 1476 2137 deinde

239 2185 406 2246 renuntiato
429 2185 493 2246 illio
510 2184 702 2262 professionis
721 2185 945 2244 mathematioae
963 2202 1084 2244 munere
1102 2183 1325 2261 Norimbergam
1348 2201 1383 2244 se
1401 2203 1474 2244 eon-
1557 2249 1558 2274 ¹

240 2293 322 2368 tulit,
350 2293 401 2353 ubi
429 2293 652 2353 eeleberrimum
678 2291 788 2352 librum
816 2293 867 2368 ,de
888 2291 1122 2352 revolutionibus
1144 2291 1259 2352 orbium
1282 2291 1473 2352 eoelestium‘
1557 2277 1558 2286 ¹

126 2413 129 2419 '
239 2401 321 2478 typis
344 2400 550 2460 excudendum
573 2399 715 2460 curavit*
752 2399 806 2460 Gui
831 2400 947 2476 negotio
970 2417 1064 2478 quum
1085 2398 1171 2459 initio
1194 2399 1259 2476 ipse
1281 2399 1471 2477 praefuisset,

239 2511 342 2585 postea
372 2507 476 2568 relicta
505 2507 699 2584 Norimberga
726 2505 870 2568 Osiandro
903 2507 979 2566 illud
1009 2506 1157 2585 permisit,
1189 2505 1300 2566 illustri
1332 2505 1471 2584 theologo

239 2614 422 2690 Lutherano,
445 2614 498 2692 qui
520 2614 610 2674 etiem
632 2615 826 2674 astronomiae
848 2614 1047 2693 peritissimus
1070 2618 1139 2674 erat
1185 2613 1256 2688 Hie,
1280 2631 1374 2692 quum
1396 2613 1471 2676 liber

348 2860 375 2929 1)
394 2859 503 2914 librum
522 2875 602 2913 suum
621 2860 668 2929 ,da
682 2876 764 2930 regno
779 2860 889 2916 Christi‘
908 2860 1024 2930 primum
1041 2861 1153 2916 Erusmo
1171 2859 1255 2929 misit,
1275 2876 1357 2930 quem
1370 2861 1467 2916 summi

240 2950 315 3021 feeit,
335 2949 430 3004 deinde
447 2948 655 3004 Melanehthoni.
694 2950 732 3005 Cf.
752 2950 858 3020 Prawe,
878 2950 1056 3020 Coppernieus
1078 2951 1104 3021 l,
1124 2951 1152 3020 2,
1173 2949 1232 3004 181.

349 3040 376 3110 2)
395 3039 544 3110 inscriptus
565 3042 607 3094 est
624 3040 683 3109 ejus
701 3039 768 3095 liber
790 3040 926 3110 ,Namatio
944 3040 1050 3110 prima‘,
1075 3040 1118 3095 oui
1141 3040 1275 3108 adjeotrrm
1297 3039 1466 3110 ,lheonrium

240 3130 405 3186 Borussiaa.‘
447 3129 597 3200 Utrumque
624 3129 783 3200 opuseulum
810 3129 881 3200 qnod
908 3130 995 3184 denuo
1018 3130 1152 3200 quondam
1174 3129 1306 3200 Keplerus
1328 3145 1384 3184 uua
1407 3146 1466 3183 oum

227 3221 385 3276 .Prodromo
404 3235 453 3274 suo
472 3220 554 3273 edidit
571 3219 706 3274 invenitur
724 3221 794 3290 apud
812 3219 905 3274 Prone
923 3219 941 3274 l.
956 3237 979 3274 o.
999 3219 1167 3289 (Unkundeu)
1185 3237 1210 3290 p.
1226 3219 1278 3274 293
1292 3235 1329 3273 ss.

348 3311 375 3378 3)
395 3309 433 3364 Gi.
453 3309 486 3364 da
506 3309 578 3364 Gisia
601 3310 695 3364 Prowe
718 3309 735 3363 l.
751 3327 773 3364 o.
798 3309 855 3364 12.
871 3309 937 3378 459;
965 3310 997 3364 de
1019 3309 1131 3364 Rhetieo
1154 3309 1219 3364 Gisii
1242 3307 1464 3363 testimoniumll

241 3400 329 3469 (Urh.)
348 3399 402 3454 420
416 3415 451 3469 s,
475 3400 521 3454 ubi
540 3399 660 3469 deplorat
683 3400 767 3469 ,quod
786 3391 947 3469 Coparnicus
965 3399 993 3452 in
1011 3399 1172 3469 praefatione
1190 3399 1223 3454 ad
1242 3399 1343 3468 Papam
1362 3397 1463 3452 Rhetici

241 3489 402 3543 mentionem
425 3506 478 3544 non
499 3489 592 3544 feeerit
616 3489 749 3560 (loquitur
770 3489 808 3544 ibi
830 3489 863 3542 de
887 3489 958 3544 Gisia
981 3489 1093 3558 aliisque
1116 3489 1180 3543 viris
1203 3488 1416 3544 eminentissimis
1437 3493 1462 3544 et

241 3577 432 3648 doetissimus‘,
461 3579 557 3648 quihus
580 3579 702 3648 ,tandem
724 3579 873 3648 permiserit
895 3581 926 3632 ut
947 3579 1090 3633 editionem
1113 3579 1211 3649 operis,
1236 3595 1316 3649 quam
1339 3579 1385 3633 diu
1402 3594 1418 3634 a
1434 3597 1461 3634 se

241 3668 392 3738 petiissent,
416 3669 566 3738 facerent‘).
604 3669 686 3723 Addit
705 3668 806 3724 Gisius:
831 3667 921 3738 ,Quod
941 3684 990 3738 ego
1008 3685 1061 3722 non
1078 3668 1119 3722 tui
1136 3667 1273 3739 neglectu,
1292 3667 1340 3722 sed
1358 3667 1459 3722 lentitu-

241 3758 301 3812 dine
321 3761 348 3812 ot
366 3757 468 3813 ineun'a
486 3759 600 3828 quadam
619 3757 775 3828 praesertim
794 3757 852 3826 jam
874 3757 1057 3828 languescenti
1080 3757 1202 3812 evenisse
1220 3757 1389 3827 interpretor,
1410 3774 1459 3812 non

240 3849 361 3918 ignarus,
391 3849 483 3917 quanti
506 3847 593 3902 lacere
617 3847 711 3902 solitus
735 3847 815 3902 fuerit
837 3850 912 3902 hrum
934 3848 962 3901 in
985 3864 1014 3902 sa
1038 3847 1190 3917 adjuvando
1208 3863 1316 3916 operam
1339 3849 1367 3901 et
1384 3847 1458 3902 tasili-

240 3940 348 3992 tatem‘:
376 3937 411 3992 Et
433 3941 537 4008 postea:
566 3940 605 4008 ,ta
634 3937 672 3991 illi
698 3936 828 3992 laboranti
855 3937 987 3992 Theseum
1015 3939 1123 3992 strenue
1149 3937 1339 4007 praestiteras}
1379 3935 1458 4003 Quam

241 4027 369 4082 Rheb'ous
383 4027 468 4082 multo
483 4030 544 4097 post
557 4043 606 4082 suo
617 4027 678 4096 jura
692 4026 771 4080 dixit:
791 4026 863 4095 ,Nisi
882 4043 930 4098 ego
949 4026 1123 4096 Coparnioum
1142 4027 1279 4096 adiissem,
1298 4041 1365 4096 opus
1383 4025 1457 4096 ipsius

241 4117 346 4171 omnino
364 4116 453 4172 lucem
471 4134 524 4172 non
542 4117 671 4172 vidisset}
707 4116 810 4171 ibidem
828 4133 853 4185 p.
869 4117 930 4172 399.

347 4207 376 4276 4)
394 4205 544 4262 Memoratu
567 4207 676 4278 dignum
699 4209 753 4276 est,
776 4205 920 4261 Rhetioum
938 4223 955 4262 a
973 4206 1044 4262 Gisia
1067 4206 1190 4276 episeopo
1212 4205 1314 4260 litteras
1333 4221 1456 4260 commen-

241 4295 351 4351 datioias
369 4297 504 4366 accepisse
522 4297 557 4351 ad
575 4297 715 4351 Alhertum
728 4296 844 4364 Ducem,
863 4296 896 4350 ab
914 4296 1023 4351 ilberto
1042 4297 1076 4350 ad
1094 4295 1244 4351 Electorem
1261 4295 1417 4350 Saxonicum
1432 4297 1457 4349 et

164 4431 167 4438 .
241 4385 275 4439 ad
293 4385 493 4440 universitatem
512 4387 730 4457 Vitehergeusem
753 4389 780 4440 et
803 4389 896 4455 postea
913 4401 930 4440 a
947 4385 1152 4440 Melauohthona
1170 4386 1204 4440 ad
1222 4383 1454 4454 Norimbsrgenses.

240 4474 334 4529 Prone
356 4474 375 4529 1.
395 4491 417 4530 c.
441 4475 469 4530 H
493 4476 517 4530 2.
536 4476 597 4531 403.
636 4475 734 4530 Contm
760 4491 793 4530 aa
819 4491 887 4545 quaa
914 4474 1016 4544 injuste
1036 4475 1148 4530 Rhetico
1175 4475 1271 4544 probro
1299 4489 1377 4529 versa
1401 4477 1455 4528 sunt

242 4564 274 4612 ⁶⁸..
293 4564 386 4618 Prone
404 4563 422 4618 l.
438 4582 460 4618 o.
480 4565 541 4620 488.
