3134 5054
223 213 275 268 304
709 211 813 262 Pennis
831 211 945 262 Puronrs

221 427 352 486 homines
373 441 540 500 revocasse,
563 425 663 485 sedin
684 429 793 483 terram
810 424 1007 498 promissionis
1029 439 1079 483 eos
1099 424 1207 484 ducere
1225 442 1282 484 non
1296 426 1425 498 potuisse

222 529 344 590 fortasse
365 547 430 590 eum
452 546 516 588 cnm
538 529 621 589 Mose
643 531 675 588 in
697 528 906 603 campestribus
928 528 1016 588 Moab
1039 529 1207 587 moriturum
1230 543 1303 588 esse.
1338 529 1425 601 Quare

221 638 254 695 in
276 635 482 694 commentario
503 651 556 694 sno
578 635 668 693 nimia
690 633 777 692 laude
800 634 881 692 illum
903 649 1022 692 ornasse
1045 633 1101 692 sibi
1121 633 1281 692 videbatur.
1318 635 1351 692 In
1372 636 1425 707 epi·

222 740 303 799 stolis
328 738 365 797 ad
395 737 552 798 familiares
578 739 654 798 datis
681 743 712 796 et
733 753 798 797 mex
820 738 883 811 ipso
905 738 996 796 invito
1020 737 1106 797 editis
1129 739 1172 796 ita
1193 737 1231 796 de
1252 739 1302 796 illo
1324 739 1425 796 locutos

223 851 280 918 eat,
310 845 393 918 qnasi
421 843 510 918 ,nihil
540 843 596 902 nisi
625 843 767 902 humanas
798 841 912 901 litteras
941 843 1076 916 calleret,
1105 842 1136 900 in
1165 843 1340 916 gradssimis
1364 859 1426 900 vero

223 948 386 1022 theologiae
425 947 642 1020 quaestionibus
670 945 706 1006 de
736 946 832 1020 gretia
861 951 892 1004 et
921 946 1189 1018 praedestinatione
1217 948 1310 1005 minus
1338 947 1427 1020 sciret,

224 1069 311 1128 quam
347 1051 539 1126 sophistarum
572 1050 687 1110 scholae
722 1050 869 1123 hucusque
892 1048 1086 1110 scivissent.‘¹
1131 1051 1183 1124 ,Se
1213 1066 1272 1109 uon
1299 1066 1428 1124 provoca·

224 1163 320 1216 turum
343 1172 406 1216 esse
427 1154 594 1229 Erasmum,
624 1171 733 1228 neque,
764 1155 789 1212 si
810 1155 872 1228 ipse
894 1160 1065 1228 provocatus
1086 1152 1187 1228 fuerit,
1217 1170 1283 1212 mox
1313 1152 1427 1213 relcrire

223 1264 254 1322 in
276 1263 372 1321 animo
394 1261 520 1335 habere3
541 1277 600 1320 non
622 1261 783 1319 consultum
806 1265 905 1318 tamen
927 1257 1004 1333 iore,
1027 1265 1060 1317 ut
1081 1259 1132 1319 ille
1154 1260 1232 1318 vires
1254 1258 1427 1332 eloquentiae

224 1381 293 1427 suae
322 1367 354 1424 in
383 1382 415 1425 se
445 1369 594 1439 exerceat,
626 1365 780 1423 veritatem
810 1365 888 1423 enim
917 1365 1111 1438 potentiorem
1142 1379 1206 1423 esse
1233 1358 1429 1437 eloquentia‘²

224 1471 278 1530 His
306 1469 437 1528 omnibns
462 1467 608 1528 Lutherns
637 1468 674 1527 de
700 1469 773 1543 viro,
805 1469 851 1526 cui
878 1473 922 1526 tot
949 1473 1086 1542 tantaque
1114 1468 1254 1541 debebat,
1284 1485 1340 1528 uon
1365 1466 1430 1524 satis

222 1576 299 1648 juste
333 1588 368 1631 ae
400 1589 542 1645 generose
573 1571 722 1646 judicavit.
780 1573 929 1645 Quaenam
960 1573 1057 1646 alique
1087 1572 1171 1631 modo
1203 1572 1376 1632 excusationi
1403 1570 1430 1628 ei

224 1675 334 1736 fuerint
356 1676 553 1738 indicabimus.

312 1780 451 1840 Erasmus
480 1778 597 1852 quidem
624 1796 682 1839 non
713 1796 778 1838 cnm
808 1779 952 1839 ecclesiae
977 1795 1041 1839 esee
1062 1780 1205 1854 morbum,
1234 1781 1283 1853 qui
1306 1777 1431 1838 mollibus

226 1885 389 1960 emplastris
419 1883 516 1943 sanari
545 1889 656 1957 posset,
685 1884 788 1958 probe,
818 1889 850 1942 ut
875 1883 1011 1958 vidimus,
1038 1883 1189 1944 intellexit.
1236 1883 1342 1943 Orbem
1365 1881 1434 1940 indi-

226 1991 323 2066 guisse
352 1989 481 2048 Luthero
510 1988 620 2064 aliquo,
650 1988 725 2046 mira
752 1989 933 2062 ingenuitate
960 1989 1066 2048 iterum
1094 1989 1258 2062 iterumque
1281 1985 1432 2061 profitetur.

226 2095 289 2154 Hoc
317 2095 387 2168 ipsis
415 2091 612 2152 furiosissimis
640 2092 760 2166 papistis
790 2091 888 2151 dicere
919 2109 1007 2151 ausus
1021 2097 1087 2154 est
1134 2092 1226 2166 Quum
1253 2091 1291 2152 ad
1319 2091 1433 2150 schisma

226 2198 380 2258 deventum
401 2203 459 2272 est,
482 2203 552 2256 tnnc
569 2197 693 2256 maxime
709 2196 825 2255 Erasmi
843 2196 1069 2271 magnitudinem
1088 2196 1228 2256 timiditas
1246 2197 1311 2270 illa,
1334 2195 1369 2254 de
1382 2209 1433 2268 qna
1520 2238 1521 2265 ,

226 2302 361 2376 diximus,
395 2301 578 2374 aliquatenus
606 2301 777 2360 obscuravit
844 2302 898 2361 Vix
931 2306 1031 2361 tamen
1060 2303 1205 2360 irascatur
1235 2301 1339 2374 aliquis
1367 2299 1433 2371 seni,

227 2405 334 2466 morbis
356 2421 508 2480 concusso,
536 2410 656 2466 tenerae
679 2421 794 2479 semper
815 2405 1021 2479 imitabilisque
1044 2405 1162 2480 indolis,
1190 2406 1239 2479 qui
1261 2405 1433 2464 debilitatem
1520 2409 1521 2430 ¹

227 2525 307 2570 suam
338 2507 459 2568 candide
489 2507 604 2571 fatetur.
657 2509 804 2584 ,Pugnent
830 2509 985 2583 juvenesl‘
1014 2510 1062 2569 ait.
1116 2509 1197 2581 Quod
1229 2515 1294 2584 post
1324 2508 1433 2568 comitia

228 2612 453 2672 Wormatiensia
480 2612 608 2686 scripsit,
638 2629 696 2672 non
724 2629 822 2674 omnes
845 2613 882 2672 ad
904 2614 1073 2688 martyrium
1095 2615 1166 2672 satis
1188 2613 1297 2672 habere
1320 2611 1434 2683 roboris,

227 2715 259 2775 id
289 2717 385 2776 multis
414 2713 539 2774 ludibrio
570 2721 646 2790 erat,
676 2717 725 2790 qui
755 2717 793 2777 ad
822 2720 990 2792 martyrium
1012 2719 1135 2777 Erasmo
1163 2718 1210 2776 vix
1239 2717 1365 2791 aptiores
1386 2713 1434 2773 sed

228 2821 323 2880 minus
353 2821 460 2880 sinceri
495 2825 586 2879 erant
639 2820 695 2879 Hic
727 2821 763 2880 de
797 2823 931 2882 evitando
964 2823 1068 2882 illaesa
1099 2823 1278 2882 conscientia
1312 2821 1435 2894 periculo

227 2926 356 2986 locutum
390 2942 422 2985 se
457 2941 521 2984 esse
550 2924 630 2984 dixit.
685 2923 820 2986 Ceterum
850 2942 905 2984 uec
933 2924 1076 2999 pontificis
1103 2943 1159 2988 nec
1186 2925 1308 2986 Lutheri
1335 2929 1437 2997 martyr

229 3046 293 3090 esse
315 3030 415 3089 voluit.
461 3029 517 3105 ,At
539 3027 670 3104 Christi‘,
699 3030 806 3104 inquit,
835 3031 971 3104 ,optarim
994 3036 1104 3104 mmtyr
1126 3047 1205 3105 cese,
1234 3030 1258 3090 si
1280 3030 1358 3088 vires
1378 3029 1435 3101 ipse

227 3129 434 3210 suppeditet.‘³
485 3134 567 3194 Haeo
589 3151 647 3194 non
669 3135 763 3193 minus
786 3135 900 3194 sincere
924 3133 1105 3210 dictasunt,
1134 3151 1219 3210 quam
1241 3133 1332 3194 verba
1353 3147 1436 3206 quae
1519 3147 1520 3150 ¹

228 3239 295 3297 dam
330 3237 470 3311 epistolae
502 3237 539 3297 ad
568 3238 726 3298 Laurinum
757 3239 896 3313 scriptae,
935 3254 1011 3311 quae
1048 3255 1186 3298 summam
1216 3239 1339 3298 liutteni
1369 3237 1436 3295 iram

229 3343 422 3400 excitaverat:
452 3340 497 3416 ,Si
520 3343 583 3416 qnis
604 3341 756 3402 Erasmnm
775 3359 834 3402 non
856 3346 954 3417 potest
972 3358 1072 3401 amare
1095 3348 1127 3401 ut
1149 3341 1342 3402 Christianum
1364 3338 1436 3400 infir

229 3461 320 3519 mum,
352 3451 445 3504 sumat
466 3445 497 3504 in
521 3462 600 3521 cum,
630 3463 714 3519 quem
738 3447 817 3506 volet
841 3445 992 3522 affectum3
1014 3461 1069 3520 ego
1088 3447 1162 3505 alius
1184 3463 1269 3519 qnam
1293 3463 1355 3504 sum
1378 3460 1436 3504 esse

228 3564 287 3608 non
309 3563 434 3622 possum.
480 3548 511 3607 Si
535 3550 581 3606 cni
604 3547 734 3608 Christus
755 3549 897 3624 impertiit
919 3549 1076 3624 grandiora
1098 3550 1174 3610 dona
1196 3551 1312 3624 spiritus
1333 3556 1366 3608 et
1387 3549 1436 3608 sibi
1519 3575 1520 3582 1

228 3651 304 3730 fidit,
326 3657 425 3712 utatur
446 3653 477 3711 in
500 3651 607 3711 Christi
630 3652 793 3728 gloriam.‘⁴

316 3759 523 3819 Verumtamen
557 3773 614 3817 non
644 3759 715 3818 satis
746 3759 938 3833 intellegebat
963 3759 1115 3834 Erasmus,
1153 3759 1271 3818 nimium
1299 3757 1436 3817 interdum
1519 3731 1520 3756 ³

229 3865 318 3924 etiam
345 3880 377 3923 se
407 3863 500 3938 ipsum
522 3862 674 3938 indulgere
697 3862 788 3923 indoli
811 3879 891 3923 suae.
930 3864 981 3936 ,Si
1004 3862 1173 3938 Lutherus‘,
1204 3863 1311 3936 inquit,
1335 3862 1437 3937 ,omnia
1519 3897 1520 3912 ,

228 3987 298 4030 vere
321 3969 454 4043 dixisset,
484 3969 554 4027 mihi
585 3974 684 4028 umen
713 3967 881 4042 displiceret
909 3968 1047 4028 seditiosa
1068 3969 1184 4028 veritas.
1227 3965 1290 4040 Ego
1312 3966 1359 4024 vel
1382 3964 1437 4024 falli

229 4073 327 4132 malim
348 4073 380 4131 in
402 4072 561 4146 nonnullis,
591 4089 678 4146 quam
701 4077 781 4132 tanto
803 4072 881 4132 erbis
903 4073 1028 4131 tumultu
1050 4089 1104 4146 pro
1126 4072 1250 4131 veritate
1273 4067 1436 4142 digladiari.‘

230 4177 318 4250 Quasi
341 4191 410 4236 vero
431 4182 553 4250 propter
573 4178 649 4236 solas
672 4177 819 4237 abstrusas
842 4176 980 4250 quasdam
1002 4176 1165 4235 scholarum
1188 4175 1372 4248 quaestiones
1393 4167 1436 4254 (de

320 4406 402 4473 1)(11.
423 4406 500 4458 Lntb.
521 4407 788 4472 epp.cd.deWette
807 4407 834 4457 Π
853 4423 879 4473 p.
893 4413 954 4459 sla.
1027 4407 1053 4473 2)
1072 4405 1170 4457 Ibidem
1189 4421 1215 4472 p.
1228 4409 1287 4456 bii.
1367 4403 1435 4470 tillo

230 4495 339 4560 spongia
357 4493 413 4544 adv.
431 4493 506 4544 Hutt.
577 4497 604 4561 4)
623 4497 691 4562 Epp.
708 4495 813 4556 XXIII,
835 4501 857 4549 6.
