3202 5058
669 321 762 370 (larun
780 321 801 372 I.
1072 307 1077 318 ⁵
1327 325 1343 378 5

130 531 195 590 dum
218 534 353 592 mundum
375 541 406 593 et
425 535 463 594 ad
484 535 723 608 praescribendas
746 536 862 610 regibus
876 537 957 609 leges
971 538 1133 595 institutum
1149 555 1222 612 esse,
1245 545 1343 597 tamen

130 638 200 696 satis
224 638 369 696 oculatum
399 655 463 696 eum
492 639 581 698 fuisse
613 640 851 713 existimaverim,
881 645 913 698 11
944 641 1158 700 acerbissimum
1190 643 1343 702 sacerdotii

128 741 226 800 odfum
247 744 324 801 inter
353 749 456 816 gentes
478 745 596 817 papatui
617 749 692 802 totas
713 744 861 817 hucusque
884 744 1012 804 subditas
1037 747 1120 820 louge
1143 747 1259 820 lateque
1283 765 1342 807 ser-

128 863 198 918 pere
229 847 254 904 si
283 863 341 904 non
361 848 539 906 intellexerit
562 854 592 906 at
615 849 739 907 senserit
763 853 793 906 et
815 848 1000 908 divinaverit.
1046 847 1137 908 Paulo
1159 857 1224 924 post
1246 852 1343 910 dimis-

127 967 189 1008 sum
206 949 366 1009 Concilium
381 950 515 1010 Pontifex
538 953 615 1010 inter
637 953 714 1024 ipsos
730 951 924 1026 Parisienses,
948 952 1054 1010 deiude
1076 953 1164 1012 etiam
1186 955 1217 1012 in
1246 956 1340 1028 splen·

127 1053 282 1113 didissimis
313 1054 483 1127 quibusdam
518 1055 675 1128 Hispaniae
713 1057 895 1130 civitatibus,
927 1057 1101 1116 infernalem
1133 1057 1214 1115 illum
1243 1059 1341 1130 ignem
1444 1136 1446 1143 s

126 1159 231 1218 iterum
261 1163 462 1232 erumpentem
490 1159 578 1234 vidit,
607 1161 656 1232 qui
679 1167 818 1233 quantum
841 1161 989 1220 horrorem
1017 1162 1118 1220 ultimo
1141 1162 1341 1221 antecedentis

129 1263 221 1322 seculi
243 1263 384 1322 decennio
408 1265 535 1322 omnium
551 1263 778 1323 Christianorum
800 1265 902 1323 animis
923 1267 1093 1324 incussisset
1114 1251 1190 1325 bene
1210 1273 1340 1326 noverat.

213 1367 260 1425 Sic
278 1370 340 1442 jam
363 1368 535 1441 compluries
551 1361 650 1460 ⁸(cujus
677 1370 722 1426 rei
748 1369 879 1442 inprimis
900 1368 961 1426 Leo
976 1369 1057 1429 XIII.
1081 1367 1340 1430 commonefacien-

127 1471 178 1528 dus
202 1465 260 1551 est)
282 1472 359 1531 Inter
373 1471 584 1546 Romanenses,
607 1489 752 1547 nunqnam
772 1475 918 1545 hucusque
940 1473 1017 1532 inter
1031 1472 1243 1548 Protestautes,
1266 1493 1341 1536 nova

125 1576 181 1632 ista
203 1577 354 1647 paganitas
376 1593 429 1649 pro
451 1583 581 1649 tempore
604 1579 636 1635 11
655 1577 805 1651 republica
831 1578 933 1635 victrix
947 1577 1043 1636 omnia
1058 1577 1155 1636 divina
1171 1585 1201 1636 et
1215 1578 1340 1639 humana

124 1679 299 1750 permiscuit.
348 1679 383 1737 Id
414 1679 533 1739 fortnItu
566 1681 673 1740 iactum
700 1683 760 1754 jam
789 1667 947 1755 propterea
974 1698 1032 1740 nou
1055 1683 1233 1756 censebitur,
1263 1683 1339 1756 qood

126 1781 263 1855 ejusmodi
285 1783 394 1857 aliquid
415 1791 535 1858 propter
548 1785 739 1858 pertiuaciter
759 1791 924 1844 recusatam
945 1803 964 1844 a
986 1787 1176 1854 curiatorum
1192 1802 1339 1846 sacrarum

125 1888 356 1947 emendationem
387 1893 557 1947 eventurum
588 1905 652 1948 esse
682 1907 740 1948 uon
770 1890 854 1949 modo
879 1889 1017 1948 Erasmus
1045 1891 1195 1964 divinavit,
1227 1891 1278 1950 111
1309 1899 1340 1952 11

125 1997 191 2051 ante
215 2009 279 2050 eum
301 1999 413 2067 etpost
434 1995 535 2052 summi
557 1994 674 2068 quidam
697 1995 887 2068 acerrimique
910 1994 1058 2053 Romanae
1074 1996 1216 2054 ecclesiae
1239 1994 1339 2054 defen·

125 2113 204 2156 sores
227 2097 359 2156 similiter
380 2098 596 2170 praedixerunt
641 2099 685 2155 Ex
709 2099 813 2170 quibus
836 2099 907 2157 duos
930 2099 1098 2170 conjunctos
1123 2098 1268 2158 adducere
1290 2099 1339 2156 hic

125 2199 236 2258 sufficit.
295 2201 412 2260 Etenim
451 2204 512 2276 ipse
546 2203 694 2275 Benignus
731 2202 888 2261 Bossuetus
930 2202 1014 2260 initio
1047 2203 1115 2259 libri
1145 2203 1338 2276 celebenimi,

125 2303 159 2362 de
188 2306 307 2364 variatis
329 2306 556 2366 Protestantium
585 2306 723 2364 doctrinis
752 2307 868 2380 scripti,
897 2305 1042 2365 Iulianum
1065 2305 1263 2380 GardInalem,
1288 2307 1338 2379 qui

124 2407 281 2468 Basileensi
312 2409 440 2469 Concilio
476 2411 657 2485 praefuerat,
687 2411 785 2470 tantis
817 2409 948 2469 laudibus
985 2416 1016 2468 ut
1046 2410 1235 2468 clarissimum
1266 2427 1336 2468 suec

124 2513 263 2584 quondam
285 2515 391 2574 aetatis
413 2515 505 2573 vimm
528 2515 655 2590 extollit,
683 2521 715 2574 nt
738 2514 863 2574 dubitari
884 2519 1025 2588 nequeat,
1055 2516 1123 2587 quin
1142 2514 1241 2588 verba,
1263 2530 1337 2588 quae

124 2633 156 2674 ex
186 2619 294 2677 litteris
324 2621 384 2693 ejus
415 2619 452 2677 ad
475 2618 637 2693 Eugenium
658 2619 707 2678 IV.
730 2619 830 2695 affert,
862 2636 880 2679 a
902 2635 934 2679 11
957 2619 1020 2691 ipso
1042 2619 1159 2692 probari
1183 2617 1335 2691 significet.

123 2719 202 2781 llaec
223 2723 311 2795 igitur
332 2723 422 2781 verba
438 2723 486 2781 hic
510 2723 716 2782 exscribamus.

208 2827 346 2899 Implorat
382 2827 515 2885 Julianus
542 2825 728 2900 Pontificem,
762 2833 810 2900 ut,
843 2827 867 2884 si
901 2825 968 2900 quid
998 2827 1061 2898 ipae
1089 2827 1120 2884 in
1150 2827 1336 2886 1111111111ιί1

122 2930 248 2989 severius
269 2933 451 3004 expresserit,
475 2932 619 2990 tribuatur
641 2929 738 3006 ,filiali
761 2930 911 2989 devotioni
932 2936 963 2988 ct
981 2930 1096 2989 ardenti
1112 2931 1240 3005 caritati,
1261 2948 1335 3004 quae

123 3049 175 3092 uon
199 3035 364 3094 consideret
386 3037 568 3107 majestatem
592 3038 663 3110 ep‘us,
687 3036 900 3108 colloquatur,
924 3034 975 3093 sed
999 3035 1107 3107 impetu
1130 3035 1236 3092 amoris
1259 3034 1336 3093 fera-

122 3139 183 3196 tur.⁴
230 3139 331 3212 ltaque
353 3139 487 3198 obsecrat
508 3139 598 3214 illum,
621 3157 658 3199 ne
682 3139 798 3197 dimisso
821 3137 949 3195 Concilio
976 3145 1006 3196 et
1028 3137 1180 3209 denegatis
1196 3137 1336 3212 omnibus,

123 3259 193 3313 quae
214 3244 280 3315 jure
302 3245 401 3326 populi
417 3244 644 3317 postulaverint,
678 3259 817 3300 summam
840 3242 964 3314 posteris
997 3241 1192 3298 calamitatem
1214 3239 1334 3315 infligat.

122 3345 291 3416 ,Universus
324 3347 427 3421 orbis‘,
461 3349 565 3422 inquit,
600 3347 765 3422 ,judicabit,
800 3346 909 3404 clerum
943 3361 1007 3403 esse
1038 3344 1264 3417 incorrigibilem
1306 3352 1336 3404 11

121 3451 193 3508 velle
220 3467 335 3525 semper
362 3453 393 3508 in
416 3453 474 3509 suis
497 3451 726 3510 deformitatibus
754 3450 934 3509 sordeseere.
980 3449 1009 3508 Si
1033 3451 1181 3509 celebrata
1202 3456 1244 3508 tot
1268 3467 1335 3508 con·

122 3555 187 3614 oilla
221 3555 313 3629 nulla,
347 3535 460 3628 qualem
488 3563 589 3630 gentes
619 3554 840 3628 exspectabant,
875 3554 1017 3614 ecclesiae
1046 3553 1213 3614 reformatio
1236 3563 1336 3612 secuta

121 3657 224 3732 fuerit,
248 3659 360 3718 dicetur
389 3677 442 3718 nos
469 3661 592 3718 irridere
615 3659 709 3718 Deum
735 3666 765 3718 et
786 3660 930 3733 homines,
962 3667 994 3718 et
1016 3660 1151 3732 quoniam
1173 3659 1336 3718 111111111-

121 3763 257 3822 rectionis
279 3770 396 3823 nostrae
419 3781 484 3837 spes
508 3763 699 3838 superfuerit,
719 3765 832 3823 irruent
853 3765 955 3823 1111111
978 3765 1007 3821 11
1029 3781 1081 3821 111
1097 3763 1178 3822 Laici
1199 3769 1334 3821 ettotam

120 3867 228 3941 odium,
260 3873 321 3926 tota
349 3867 434 3942 culpa
457 3876 486 3926 et
509 3869 666 3941 ignominia
693 3867 886 3928 transferetur
908 3870 937 3926 iu
959 3867 1116 3926 Romanam
1139 3867 1247 3924 curiam
1272 3871 1334 3922 tan-

119 3987 202 4044 quam
233 3987 349 4031 causam
380 3975 592 4045 auctricemque
615 3979 658 4030 tot
686 3972 834 4030 malorum.
880 3973 982 4046 Populi
1006 3970 1179 4031 Germaniae
1203 3967 1334 4025 videntes

119 4091 148 4132 se
172 4093 232 4134 nou
259 4076 351 4134 solum
378 4075 530 4135 destitutos
558 4077 593 4135 ab
619 4076 744 4134 ecclesia
773 4077 824 4135 scd
854 4077 1003 4148 deceptos,
1034 4072 1248 4131 concordabunt
1270 4089 1334 4130 cum

119 4179 244 4238 Hussitis
268 4186 299 4238 ct
320 4179 391 4238 fient
419 4182 500 4266 nobis
522 4181 698 4240 inimiciores
717 4197 802 4253 quam
825 4181 876 4238 illi.
929 4179 995 4239 Iam
1018 4177 1126 4236 securis
1149 4177 1185 4235 ad
1208 4177 1333 4236 radicem

117 4287 213 4355 posita
235 4291 287 4345 est.
333 4283 483 4344 Insinuata
504 4291 548 4344 est
571 4283 657 4343 arbor
679 4291 712 4342 ut
734 4284 819 4342 cadat
833 4300 887 4341 uec
908 4287 1005 4356 potest
1035 4281 1142 4340 diutius
1169 4283 1334 4356 persistere.

118 4387 155 4446 Et
185 4395 267 4448 certo
294 4389 319 4447 si
340 4405 395 4462 per
416 4407 448 4447 se
468 4395 548 4448 stare
570 4390 673 4462 possit,
700 4405 752 4447 nos
785 4390 877 4462 ipsam
903 4387 940 4446 ad
968 4393 1075 4444 terram
1102 4387 1334 4460 praecipitamus.

26 4519 27 4530 1
118 4491 210 4551 Video
229 4494 289 4566 jam
312 4493 407 4553 Deum
429 4495 557 4553 vibrasso
580 4493 706 4568 gladium
729 4511 816 4566 super
839 4509 906 4566 uos,
927 4490 1072 4565 flagellum
1095 4493 1158 4564 ejus
1180 4489 1334 4563 appropin-

118 4605 193 4668 quat
239 4598 293 4670 Qui
317 4601 341 4656 si
365 4595 534 4672 quibusdam
558 4599 618 4656 vult
645 4597 834 4656 infortunium
861 4597 1033 4668 immittere,
1063 4596 1187 4668 primum
1210 4594 1335 4666 dIspouit
