<?xml version="1.0" encoding="UTF-8"?>
<!DOCTYPE html PUBLIC "-//W3C//DTD XHTML 1.0 Transitional//EN"
    "http://www.w3.org/TR/xhtml1/DTD/xhtml1-transitional.dtd">
<html xmlns="http://www.w3.org/1999/xhtml" xml:lang="en" lang="en">
 <head>
  <title>
</title>
<meta http-equiv="Content-Type" content="text/html;charset=utf-8" />
  <meta name='ocr-system' content='tesseract 3.04.00' />
  <meta name='ocr-capabilities' content='ocr_page ocr_carea ocr_par ocr_line ocrx_word'/>
</head>
<body>
  <div class='ocr_page' id='page_1' title='image "./erasmusredivivu00schlgoog_0357.png"; bbox 0 0 3176 5064; ppageno 0'>
   <div class='ocr_carea' id='block_1_1' title="bbox 242 301 963 356">
    <p class='ocr_par' dir='ltr' id='par_1_1' title="bbox 242 301 963 356">
     <span class='ocr_line' id='line_1_1' title="bbox 242 301 963 356; baseline -0.008 0"><span class='ocrx_word' id='word_1_1' title='bbox 242 303 294 356; x_wconf 83' lang='lat'>338</span> <span class='ocrx_word' id='word_1_2' title='bbox 730 302 832 354; x_wconf 69' lang='lat' dir='ltr'>Pluris</span> <span class='ocrx_word' id='word_1_3' title='bbox 851 301 963 352; x_wconf 75' lang='lat' dir='ltr'>Parcius</span> 
     </span>
    </p>
   </div>
   <div class='ocr_carea' id='block_1_2' title="bbox 220 510 1460 4342">
    <p class='ocr_par' dir='ltr' id='par_1_2' title="bbox 230 510 1460 2673">
     <span class='ocr_line' id='line_1_2' title="bbox 239 510 1460 588; baseline -0.007 -14"><span class='ocrx_word' id='word_1_4' title='bbox 239 517 287 576; x_wconf 89' lang='lat' dir='ltr'>vel</span> <span class='ocrx_word' id='word_1_5' title='bbox 308 514 503 576; x_wconf 77' lang='lat' dir='ltr'>furiosissimis</span> <span class='ocrx_word' id='word_1_6' title='bbox 526 515 687 574; x_wconf 84' lang='lat' dir='ltr'>hominibus</span> <span class='ocrx_word' id='word_1_7' title='bbox 704 518 825 588; x_wconf 90' lang='lat' dir='ltr'>propter</span> <span class='ocrx_word' id='word_1_8' title='bbox 846 513 1007 573; x_wconf 88' lang='lat' dir='ltr'>sententias</span> <span class='ocrx_word' id='word_1_9' title='bbox 1030 511 1068 572; x_wconf 88' lang='lat' dir='ltr'>ad</span> <span class='ocrx_word' id='word_1_10' title='bbox 1087 512 1258 586; x_wconf 78' lang='lat' dir='ltr'>religionem</span> <span class='ocrx_word' id='word_1_11' title='bbox 1272 510 1460 585; x_wconf 79' lang='lat' dir='ltr'>pertinentes</span> 
     </span>
     <span class='ocr_line' id='line_1_3' title="bbox 239 615 1458 692; baseline -0.006 -13"><span class='ocrx_word' id='word_1_12' title='bbox 239 622 300 680; x_wconf 93' lang='lat' dir='ltr'>ulla</span> <span class='ocrx_word' id='word_1_13' title='bbox 322 622 365 679; x_wconf 85' lang='lat' dir='ltr'>vis</span> <span class='ocrx_word' id='word_1_14' title='bbox 386 619 553 679; x_wconf 82' lang='lat' dir='ltr'>inferretur.</span> <span class='ocrx_word' id='word_1_15' title='bbox 613 619 728 678; x_wconf 87' lang='lat' dir='ltr'>Deinde</span> <span class='ocrx_word' id='word_1_16' title='bbox 755 635 839 692; x_wconf 82' lang='lat' dir='ltr'>vero,</span> <span class='ocrx_word' id='word_1_17' title='bbox 870 635 956 692; x_wconf 89' lang='lat' dir='ltr'>quum</span> <span class='ocrx_word' id='word_1_18' title='bbox 986 619 1163 678; x_wconf 79' lang='lat' dir='ltr'>necessitate</span> <span class='ocrx_word' id='word_1_19' title='bbox 1190 615 1315 690; x_wconf 83' lang='lat' dir='ltr'>quedem</span> <span class='ocrx_word' id='word_1_20' title='bbox 1339 621 1458 673; x_wconf 84' lang='lat' dir='ltr'>coactus</span> 
     </span>
     <span class='ocr_line' id='line_1_4' title="bbox 238 721 1459 796; baseline -0.005 -14"><span class='ocrx_word' id='word_1_21' title='bbox 238 725 269 782; x_wconf 92' lang='lat' dir='ltr'>in</span> <span class='ocrx_word' id='word_1_22' title='bbox 302 723 530 784; x_wconf 86' lang='lat' dir='ltr'>administranda</span> <span class='ocrx_word' id='word_1_23' title='bbox 562 729 703 782; x_wconf 78' lang='lat' dir='ltr'>renovata</span> <span class='ocrx_word' id='word_1_24' title='bbox 738 722 861 782; x_wconf 88' lang='lat' dir='ltr'>ccclesia</span> <span class='ocrx_word' id='word_1_25' title='bbox 896 723 1050 796; x_wconf 80' lang='lat' dir='ltr'>primarios</span> <span class='ocrx_word' id='word_1_26' title='bbox 1085 726 1184 795; x_wconf 86' lang='lat' dir='ltr'>partes</span> <span class='ocrx_word' id='word_1_27' title='bbox 1216 721 1389 778; x_wconf 84' lang='lat' dir='ltr'>anctoritate</span> <span class='ocrx_word' id='word_1_28' title='bbox 1424 725 1459 776; x_wconf 88' lang='lat' dir='ltr'>et</span> 
     </span>
     <span class='ocr_line' id='line_1_5' title="bbox 239 824 1459 901; baseline -0.006 -13"><span class='ocrx_word' id='word_1_29' title='bbox 239 829 358 888; x_wconf 89' lang='lat' dir='ltr'>consilio</span> <span class='ocrx_word' id='word_1_30' title='bbox 387 828 576 901; x_wconf 84' lang='lat' dir='ltr'>suscepisset,</span> <span class='ocrx_word' id='word_1_31' title='bbox 606 827 697 900; x_wconf 88' lang='lat' dir='ltr'>magis</span> <span class='ocrx_word' id='word_1_32' title='bbox 727 827 889 901; x_wconf 89' lang='lat' dir='ltr'>magisque,</span> <span class='ocrx_word' id='word_1_33' title='bbox 919 828 1091 900; x_wconf 86' lang='lat' dir='ltr'>pracsertim</span> <span class='ocrx_word' id='word_1_34' title='bbox 1113 831 1179 900; x_wconf 88' lang='lat' dir='ltr'>post</span> <span class='ocrx_word' id='word_1_35' title='bbox 1204 825 1311 884; x_wconf 89' lang='lat' dir='ltr'>bellum</span> <span class='ocrx_word' id='word_1_36' title='bbox 1333 824 1459 882; x_wconf 80' lang='lat' dir='ltr'>metica·</span> 
     </span>
     <span class='ocr_line' id='line_1_6' title="bbox 238 927 1456 1005; baseline -0.006 -12"><span class='ocrx_word' id='word_1_37' title='bbox 238 951 322 1001; x_wconf 79' lang='lat' dir='ltr'>num,</span> <span class='ocrx_word' id='word_1_38' title='bbox 351 939 432 992; x_wconf 90' lang='lat' dir='ltr'>recte</span> <span class='ocrx_word' id='word_1_39' title='bbox 463 931 621 1005; x_wconf 84' lang='lat' dir='ltr'>intellexit,</span> <span class='ocrx_word' id='word_1_40' title='bbox 650 937 749 991; x_wconf 85' lang='lat' dir='ltr'>tantos</span> <span class='ocrx_word' id='word_1_41' title='bbox 777 929 841 990; x_wconf 85' lang='lat' dir='ltr'>lieri</span> <span class='ocrx_word' id='word_1_42' title='bbox 870 947 954 1005; x_wconf 85' lang='lat' dir='ltr'>posse</span> <span class='ocrx_word' id='word_1_43' title='bbox 983 931 1129 990; x_wconf 81' lang='lat' dir='ltr'>libertatis</span> <span class='ocrx_word' id='word_1_44' title='bbox 1153 927 1456 1003; x_wconf 86' lang='lat' dir='ltr'>pseudoevangelicae</span> 
     </span>
     <span class='ocr_line' id='line_1_7' title="bbox 238 1033 1456 1113; baseline -0.006 -15"><span class='ocrx_word' id='word_1_45' title='bbox 238 1039 355 1113; x_wconf 90' lang='lat' dir='ltr'>abusus,</span> <span class='ocrx_word' id='word_1_46' title='bbox 385 1044 418 1096; x_wconf 90' lang='lat' dir='ltr'>ut</span> <span class='ocrx_word' id='word_1_47' title='bbox 438 1041 589 1109; x_wconf 89' lang='lat' dir='ltr'>amputare</span> <span class='ocrx_word' id='word_1_48' title='bbox 612 1052 677 1095; x_wconf 92' lang='lat' dir='ltr'>eam</span> <span class='ocrx_word' id='word_1_49' title='bbox 699 1037 918 1110; x_wconf 78' lang='lat' dir='ltr'>magistratuum</span> <span class='ocrx_word' id='word_1_50' title='bbox 940 1033 1064 1094; x_wconf 88' lang='lat' dir='ltr'>officium</span> <span class='ocrx_word' id='word_1_51' title='bbox 1095 1041 1181 1095; x_wconf 87' lang='lat' dir='ltr'>essct</span> <span class='ocrx_word' id='word_1_52' title='bbox 1240 1033 1320 1092; x_wconf 87' lang='lat' dir='ltr'>Tunc</span> <span class='ocrx_word' id='word_1_53' title='bbox 1341 1050 1412 1092; x_wconf 82' lang='lat' dir='ltr'>vero</span> <span class='ocrx_word' id='word_1_54' title='bbox 1434 1049 1456 1091; x_wconf 87' lang='lat' dir='ltr'>a</span> 
     </span>
     <span class='ocr_line' id='line_1_8' title="bbox 236 1137 1455 1217; baseline -0.007 -15"><span class='ocrx_word' id='word_1_55' title='bbox 236 1144 334 1217; x_wconf 91' lang='lat' dir='ltr'>priore</span> <span class='ocrx_word' id='word_1_56' title='bbox 357 1141 502 1202; x_wconf 89' lang='lat' dir='ltr'>sententia</span> <span class='ocrx_word' id='word_1_57' title='bbox 521 1141 599 1214; x_wconf 90' lang='lat' dir='ltr'>justo</span> <span class='ocrx_word' id='word_1_58' title='bbox 613 1142 727 1216; x_wconf 88' lang='lat' dir='ltr'>longius</span> <span class='ocrx_word' id='word_1_59' title='bbox 742 1137 889 1200; x_wconf 83' lang='lat' dir='ltr'>recessit¹</span> <span class='ocrx_word' id='word_1_60' title='bbox 933 1139 1062 1213; x_wconf 85' lang='lat' dir='ltr'>Turbes,</span> <span class='ocrx_word' id='word_1_61' title='bbox 1085 1137 1273 1211; x_wconf 85' lang='lat' dir='ltr'>confusionis,</span> <span class='ocrx_word' id='word_1_62' title='bbox 1296 1137 1455 1196; x_wconf 87' lang='lat' dir='ltr'>anarchiae</span> 
     </span>
     <span class='ocr_line' id='line_1_9' title="bbox 236 1240 1455 1320; baseline -0.004 -15"><span class='ocrx_word' id='word_1_63' title='bbox 236 1247 372 1320; x_wconf 90' lang='lat' dir='ltr'>periculis</span> <span class='ocrx_word' id='word_1_64' title='bbox 398 1246 573 1320; x_wconf 81' lang='lat' dir='ltr'>perterritus</span> <span class='ocrx_word' id='word_1_65' title='bbox 602 1245 638 1304; x_wconf 88' lang='lat' dir='ltr'>de</span> <span class='ocrx_word' id='word_1_66' title='bbox 666 1245 782 1303; x_wconf 86' lang='lat' dir='ltr'>diverse</span> <span class='ocrx_word' id='word_1_67' title='bbox 811 1244 944 1303; x_wconf 88' lang='lat' dir='ltr'>doctriua</span> <span class='ocrx_word' id='word_1_68' title='bbox 971 1245 1003 1302; x_wconf 90' lang='lat' dir='ltr'>in</span> <span class='ocrx_word' id='word_1_69' title='bbox 1030 1243 1181 1317; x_wconf 89' lang='lat' dir='ltr'>republica</span> <span class='ocrx_word' id='word_1_70' title='bbox 1210 1259 1269 1300; x_wconf 91' lang='lat' dir='ltr'>non</span> <span class='ocrx_word' id='word_1_71' title='bbox 1300 1240 1455 1301; x_wconf 83' lang='lat' dir='ltr'>toleranda</span> 
     </span>
     <span class='ocr_line' id='line_1_10' title="bbox 236 1348 1451 1424; baseline -0.002 -16"><span class='ocrx_word' id='word_1_72' title='bbox 236 1352 278 1410; x_wconf 90' lang='lat' dir='ltr'>sic</span> <span class='ocrx_word' id='word_1_73' title='bbox 306 1353 418 1409; x_wconf 89' lang='lat' dir='ltr'>locutus</span> <span class='ocrx_word' id='word_1_74' title='bbox 447 1358 505 1424; x_wconf 89' lang='lat' dir='ltr'>est,</span> <span class='ocrx_word' id='word_1_75' title='bbox 535 1355 567 1408; x_wconf 91' lang='lat' dir='ltr'>ut</span> <span class='ocrx_word' id='word_1_76' title='bbox 595 1349 727 1408; x_wconf 89' lang='lat' dir='ltr'>Romana</span> <span class='ocrx_word' id='word_1_77' title='bbox 759 1349 889 1422; x_wconf 85' lang='lat' dir='ltr'>tyrannis</span> <span class='ocrx_word' id='word_1_78' title='bbox 917 1349 1002 1407; x_wconf 87' lang='lat' dir='ltr'>inuiti</span> <span class='ocrx_word' id='word_1_79' title='bbox 1031 1348 1127 1406; x_wconf 86' lang='lat' dir='ltr'>verbis</span> <span class='ocrx_word' id='word_1_80' title='bbox 1159 1349 1222 1420; x_wconf 89' lang='lat' dir='ltr'>ejus</span> <span class='ocrx_word' id='word_1_81' title='bbox 1249 1349 1316 1420; x_wconf 90' lang='lat' dir='ltr'>jnre</span> <span class='ocrx_word' id='word_1_82' title='bbox 1344 1353 1451 1420; x_wconf 83' lang='lat' dir='ltr'>posset</span> 
     </span>
     <span class='ocr_line' id='line_1_11' title="bbox 235 1450 1454 1527; baseline -0.004 -14"><span class='ocrx_word' id='word_1_83' title='bbox 235 1454 387 1527; x_wconf 81' lang='lat' dir='ltr'>Nunquam</span> <span class='ocrx_word' id='word_1_84' title='bbox 410 1453 524 1527; x_wconf 92' lang='lat' dir='ltr'>quidem</span> <span class='ocrx_word' id='word_1_85' title='bbox 547 1458 666 1527; x_wconf 89' lang='lat' dir='ltr'>propter</span> <span class='ocrx_word' id='word_1_86' title='bbox 687 1452 859 1527; x_wconf 88' lang='lat' dir='ltr'>religionem</span> <span class='ocrx_word' id='word_1_87' title='bbox 874 1458 968 1511; x_wconf 89' lang='lat' dir='ltr'>morte</span> <span class='ocrx_word' id='word_1_88' title='bbox 984 1467 1155 1526; x_wconf 89' lang='lat' dir='ltr'>quemquam</span> <span class='ocrx_word' id='word_1_89' title='bbox 1172 1452 1260 1524; x_wconf 88' lang='lat' dir='ltr'>plecti</span> <span class='ocrx_word' id='word_1_90' title='bbox 1276 1451 1376 1524; x_wconf 84' lang='lat' dir='ltr'>voluit,</span> <span class='ocrx_word' id='word_1_91' title='bbox 1399 1450 1454 1508; x_wconf 88' lang='lat' dir='ltr'>sed</span> 
     </span>
     <span class='ocr_line' id='line_1_12' title="bbox 235 1552 1455 1631; baseline -0.005 -15"><span class='ocrx_word' id='word_1_92' title='bbox 235 1564 268 1616; x_wconf 90' lang='lat' dir='ltr'>ut</span> <span class='ocrx_word' id='word_1_93' title='bbox 289 1557 542 1631; x_wconf 87' lang='lat' dir='ltr'>sacramentarios,</span> <span class='ocrx_word' id='word_1_94' title='bbox 565 1573 636 1631; x_wconf 91' lang='lat' dir='ltr'>qnos</span> <span class='ocrx_word' id='word_1_95' title='bbox 652 1557 787 1631; x_wconf 87' lang='lat' dir='ltr'>vocabat,</span> <span class='ocrx_word' id='word_1_96' title='bbox 809 1557 852 1615; x_wconf 86' lang='lat' dir='ltr'>ita</span> <span class='ocrx_word' id='word_1_97' title='bbox 867 1558 956 1616; x_wconf 88' lang='lat' dir='ltr'>etiam</span> <span class='ocrx_word' id='word_1_98' title='bbox 970 1557 1100 1630; x_wconf 87' lang='lat' dir='ltr'>papistas</span> <span class='ocrx_word' id='word_1_99' title='bbox 1115 1571 1132 1614; x_wconf 93' lang='lat' dir='ltr'>e</span> <span class='ocrx_word' id='word_1_100' title='bbox 1149 1557 1266 1614; x_wconf 87' lang='lat' dir='ltr'>civitate</span> <span class='ocrx_word' id='word_1_101' title='bbox 1282 1557 1390 1628; x_wconf 86' lang='lat' dir='ltr'>ejicere</span> <span class='ocrx_word' id='word_1_102' title='bbox 1406 1552 1455 1611; x_wconf 83' lang='lat' dir='ltr'>ias</span> 
     </span>
     <span class='ocr_line' id='line_1_13' title="bbox 235 1659 1455 1736; baseline -0.005 -15"><span class='ocrx_word' id='word_1_103' title='bbox 235 1677 300 1722; x_wconf 88' lang='lat' dir='ltr'>esse</span> <span class='ocrx_word' id='word_1_104' title='bbox 324 1661 450 1734; x_wconf 88' lang='lat' dir='ltr'>censuit,</span> <span class='ocrx_word' id='word_1_105' title='bbox 473 1662 580 1735; x_wconf 86' lang='lat' dir='ltr'>quippe</span> <span class='ocrx_word' id='word_1_106' title='bbox 602 1660 666 1734; x_wconf 90' lang='lat' dir='ltr'>qui,</span> <span class='ocrx_word' id='word_1_107' title='bbox 690 1662 715 1718; x_wconf 89' lang='lat' dir='ltr'>si</span> <span class='ocrx_word' id='word_1_108' title='bbox 735 1661 884 1736; x_wconf 87' lang='lat' dir='ltr'>valerent,</span> <span class='ocrx_word' id='word_1_109' title='bbox 913 1677 965 1734; x_wconf 90' lang='lat' dir='ltr'>pro</span> <span class='ocrx_word' id='word_1_110' title='bbox 987 1659 1068 1734; x_wconf 86' lang='lat' dir='ltr'>Papa</span> <span class='ocrx_word' id='word_1_111' title='bbox 1095 1660 1192 1732; x_wconf 89' lang='lat' dir='ltr'>gladio</span> <span class='ocrx_word' id='word_1_112' title='bbox 1219 1659 1357 1718; x_wconf 86' lang='lat' dir='ltr'>adversus</span> <span class='ocrx_word' id='word_1_113' title='bbox 1380 1659 1455 1716; x_wconf 88' lang='lat' dir='ltr'>civi-</span> 
     </span>
     <span class='ocr_line' id='line_1_14' title="bbox 235 1762 1455 1838; baseline -0.004 -13"><span class='ocrx_word' id='word_1_114' title='bbox 235 1772 325 1825; x_wconf 87' lang='lat' dir='ltr'>tatem</span> <span class='ocrx_word' id='word_1_115' title='bbox 345 1766 425 1824; x_wconf 90' lang='lat' dir='ltr'>usuri</span> <span class='ocrx_word' id='word_1_116' title='bbox 448 1772 552 1824; x_wconf 88' lang='lat' dir='ltr'>esseut.</span> <span class='ocrx_word' id='word_1_117' title='bbox 597 1765 700 1838; x_wconf 86' lang='lat' dir='ltr'>Itaque</span> <span class='ocrx_word' id='word_1_118' title='bbox 718 1781 776 1824; x_wconf 92' lang='lat' dir='ltr'>non</span> <span class='ocrx_word' id='word_1_119' title='bbox 798 1765 901 1823; x_wconf 89' lang='lat' dir='ltr'>mirum</span> <span class='ocrx_word' id='word_1_120' title='bbox 921 1764 997 1838; x_wconf 94' lang='lat' dir='ltr'>quod</span> <span class='ocrx_word' id='word_1_121' title='bbox 1020 1769 1117 1838; x_wconf 88' lang='lat' dir='ltr'>erant,</span> <span class='ocrx_word' id='word_1_122' title='bbox 1146 1765 1195 1836; x_wconf 92' lang='lat' dir='ltr'>qui</span> <span class='ocrx_word' id='word_1_123' title='bbox 1218 1763 1297 1823; x_wconf 92' lang='lat' dir='ltr'>exilii</span> <span class='ocrx_word' id='word_1_124' title='bbox 1321 1762 1455 1822; x_wconf 86' lang='lat' dir='ltr'>evitandi</span> 
     </span>
     <span class='ocr_line' id='line_1_15' title="bbox 234 1867 1454 1930; baseline -0.004 -1"><span class='ocrx_word' id='word_1_125' title='bbox 234 1887 321 1930; x_wconf 89' lang='lat' dir='ltr'>causa</span> <span class='ocrx_word' id='word_1_126' title='bbox 348 1875 505 1930; x_wconf 87' lang='lat' dir='ltr'>renovatae</span> <span class='ocrx_word' id='word_1_127' title='bbox 536 1870 677 1928; x_wconf 81' lang='lat' dir='ltr'>ecclesiae</span> <span class='ocrx_word' id='word_1_128' title='bbox 709 1875 810 1928; x_wconf 86' lang='lat' dir='ltr'>contra</span> <span class='ocrx_word' id='word_1_129' title='bbox 842 1869 1047 1928; x_wconf 81' lang='lat' dir='ltr'>conscientiam</span> <span class='ocrx_word' id='word_1_130' title='bbox 1081 1867 1263 1927; x_wconf 80' lang='lat' dir='ltr'>accederent.</span> <span class='ocrx_word' id='word_1_131' title='bbox 1330 1867 1375 1925; x_wconf 92' lang='lat' dir='ltr'>De</span> <span class='ocrx_word' id='word_1_132' title='bbox 1402 1867 1454 1924; x_wconf 89' lang='lat' dir='ltr'>his</span> 
     </span>
     <span class='ocr_line' id='line_1_16' title="bbox 233 1970 1451 2045; baseline -0.003 -13"><span class='ocrx_word' id='word_1_133' title='bbox 233 1975 363 2034; x_wconf 85' lang='lat' dir='ltr'>omuibus</span> <span class='ocrx_word' id='word_1_134' title='bbox 385 1973 523 2033; x_wconf 84' lang='lat' dir='ltr'>Erasmus</span> <span class='ocrx_word' id='word_1_135' title='bbox 546 1975 653 2033; x_wconf 87' lang='lat' dir='ltr'>certior</span> <span class='ocrx_word' id='word_1_136' title='bbox 675 1973 783 2045; x_wconf 87' lang='lat' dir='ltr'>factus,</span> <span class='ocrx_word' id='word_1_137' title='bbox 805 1974 875 2032; x_wconf 88' lang='lat' dir='ltr'>setis</span> <span class='ocrx_word' id='word_1_138' title='bbox 898 1974 1058 2032; x_wconf 90' lang='lat' dir='ltr'>clementer</span> <span class='ocrx_word' id='word_1_139' title='bbox 1080 1977 1191 2032; x_wconf 88' lang='lat' dir='ltr'>rectam</span> <span class='ocrx_word' id='word_1_140' title='bbox 1207 1971 1282 2030; x_wconf 87' lang='lat' dir='ltr'>viem</span> <span class='ocrx_word' id='word_1_141' title='bbox 1304 1970 1451 2029; x_wconf 88' lang='lat' dir='ltr'>ostendit:</span> 
     </span>
     <span class='ocr_line' id='line_1_17' title="bbox 234 2075 1452 2154; baseline -0.004 -16"><span class='ocrx_word' id='word_1_142' title='bbox 234 2079 325 2153; x_wconf 85' lang='lat' dir='ltr'>,Nihil</span> <span class='ocrx_word' id='word_1_143' title='bbox 350 2097 404 2154; x_wconf 89' lang='lat' dir='ltr'>pcr</span> <span class='ocrx_word' id='word_1_144' title='bbox 431 2080 489 2138; x_wconf 86' lang='lat' dir='ltr'>vim</span> <span class='ocrx_word' id='word_1_145' title='bbox 519 2095 553 2138; x_wconf 88' lang='lat' dir='ltr'>ec</span> <span class='ocrx_word' id='word_1_146' title='bbox 584 2079 737 2138; x_wconf 90' lang='lat' dir='ltr'>tumultum</span> <span class='ocrx_word' id='word_1_147' title='bbox 765 2093 895 2152; x_wconf 87' lang='lat' dir='ltr'>agamus,</span> <span class='ocrx_word' id='word_1_148' title='bbox 929 2095 1024 2151; x_wconf 90' lang='lat' dir='ltr'>neque</span> <span class='ocrx_word' id='word_1_149' title='bbox 1054 2078 1186 2149; x_wconf 87' lang='lat' dir='ltr'>cuiquam</span> <span class='ocrx_word' id='word_1_150' title='bbox 1215 2077 1271 2134; x_wconf 90' lang='lat' dir='ltr'>hoc</span> <span class='ocrx_word' id='word_1_151' title='bbox 1298 2075 1452 2149; x_wconf 81' lang='lat' dir='ltr'>iaciamus,</span> 
     </span>
     <span class='ocr_line' id='line_1_18' title="bbox 231 2182 1451 2258; baseline -0.002 -16"><span class='ocrx_word' id='word_1_152' title='bbox 231 2184 352 2257; x_wconf 89' lang='lat' dir='ltr'>quodsi</span> <span class='ocrx_word' id='word_1_153' title='bbox 374 2183 458 2243; x_wconf 91' lang='lat' dir='ltr'>nobis</span> <span class='ocrx_word' id='word_1_154' title='bbox 480 2183 578 2258; x_wconf 87' lang='lat' dir='ltr'>lieret,</span> <span class='ocrx_word' id='word_1_155' title='bbox 601 2183 714 2242; x_wconf 90' lang='lat' dir='ltr'>coslum</span> <span class='ocrx_word' id='word_1_156' title='bbox 737 2197 773 2241; x_wconf 85' lang='lat' dir='ltr'>ac</span> <span class='ocrx_word' id='word_1_157' title='bbox 794 2188 902 2242; x_wconf 90' lang='lat' dir='ltr'>terrem</span> <span class='ocrx_word' id='word_1_158' title='bbox 925 2199 959 2241; x_wconf 89' lang='lat' dir='ltr'>ec</span> <span class='ocrx_word' id='word_1_159' title='bbox 981 2183 1074 2241; x_wconf 85' lang='lat' dir='ltr'>meria</span> <span class='ocrx_word' id='word_1_160' title='bbox 1093 2182 1327 2240; x_wconf 87' lang='lat' dir='ltr'>inclemeremus:</span> <span class='ocrx_word' id='word_1_161' title='bbox 1350 2195 1451 2252; x_wconf 88' lang='lat' dir='ltr'>usqne</span> 
     </span>
     <span class='ocr_line' id='line_1_19' title="bbox 231 2285 1451 2362; baseline -0.003 -16"><span class='ocrx_word' id='word_1_162' title='bbox 231 2305 402 2362; x_wconf 89' lang='lat' dir='ltr'>quemquam</span> <span class='ocrx_word' id='word_1_163' title='bbox 425 2289 462 2348; x_wconf 89' lang='lat' dir='ltr'>ad</span> <span class='ocrx_word' id='word_1_164' title='bbox 484 2305 588 2348; x_wconf 87' lang='lat' dir='ltr'>novam</span> <span class='ocrx_word' id='word_1_165' title='bbox 610 2287 794 2361; x_wconf 80' lang='lat' dir='ltr'>religionem,</span> <span class='ocrx_word' id='word_1_166' title='bbox 818 2302 907 2360; x_wconf 87' lang='lat' dir='ltr'>equa</span> <span class='ocrx_word' id='word_1_167' title='bbox 923 2286 1074 2362; x_wconf 79' lang='lat' dir='ltr'>abhorret,</span> <span class='ocrx_word' id='word_1_168' title='bbox 1095 2287 1299 2361; x_wconf 89' lang='lat' dir='ltr'>perpellemus.</span> <span class='ocrx_word' id='word_1_169' title='bbox 1323 2285 1451 2358; x_wconf 86' lang='lat' dir='ltr'>Aequis·</span> 
     </span>
     <span class='ocr_line' id='line_1_20' title="bbox 231 2389 1450 2466; baseline -0.002 -16"><span class='ocrx_word' id='word_1_170' title='bbox 231 2393 334 2451; x_wconf 90' lang='lat' dir='ltr'>simum</span> <span class='ocrx_word' id='word_1_171' title='bbox 353 2394 430 2452; x_wconf 89' lang='lat' dir='ltr'>enim</span> <span class='ocrx_word' id='word_1_172' title='bbox 453 2399 510 2465; x_wconf 88' lang='lat' dir='ltr'>est,</span> <span class='ocrx_word' id='word_1_173' title='bbox 532 2397 565 2450; x_wconf 92' lang='lat' dir='ltr'>ut</span> <span class='ocrx_word' id='word_1_174' title='bbox 587 2393 635 2466; x_wconf 93' lang='lat' dir='ltr'>qui</span> <span class='ocrx_word' id='word_1_175' title='bbox 658 2392 714 2450; x_wconf 90' lang='lat' dir='ltr'>sibi</span> <span class='ocrx_word' id='word_1_176' title='bbox 737 2393 794 2450; x_wconf 90' lang='lat' dir='ltr'>vim</span> <span class='ocrx_word' id='word_1_177' title='bbox 809 2389 872 2450; x_wconf 87' lang='lat' dir='ltr'>lieri</span> <span class='ocrx_word' id='word_1_178' title='bbox 895 2392 1011 2465; x_wconf 91' lang='lat' dir='ltr'>nolunt,</span> <span class='ocrx_word' id='word_1_179' title='bbox 1034 2391 1071 2450; x_wconf 86' lang='lat' dir='ltr'>ab</span> <span class='ocrx_word' id='word_1_180' title='bbox 1095 2391 1161 2451; x_wconf 89' lang='lat' dir='ltr'>aliis</span> <span class='ocrx_word' id='word_1_181' title='bbox 1184 2405 1249 2448; x_wconf 92' lang='lat' dir='ltr'>eam</span> <span class='ocrx_word' id='word_1_182' title='bbox 1271 2390 1450 2463; x_wconf 68' lang='lat' dir='ltr'>abstineant,</span> 
     </span>
     <span class='ocr_line' id='line_1_21' title="bbox 230 2495 1449 2570; baseline -0.004 -14"><span class='ocrx_word' id='word_1_183' title='bbox 230 2497 401 2570; x_wconf 87' lang='lat' dir='ltr'>pracsertim</span> <span class='ocrx_word' id='word_1_184' title='bbox 425 2513 510 2568; x_wconf 89' lang='lat' dir='ltr'>quum</span> <span class='ocrx_word' id='word_1_185' title='bbox 537 2497 583 2556; x_wconf 91' lang='lat' dir='ltr'>hic</span> <span class='ocrx_word' id='word_1_186' title='bbox 605 2512 717 2570; x_wconf 88' lang='lat' dir='ltr'>quoqne</span> <span class='ocrx_word' id='word_1_187' title='bbox 740 2496 843 2555; x_wconf 88' lang='lat' dir='ltr'>melior</span> <span class='ocrx_word' id='word_1_188' title='bbox 866 2497 903 2553; x_wconf 87' lang='lat' dir='ltr'>sit</span> <span class='ocrx_word' id='word_1_189' title='bbox 926 2511 1014 2554; x_wconf 86' lang='lat' dir='ltr'>cause</span> <span class='ocrx_word' id='word_1_190' title='bbox 1036 2501 1096 2554; x_wconf 87' lang='lat' dir='ltr'>tam</span> <span class='ocrx_word' id='word_1_191' title='bbox 1118 2495 1196 2568; x_wconf 85' lang='lat' dir='ltr'>longi</span> <span class='ocrx_word' id='word_1_192' title='bbox 1216 2495 1449 2568; x_wconf 80' lang='lat' dir='ltr'>praescriptione</span> 
     </span>
     <span class='ocr_line' id='line_1_22' title="bbox 230 2600 602 2673; baseline 0 -15"><span class='ocrx_word' id='word_1_193' title='bbox 230 2600 369 2673; x_wconf 87' lang='lat' dir='ltr'>temporis</span> <span class='ocrx_word' id='word_1_194' title='bbox 389 2616 421 2658; x_wconf 89' lang='lat' dir='ltr'>se</span> <span class='ocrx_word' id='word_1_195' title='bbox 442 2601 602 2658; x_wconf 86' lang='lat' dir='ltr'>tuentium‘</span> 
     </span>
    </p>

    <p class='ocr_par' dir='ltr' id='par_1_3' title="bbox 220 2702 1447 4342">
     <span class='ocr_line' id='line_1_23' title="bbox 317 2702 1447 2779; baseline 0 -18"><span class='ocrx_word' id='word_1_196' title='bbox 317 2702 397 2774; x_wconf 80' lang='lat' dir='ltr'>Quae</span> <span class='ocrx_word' id='word_1_197' title='bbox 419 2703 565 2776; x_wconf 89' lang='lat' dir='ltr'>hucusque</span> <span class='ocrx_word' id='word_1_198' title='bbox 588 2703 666 2764; x_wconf 90' lang='lat' dir='ltr'>dicte</span> <span class='ocrx_word' id='word_1_199' title='bbox 688 2711 767 2779; x_wconf 89' lang='lat' dir='ltr'>snut,</span> <span class='ocrx_word' id='word_1_200' title='bbox 791 2705 828 2764; x_wconf 88' lang='lat' dir='ltr'>ed</span> <span class='ocrx_word' id='word_1_201' title='bbox 851 2705 977 2765; x_wconf 89' lang='lat' dir='ltr'>animum</span> <span class='ocrx_word' id='word_1_202' title='bbox 1000 2719 1068 2763; x_wconf 87' lang='lat' dir='ltr'>vere</span> <span class='ocrx_word' id='word_1_203' title='bbox 1092 2703 1278 2763; x_wconf 83' lang='lat' dir='ltr'>christianum</span> <span class='ocrx_word' id='word_1_204' title='bbox 1301 2708 1447 2777; x_wconf 85' lang='lat' dir='ltr'>spectant,</span> 
     </span>
     <span class='ocr_line' id='line_1_24' title="bbox 228 2806 1447 2884; baseline 0 -19"><span class='ocrx_word' id='word_1_205' title='bbox 228 2821 285 2880; x_wconf 93' lang='lat' dir='ltr'>quc</span> <span class='ocrx_word' id='word_1_206' title='bbox 303 2808 517 2866; x_wconf 71' lang='lat' dir='ltr'>coneoversiae</span> <span class='ocrx_word' id='word_1_207' title='bbox 539 2807 569 2865; x_wconf 91' lang='lat' dir='ltr'>in</span> <span class='ocrx_word' id='word_1_208' title='bbox 594 2809 718 2868; x_wconf 86' lang='lat' dir='ltr'>ecclesie</span> <span class='ocrx_word' id='word_1_209' title='bbox 739 2810 860 2869; x_wconf 66' lang='lat' dir='ltr'>tractim</span> <span class='ocrx_word' id='word_1_210' title='bbox 880 2809 1016 2868; x_wconf 88' lang='lat' dir='ltr'>debeant.</span> <span class='ocrx_word' id='word_1_211' title='bbox 1061 2807 1185 2884; x_wconf 83' lang='lat' dir='ltr'>Eorum,</span> <span class='ocrx_word' id='word_1_212' title='bbox 1204 2824 1279 2882; x_wconf 86' lang='lat' dir='ltr'>qnae</span> <span class='ocrx_word' id='word_1_213' title='bbox 1295 2806 1331 2865; x_wconf 90' lang='lat' dir='ltr'>de</span> <span class='ocrx_word' id='word_1_214' title='bbox 1346 2808 1447 2880; x_wconf 89' lang='lat' dir='ltr'>singu-</span> 
     </span>
     <span class='ocr_line' id='line_1_25' title="bbox 225 2909 1446 2986; baseline 0 -17"><span class='ocrx_word' id='word_1_215' title='bbox 225 2911 261 2969; x_wconf 92' lang='lat' dir='ltr'>lis</span> <span class='ocrx_word' id='word_1_216' title='bbox 283 2909 371 2970; x_wconf 88' lang='lat' dir='ltr'>rebus</span> <span class='ocrx_word' id='word_1_217' title='bbox 389 2913 581 2970; x_wconf 87' lang='lat' dir='ltr'>controversis</span> <span class='ocrx_word' id='word_1_218' title='bbox 603 2911 658 2970; x_wconf 93' lang='lat' dir='ltr'>hoc</span> <span class='ocrx_word' id='word_1_219' title='bbox 676 2913 771 2972; x_wconf 90' lang='lat' dir='ltr'>animo</span> <span class='ocrx_word' id='word_1_220' title='bbox 794 2913 982 2973; x_wconf 86' lang='lat' dir='ltr'>conciliandis</span> <span class='ocrx_word' id='word_1_221' title='bbox 1005 2913 1143 2972; x_wconf 86' lang='lat' dir='ltr'>Erasmus</span> <span class='ocrx_word' id='word_1_222' title='bbox 1162 2911 1286 2986; x_wconf 90' lang='lat' dir='ltr'>judicat,</span> <span class='ocrx_word' id='word_1_223' title='bbox 1310 2911 1446 2984; x_wconf 88' lang='lat' dir='ltr'>exempla</span> 
     </span>
     <span class='ocr_line' id='line_1_26' title="bbox 225 3015 1443 3091; baseline 0 -17"><span class='ocrx_word' id='word_1_224' title='bbox 225 3015 367 3089; x_wconf 87' lang='lat' dir='ltr'>qneedam</span> <span class='ocrx_word' id='word_1_225' title='bbox 390 3015 543 3089; x_wconf 85' lang='lat' dir='ltr'>proferam.</span> <span class='ocrx_word' id='word_1_226' title='bbox 588 3017 823 3090; x_wconf 86' lang='lat' dir='ltr'>Praescriptione</span> <span class='ocrx_word' id='word_1_227' title='bbox 846 3018 897 3076; x_wconf 88' lang='lat' dir='ltr'>illa</span> <span class='ocrx_word' id='word_1_228' title='bbox 917 3019 1054 3091; x_wconf 87' lang='lat' dir='ltr'>temporis</span> <span class='ocrx_word' id='word_1_229' title='bbox 1074 3034 1133 3076; x_wconf 90' lang='lat' dir='ltr'>non</span> <span class='ocrx_word' id='word_1_230' title='bbox 1156 3033 1192 3076; x_wconf 88' lang='lat' dir='ltr'>ea</span> <span class='ocrx_word' id='word_1_231' title='bbox 1215 3017 1285 3075; x_wconf 89' lang='lat' dir='ltr'>sinit</span> <span class='ocrx_word' id='word_1_232' title='bbox 1300 3017 1443 3088; x_wconf 88' lang='lat' dir='ltr'>excusari,</span> 
     </span>
     <span class='ocr_line' id='line_1_27' title="bbox 225 3120 1443 3196; baseline 0.001 -18"><span class='ocrx_word' id='word_1_233' title='bbox 225 3136 300 3193; x_wconf 90' lang='lat' dir='ltr'>quae</span> <span class='ocrx_word' id='word_1_234' title='bbox 330 3121 419 3180; x_wconf 85' lang='lat' dir='ltr'>verbo</span> <span class='ocrx_word' id='word_1_235' title='bbox 449 3120 545 3180; x_wconf 88' lang='lat' dir='ltr'>divino</span> <span class='ocrx_word' id='word_1_236' title='bbox 577 3128 607 3181; x_wconf 91' lang='lat' dir='ltr'>ct</span> <span class='ocrx_word' id='word_1_237' title='bbox 636 3122 749 3196; x_wconf 85' lang='lat' dir='ltr'>spiritui</span> <span class='ocrx_word' id='word_1_238' title='bbox 780 3121 887 3181; x_wconf 86' lang='lat' dir='ltr'>Christi</span> <span class='ocrx_word' id='word_1_239' title='bbox 915 3121 1068 3181; x_wconf 80' lang='lat' dir='ltr'>manifeste</span> <span class='ocrx_word' id='word_1_240' title='bbox 1098 3127 1271 3196; x_wconf 88' lang='lat' dir='ltr'>repugnent</span> <span class='ocrx_word' id='word_1_241' title='bbox 1330 3121 1443 3180; x_wconf 87' lang='lat' dir='ltr'>Passim</span> 
     </span>
     <span class='ocr_line' id='line_1_28' title="bbox 225 3223 1442 3301; baseline 0 -18"><span class='ocrx_word' id='word_1_242' title='bbox 225 3225 334 3299; x_wconf 91' lang='lat' dir='ltr'>aliquid</span> <span class='ocrx_word' id='word_1_243' title='bbox 363 3225 457 3284; x_wconf 89' lang='lat' dir='ltr'>critici</span> <span class='ocrx_word' id='word_1_244' title='bbox 487 3227 611 3301; x_wconf 89' lang='lat' dir='ltr'>ingenii,</span> <span class='ocrx_word' id='word_1_245' title='bbox 641 3228 712 3287; x_wconf 90' lang='lat' dir='ltr'>licet</span> <span class='ocrx_word' id='word_1_246' title='bbox 740 3243 794 3300; x_wconf 90' lang='lat' dir='ltr'>pro</span> <span class='ocrx_word' id='word_1_247' title='bbox 817 3223 875 3285; x_wconf 88' lang='lat' dir='ltr'>fine</span> <span class='ocrx_word' id='word_1_248' title='bbox 905 3227 1050 3300; x_wconf 87' lang='lat' dir='ltr'>proposito</span> <span class='ocrx_word' id='word_1_249' title='bbox 1081 3225 1239 3300; x_wconf 87' lang='lat' dir='ltr'>moderati,</span> <span class='ocrx_word' id='word_1_250' title='bbox 1276 3227 1364 3284; x_wconf 85' lang='lat' dir='ltr'>ctiam</span> <span class='ocrx_word' id='word_1_251' title='bbox 1393 3225 1442 3283; x_wconf 82' lang='lat' dir='ltr'>luic</span> 
     </span>
     <span class='ocr_line' id='line_1_29' title="bbox 225 3329 1442 3404; baseline 0.002 -18"><span class='ocrx_word' id='word_1_252' title='bbox 225 3329 410 3403; x_wconf 87' lang='lat' dir='ltr'>conspicitur.</span> <span class='ocrx_word' id='word_1_253' title='bbox 455 3332 693 3404; x_wconf 75' lang='lat' dir='ltr'>‚superstitiones</span> <span class='ocrx_word' id='word_1_254' title='bbox 724 3336 754 3390; x_wconf 90' lang='lat' dir='ltr'>et</span> <span class='ocrx_word' id='word_1_255' title='bbox 781 3330 895 3391; x_wconf 88' lang='lat' dir='ltr'>sordes‘</span> <span class='ocrx_word' id='word_1_256' title='bbox 925 3331 1088 3404; x_wconf 90' lang='lat' dir='ltr'>ubicunque</span> <span class='ocrx_word' id='word_1_257' title='bbox 1117 3329 1303 3404; x_wconf 88' lang='lat' dir='ltr'>irrepserint,</span> <span class='ocrx_word' id='word_1_258' title='bbox 1332 3329 1442 3389; x_wconf 84' lang='lat' dir='ltr'>auferri</span> 
     </span>
     <span class='ocr_line' id='line_1_30' title="bbox 220 3431 1441 3511; baseline 0.003 -21"><span class='ocrx_word' id='word_1_259' title='bbox 220 3431 313 3505; x_wconf 87' lang='lat' dir='ltr'>jubet.</span> <span class='ocrx_word' id='word_1_260' title='bbox 366 3433 411 3492; x_wconf 88' lang='lat' dir='ltr'>Eo</span> <span class='ocrx_word' id='word_1_261' title='bbox 434 3435 529 3494; x_wconf 88' lang='lat' dir='ltr'>animo</span> <span class='ocrx_word' id='word_1_262' title='bbox 551 3437 624 3494; x_wconf 84' lang='lat' dir='ltr'>hece</span> <span class='ocrx_word' id='word_1_263' title='bbox 647 3437 754 3509; x_wconf 87' lang='lat' dir='ltr'>scripte</span> <span class='ocrx_word' id='word_1_264' title='bbox 776 3442 854 3495; x_wconf 89' lang='lat' dir='ltr'>sunt:</span> <span class='ocrx_word' id='word_1_265' title='bbox 890 3434 1030 3511; x_wconf 87' lang='lat' dir='ltr'>,Turbam</span> <span class='ocrx_word' id='word_1_266' title='bbox 1051 3433 1191 3494; x_wconf 87' lang='lat' dir='ltr'>festorum</span> <span class='ocrx_word' id='word_1_267' title='bbox 1213 3434 1338 3504; x_wconf 87' lang='lat' dir='ltr'>dicrum,</span> <span class='ocrx_word' id='word_1_268' title='bbox 1371 3451 1441 3510; x_wconf 88' lang='lat' dir='ltr'>quos</span> 
     </span>
     <span class='ocr_line' id='line_1_31' title="bbox 224 3535 1440 3612; baseline 0.002 -19"><span class='ocrx_word' id='word_1_269' title='bbox 224 3535 271 3593; x_wconf 85' lang='lat' dir='ltr'>vel</span> <span class='ocrx_word' id='word_1_270' title='bbox 290 3537 419 3611; x_wconf 87' lang='lat' dir='ltr'>episcopi</span> <span class='ocrx_word' id='word_1_271' title='bbox 446 3539 638 3598; x_wconf 89' lang='lat' dir='ltr'>multitudinis</span> <span class='ocrx_word' id='word_1_272' title='bbox 663 3538 814 3600; x_wconf 82' lang='lat' dir='ltr'>effectibus</span> <span class='ocrx_word' id='word_1_273' title='bbox 843 3539 1029 3612; x_wconf 87' lang='lat' dir='ltr'>indulgentes</span> <span class='ocrx_word' id='word_1_274' title='bbox 1049 3537 1224 3598; x_wconf 87' lang='lat' dir='ltr'>induxerunt</span> <span class='ocrx_word' id='word_1_275' title='bbox 1250 3540 1297 3597; x_wconf 85' lang='lat' dir='ltr'>vel</span> <span class='ocrx_word' id='word_1_276' title='bbox 1316 3539 1440 3598; x_wconf 83' lang='lat' dir='ltr'>Romani</span> 
     </span>
     <span class='ocr_line' id='line_1_32' title="bbox 224 3638 1441 3717; baseline 0.003 -20"><span class='ocrx_word' id='word_1_277' title='bbox 224 3638 378 3698; x_wconf 89' lang='lat' dir='ltr'>Pontifices</span> <span class='ocrx_word' id='word_1_278' title='bbox 412 3643 505 3701; x_wconf 89' lang='lat' dir='ltr'>causis</span> <span class='ocrx_word' id='word_1_279' title='bbox 542 3659 600 3701; x_wconf 91' lang='lat' dir='ltr'>non</span> <span class='ocrx_word' id='word_1_280' title='bbox 633 3643 806 3702; x_wconf 86' lang='lat' dir='ltr'>necessariis</span> <span class='ocrx_word' id='word_1_281' title='bbox 846 3645 1047 3716; x_wconf 88' lang='lat' dir='ltr'>instituerunt,</span> <span class='ocrx_word' id='word_1_282' title='bbox 1081 3642 1137 3717; x_wconf 92' lang='lat' dir='ltr'>ipsi</span> <span class='ocrx_word' id='word_1_283' title='bbox 1171 3641 1257 3702; x_wconf 87' lang='lat' dir='ltr'>lacile</span> <span class='ocrx_word' id='word_1_284' title='bbox 1290 3643 1441 3716; x_wconf 90' lang='lat' dir='ltr'>patientur</span> 
     </span>
     <span class='ocr_line' id='line_1_33' title="bbox 224 3743 1440 3822; baseline 0.003 -20"><span class='ocrx_word' id='word_1_285' title='bbox 224 3743 373 3820; x_wconf 87' lang='lat' dir='ltr'>abrogari,</span> <span class='ocrx_word' id='word_1_286' title='bbox 405 3745 480 3818; x_wconf 94' lang='lat' dir='ltr'>quod</span> <span class='ocrx_word' id='word_1_287' title='bbox 507 3761 599 3818; x_wconf 89' lang='lat' dir='ltr'>genus</span> <span class='ocrx_word' id='word_1_288' title='bbox 628 3753 695 3806; x_wconf 90' lang='lat' dir='ltr'>suut</span> <span class='ocrx_word' id='word_1_289' title='bbox 720 3745 826 3806; x_wconf 81' lang='lat' dir='ltr'>festum</span> <span class='ocrx_word' id='word_1_290' title='bbox 854 3747 1052 3821; x_wconf 90' lang='lat' dir='ltr'>conceptionis</span> <span class='ocrx_word' id='word_1_291' title='bbox 1080 3753 1111 3806; x_wconf 91' lang='lat' dir='ltr'>et</span> <span class='ocrx_word' id='word_1_292' title='bbox 1139 3747 1298 3806; x_wconf 64' lang='lat' dir='ltr'>reddetis</span> <span class='ocrx_word' id='word_1_293' title='bbox 1320 3748 1440 3822; x_wconf 88' lang='lat' dir='ltr'>virginis</span> 
     </span>
     <span class='ocr_line' id='line_1_34' title="bbox 223 3847 1442 3925; baseline 0.004 -20"><span class='ocrx_word' id='word_1_294' title='bbox 223 3849 339 3922; x_wconf 88' lang='lat' dir='ltr'>metris,</span> <span class='ocrx_word' id='word_1_295' title='bbox 367 3847 474 3908; x_wconf 84' lang='lat' dir='ltr'>festum</span> <span class='ocrx_word' id='word_1_296' title='bbox 497 3851 741 3923; x_wconf 86' lang='lat' dir='ltr'>praesentationis</span> <span class='ocrx_word' id='word_1_297' title='bbox 769 3852 799 3909; x_wconf 93' lang='lat' dir='ltr'>iu</span> <span class='ocrx_word' id='word_1_298' title='bbox 817 3853 940 3925; x_wconf 88' lang='lat' dir='ltr'>templo.</span> <span class='ocrx_word' id='word_1_299' title='bbox 984 3850 1025 3910; x_wconf 84' lang='lat' dir='ltr'>Et</span> <span class='ocrx_word' id='word_1_300' title='bbox 1047 3850 1126 3909; x_wconf 89' lang='lat' dir='ltr'>hand</span> <span class='ocrx_word' id='word_1_301' title='bbox 1146 3851 1206 3910; x_wconf 93' lang='lat' dir='ltr'>scio</span> <span class='ocrx_word' id='word_1_302' title='bbox 1228 3866 1266 3909; x_wconf 91' lang='lat' dir='ltr'>au</span> <span class='ocrx_word' id='word_1_303' title='bbox 1290 3851 1442 3924; x_wconf 86' lang='lat' dir='ltr'>expediret</span> 
     </span>
     <span class='ocr_line' id='line_1_35' title="bbox 222 3952 1439 4032; baseline 0.003 -21"><span class='ocrx_word' id='word_1_304' title='bbox 222 3953 332 4011; x_wconf 91' lang='lat' dir='ltr'>nullum</span> <span class='ocrx_word' id='word_1_305' title='bbox 354 3955 470 4012; x_wconf 91' lang='lat' dir='ltr'>omniuo</span> <span class='ocrx_word' id='word_1_306' title='bbox 493 3952 598 4014; x_wconf 84' lang='lat' dir='ltr'>festum</span> <span class='ocrx_word' id='word_1_307' title='bbox 621 3954 740 4015; x_wconf 90' lang='lat' dir='ltr'>solenne</span> <span class='ocrx_word' id='word_1_308' title='bbox 761 3955 863 4032; x_wconf 90' lang='lat' dir='ltr'>indici,</span> <span class='ocrx_word' id='word_1_309' title='bbox 886 3955 943 4014; x_wconf 90' lang='lat' dir='ltr'>nisi</span> <span class='ocrx_word' id='word_1_310' title='bbox 965 3957 1046 4030; x_wconf 76' lang='lat' dir='ltr'>anus</span> <span class='ocrx_word' id='word_1_311' title='bbox 1069 3961 1270 4028; x_wconf 86' lang='lat' dir='ltr'>argumentum</span> <span class='ocrx_word' id='word_1_312' title='bbox 1293 3961 1388 4014; x_wconf 87' lang='lat' dir='ltr'>exstet</span> <span class='ocrx_word' id='word_1_313' title='bbox 1408 3959 1439 4015; x_wconf 89' lang='lat' dir='ltr'>lu</span> 
     </span>
     <span class='ocr_line' id='line_1_36' title="bbox 221 4058 1440 4134; baseline 0.002 -18"><span class='ocrx_word' id='word_1_314' title='bbox 221 4058 313 4116; x_wconf 87' lang='lat' dir='ltr'>sacris</span> <span class='ocrx_word' id='word_1_315' title='bbox 342 4058 456 4116; x_wconf 87' lang='lat' dir='ltr'>litteris.</span> <span class='ocrx_word' id='word_1_316' title='bbox 516 4059 603 4118; x_wconf 88' lang='lat' dir='ltr'>Diem</span> <span class='ocrx_word' id='word_1_317' title='bbox 629 4059 803 4118; x_wconf 91' lang='lat' dir='ltr'>dominicum</span> <span class='ocrx_word' id='word_1_318' title='bbox 834 4075 949 4134; x_wconf 89' lang='lat' dir='ltr'>semper</span> <span class='ocrx_word' id='word_1_319' title='bbox 980 4060 1101 4133; x_wconf 84' lang='lat' dir='ltr'>excipio.</span> <span class='ocrx_word' id='word_1_320' title='bbox 1157 4058 1257 4117; x_wconf 80' lang='lat' dir='ltr'>Facile</span> <span class='ocrx_word' id='word_1_321' title='bbox 1290 4060 1440 4132; x_wconf 78' lang='lat' dir='ltr'>pedsutur</span> 
     </span>
     <span class='ocr_line' id='line_1_37' title="bbox 222 4159 1439 4238; baseline 0 -15"><span class='ocrx_word' id='word_1_322' title='bbox 222 4177 287 4223; x_wconf 83' lang='lat' dir='ltr'>csse</span> <span class='ocrx_word' id='word_1_323' title='bbox 310 4159 387 4220; x_wconf 83' lang='lat' dir='ltr'>festa</span> <span class='ocrx_word' id='word_1_324' title='bbox 407 4161 561 4236; x_wconf 89' lang='lat' dir='ltr'>pauciora,</span> <span class='ocrx_word' id='word_1_325' title='bbox 583 4162 668 4222; x_wconf 89' lang='lat' dir='ltr'>modo</span> <span class='ocrx_word' id='word_1_326' title='bbox 692 4179 742 4231; x_wconf 81' lang='lat' dir='ltr'>sa,</span> <span class='ocrx_word' id='word_1_327' title='bbox 770 4179 843 4237; x_wconf 90' lang='lat' dir='ltr'>quae</span> <span class='ocrx_word' id='word_1_328' title='bbox 865 4171 1034 4238; x_wconf 88' lang='lat' dir='ltr'>supersunt,</span> <span class='ocrx_word' id='word_1_329' title='bbox 1062 4165 1171 4236; x_wconf 83' lang='lat' dir='ltr'>majore</span> <span class='ocrx_word' id='word_1_330' title='bbox 1200 4163 1342 4236; x_wconf 87' lang='lat' dir='ltr'>religione</span> <span class='ocrx_word' id='word_1_331' title='bbox 1362 4164 1439 4224; x_wconf 88' lang='lat' dir='ltr'>cclc-</span> 
     </span>
     <span class='ocr_line' id='line_1_38' title="bbox 221 4265 1438 4342; baseline 0.003 -19"><span class='ocrx_word' id='word_1_332' title='bbox 221 4265 349 4324; x_wconf 87' lang='lat' dir='ltr'>brentur.</span> <span class='ocrx_word' id='word_1_333' title='bbox 395 4265 498 4340; x_wconf 78' lang='lat' dir='ltr'>Festa,</span> <span class='ocrx_word' id='word_1_334' title='bbox 529 4282 604 4340; x_wconf 85' lang='lat' dir='ltr'>ques</span> <span class='ocrx_word' id='word_1_335' title='bbox 634 4267 802 4327; x_wconf 88' lang='lat' dir='ltr'>sodalitates</span> <span class='ocrx_word' id='word_1_336' title='bbox 828 4267 883 4326; x_wconf 90' lang='lat' dir='ltr'>sibi</span> <span class='ocrx_word' id='word_1_337' title='bbox 913 4269 1027 4341; x_wconf 87' lang='lat' dir='ltr'>privata</span> <span class='ocrx_word' id='word_1_338' title='bbox 1052 4268 1232 4327; x_wconf 91' lang='lat' dir='ltr'>constituunt</span> <span class='ocrx_word' id='word_1_339' title='bbox 1254 4269 1438 4342; x_wconf 84' lang='lat' dir='ltr'>auctoritate,</span> 
     </span>
    </p>
   </div>
   <div class='ocr_carea' id='block_1_3' title="bbox 221 4499 1435 4647">
    <p class='ocr_par' dir='ltr' id='par_1_4' title="bbox 221 4499 1435 4647">
     <span class='ocr_line' id='line_1_39' title="bbox 310 4499 1435 4567; baseline 0.004 -21"><span class='ocrx_word' id='word_1_340' title='bbox 310 4499 336 4562; x_wconf 85' lang='lat'>1)</span> <span class='ocrx_word' id='word_1_341' title='bbox 354 4500 392 4548; x_wconf 82' lang='lat' dir='ltr'>cl.</span> <span class='ocrx_word' id='word_1_342' title='bbox 411 4501 441 4549; x_wconf 89' lang='lat' dir='ltr'>de</span> <span class='ocrx_word' id='word_1_343' title='bbox 462 4500 512 4549; x_wconf 83' lang='lat' dir='ltr'>his:</span> <span class='ocrx_word' id='word_1_344' title='bbox 532 4500 665 4562; x_wconf 84' lang='lat' dir='ltr'>Nceudcr,</span> <span class='ocrx_word' id='word_1_345' title='bbox 686 4503 730 4552; x_wconf 86' lang='lat' dir='ltr'>des</span> <span class='ocrx_word' id='word_1_346' title='bbox 743 4501 810 4551; x_wconf 83' lang='lat' dir='ltr'>Eine</span> <span class='ocrx_word' id='word_1_347' title='bbox 822 4501 873 4550; x_wconf 87' lang='lat' dir='ltr'>und</span> <span class='ocrx_word' id='word_1_348' title='bbox 884 4500 1082 4567; x_wconf 83' lang='lat' dir='ltr'>Mennigseltige</span> <span class='ocrx_word' id='word_1_349' title='bbox 1094 4501 1139 4552; x_wconf 87' lang='lat' dir='ltr'>des</span> <span class='ocrx_word' id='word_1_350' title='bbox 1156 4502 1322 4552; x_wconf 84' lang='lat' dir='ltr'>christlichen</span> <span class='ocrx_word' id='word_1_351' title='bbox 1334 4501 1435 4554; x_wconf 85' lang='lat' dir='ltr'>Lebens</span> 
     </span>
     <span class='ocr_line' id='line_1_40' title="bbox 221 4585 344 4647; baseline 0.016 -17"><span class='ocrx_word' id='word_1_352' title='bbox 221 4598 245 4647; x_wconf 84' lang='lat' dir='ltr'>p.</span> <span class='ocrx_word' id='word_1_353' title='bbox 261 4585 311 4632; x_wconf 73' lang='lat'>222</span> <span class='ocrx_word' id='word_1_354' title='bbox 323 4597 344 4632; x_wconf 85' lang='lat' dir='ltr'>s.</span> 
     </span>
    </p>
   </div>
   <div class='ocr_carea' id='block_1_4' title="bbox 0 0 1592 5064">
    <p class='ocr_par' dir='ltr' id='par_1_5' title="bbox 0 0 1592 5064">
     <span class='ocr_line' id='line_1_41' title="bbox 0 0 1592 5064; baseline 0 4"><span class='ocrx_word' id='word_1_355' title='bbox 0 0 1592 5064; x_wconf 95' lang='lat' dir='ltr'> </span> 
     </span>
    </p>
   </div>
  </div>
 </body>
</html>
