3156 5056
192 201 244 260 190
672 195 774 256 Pmrs
793 199 906 256 Paratus

190 417 283 478 lessus
310 424 363 477 est
407 417 508 491 ltaque
536 417 616 477 haud
640 435 743 492 parum
764 418 888 477 contulit
912 418 951 477 ad
972 419 1080 477 multos
1100 419 1133 476 in
1153 419 1306 493 republica
1327 421 1410 478 litte-

190 523 270 582 rama
297 523 374 580 siros
398 522 543 596 insignes,
576 523 665 582 etism
695 527 823 595 exteros,
850 522 879 581 ei
915 521 1122 582 conciliandos.
1174 523 1258 582 illius
1292 523 1410 582 libellos

189 625 328 700 quosdam
356 627 473 685 mammis
495 625 629 687 laudibus
651 626 823 700 extollebat,
850 643 900 685 cos
921 627 1073 700 nimirum,
1102 627 1409 702 quibus‚spi1itualis

190 729 438 790 Christianismus‘
461 729 631 803 simpliciter
647 731 793 804 expositus
814 735 888 788 erut
932 729 1092 804 ‚Optimum
1113 746 1257 804 quemque
1271 738 1304 790 et
1319 747 1409 790 eruu-

189 837 302 910 gelicae
323 835 474 895 docbiuae
503 833 663 907 proximum
688 835 806 893 minime
835 850 900 893 esse
928 831 1072 894 infensum
1094 833 1238 894 Lutheru‘
1266 841 1406 910 termium

193 941 306 1016 ‚bullae
329 953 399 1000 vero
419 939 571 998 soevitiam
592 955 692 998 omues
713 938 819 1012 probos
841 936 1007 998 offendero!
1051 937 1136 997 Talia
1154 955 1244 1012 quum
1255 939 1408 999 lbiderieo

190 1044 321 1117 sapienti
344 1042 473 1104 Electori
495 1041 655 1116 scriberet,
676 1042 732 1101 hoc
753 1042 838 1101 dmul
860 1041 983 1101 inseruit
1005 1041 1269 1116 splendidissimum
1290 1043 1329 1103 de
1343 1044 1406 1116 ipso

189 1149 317 1208 Luthero
342 1146 553 1206 testimouium:
585 1144 690 1220 ,Certe
719 1147 810 1205 utam
830 1145 953 1204 hominis
975 1161 1060 1206 nemo
1081 1147 1131 1219 qui
1152 1148 1232 1206 norit
1251 1147 1404 1220 improbat

190 1269 266 1326 quae
290 1266 377 1326 quum
398 1251 566 1325 longissime
588 1250 664 1310 absit
685 1250 723 1309 ab
744 1250 823 1309 omni
845 1250 1009 1324 suspicione
1031 1250 1173 1310 avaritiae
1200 1256 1253 1310 aut
1271 1251 1404 1311 ambitio·

190 1357 253 1430 nias
271 1361 302 1415 et
323 1371 435 1414 morum
456 1355 625 1414 innocentia
646 1355 693 1414 vel
715 1353 792 1428 apud
811 1353 951 1414 Elhnicos
972 1353 1102 1414 favorem
1121 1353 1250 1416 invenit}
1293 1354 1404 1414 ldemo-

189 1465 256 1520 rato
283 1459 401 1536 dignum
426 1459 457 1518 id
485 1463 547 1533 est,
573 1458 650 1533 quod
675 1459 827 1533 humus,
857 1475 944 1532 quem
964 1457 1082 1518 Grotius
1109 1458 1183 1517 nihil
1211 1474 1271 1518 non
1296 1459 1403 1518 vidisse

189 1565 272 1639 dicit,
304 1569 374 1623 tunc
407 1562 630 1638 animadvertit,
663 1552 835 1637 Lutherum,
862 1563 1008 1623 sincerum
1040 1563 1189 1640 evangelii
1220 1578 1403 1636 praeconem,

190 1669 279 1728 etism
300 1667 436 1728 meliores
459 1665 597 1740 quosdam
620 1667 749 1726 ethnicos
770 1667 831 1727 sive
854 1665 1073 1742 Ciceronianos,
1094 1667 1132 1727 ab
1159 1667 1312 1740 evangelio
1332 1667 1403 1726 alie·

189 1789 258 1848 nos,
288 1772 319 1831 in
346 1771 390 1831 sui
419 1771 614 1830 reverentiam
645 1771 809 1832 inclinasse.
860 1770 929 1831 Vita
957 1770 1094 1830 nimirum
1126 1771 1306 1846 congruebat
1339 1788 1402 1830 cum

191 1877 323 1936 oratione
345 1876 476 1936 docentis
498 1891 593 1949 neque
615 1876 708 1935 oratio
730 1876 762 1936 iu
777 1875 867 1935 labris
888 1874 942 1935 scd
959 1875 991 1934 in
1005 1879 1126 1950 pectore
1143 1877 1225 1936 nasci
1243 1875 1402 1936 videbatur.

190 1981 292 2054 Itaque
313 1979 419 2040 lactum
443 1985 489 2040 est
509 1985 542 2038 ut
560 1978 697 2053 permulti
716 1979 762 2038 vel
782 1979 860 2039 docti
880 1979 926 2038 rel
945 1977 1054 2038 indocti
1068 1978 1244 2054 lutherum,
1265 1977 1403 2053 quidquid

189 2085 226 2144 de
250 2084 370 2160 singulis
395 2083 564 2158 quibusdam
586 2085 648 2157 ejus
674 2083 827 2143 sententiis
853 2083 1027 2157 censebant,
1062 2083 1249 2158 evangelicae
1271 2083 1402 2143 veritatis

190 2204 305 2249 caumm
327 2192 429 2248 contra
451 2187 580 2262 eiusdem
602 2202 788 2262 oppressores
809 2186 973 2260 suscepisse
987 2187 1237 2260 persuasissimum
1251 2186 1402 2247 habereut

274 2293 333 2366 Ipsi
354 2307 424 2352 vero
446 2291 607 2352 adversarii
629 2293 707 2366 ejus,
730 2289 889 2350 honoribus
912 2296 943 2351 et
964 2291 1096 2365 potentia
1117 2288 1269 2368 florentes,
1297 2290 1403 2351 Gaesa-

188 2398 229 2457 ris
256 2401 343 2470 atque
370 2397 455 2472 longe
486 2396 673 2470 plurimorum
699 2394 866 2469 Principum
896 2394 1003 2454 auxilio
1032 2395 1202 2472 gloriantes,
1233 2394 1343 2454 invidia
1372 2399 1403 2454 et

188 2501 330 2576 injustitia
358 2515 412 2558 sna
438 2505 581 2558 auxerunt
607 2498 684 2557 illius
712 2500 923 2559 auctoritatem.
976 2499 1021 2557 Eo
1043 2500 1136 2572 magis
1161 2501 1239 2559 enim
1261 2499 1403 2559 nobilissi-

189 2621 299 2664 morum
332 2605 458 2663 virorum
489 2601 641 2662 admiratio
672 2606 758 2676 atque
788 2619 869 2663 amor
896 2604 924 2661 ei
952 2603 1087 2677 contigit,
1119 2609 1238 2677 propter
1265 2603 1403 2662 invictum

188 2709 269 2768 illum
291 2709 588 2783 imperturbatamque
612 2707 756 2782 animum,
779 2723 835 2780 quo
857 2713 969 2767 tantam
991 2723 1109 2767 causam
1124 2709 1203 2768 solus
1217 2708 1301 2767 initio
1320 2707 1402 2766 susti-

188 2831 259 2874 nere
287 2829 374 2873 ausus
401 2818 453 2872 est.
503 2811 602 2886 Hunc,
636 2811 732 2885 inquit
759 2811 928 2872 Theodorus
949 2812 1028 2872 Beza
1054 2811 1279 2887 lhancogallus‚
1311 2812 1402 2886 ,hunc

188 2935 246 2978 uon
265 2915 423 2992 Caesares,
457 2931 516 2974 non
537 2931 638 2990 reges,
671 2931 730 2974 non
752 2913 873 2974 fulmina
892 2931 928 2974 ex
950 2930 1018 2976 arce
1041 2915 1168 2990 Tarpeja
1190 2915 1318 2990 vibrata,
1345 2931 1403 2973 uon

187 3020 440 3082 innumerabilium
470 3020 663 3094 sophistarum
685 3019 844 3094 phalanges
874 3020 920 3078 vel
942 3020 1087 3079 tantillum
1109 3019 1295 3080 terruerunt.‘
1339 3019 1403 3076 Me·

187 3127 345 3186 lauchtbon
366 3126 482 3201 saepius
505 3125 656 3199 admonet,
683 3123 810 3184 heroicis
834 3123 945 3182 naturis
967 3123 1216 3184 adnumerandum
1238 3141 1305 3183 eum
1328 3139 1402 3192 esse,

186 3247 239 3303 per
269 3245 340 3304 quas
368 3231 503 3304 ingentes
533 3229 678 3289 interdum
708 3229 875 3302 subitasque
898 3245 994 3288 rerum
1019 3227 1208 3288 humanarum
1229 3229 1402 3287 mutationes

186 3332 267 3391 Deus
286 3329 403 3392 efficiat.
448 3331 539 3391 Addit
561 3333 655 3390 nisum
679 3349 744 3392 eum
767 3345 831 3392 esse
854 3347 937 3392 sacra
959 3349 1079 3404 ancora,
1101 3332 1132 3391 id
1155 3337 1200 3391 est
1213 3332 1321 3392 auxilio
1335 3330 1400 3390 Dei.

188 3434 284 3506 Quare
304 3450 358 3508 pro
380 3434 487 3494 Christi
509 3449 597 3494 causa
618 3436 692 3494 mori
714 3435 814 3508 quovis
837 3443 981 3496 momento
1003 3441 1137 3511 paratus,
1163 3453 1222 3496 non
1248 3435 1401 3510 dubitarit,

187 3539 257 3614 quin
278 3537 368 3611 Deus,
390 3539 415 3598 si
439 3553 560 3598 neceme
583 3543 675 3613 esset,
696 3537 800 3598 decem
822 3540 951 3613 quotidie
973 3539 1114 3601 Doctores
1133 3541 1275 3600 Martinus
1300 3555 1400 3600 creare

186 3661 239 3720 per
260 3659 366 3718 eosque
390 3642 538 3702 vindicare
559 3657 676 3702 causam
697 3640 786 3702 illam'
799 3649 910 3720 posset,
938 3643 1076 3718 quidquid
1098 3651 1199 3704 comba
1220 3661 1285 3704 eam
1306 3643 1400 3702 acturi

187 3755 286 3810 essent
318 3763 431 3826 ‚omnes
459 3747 592 3820 Homini,
627 3747 755 3822 episcopi
786 3753 874 3822 atquc
907 3748 979 3808 adeo
1011 3749 1108 3809 Turca
1140 3755 1171 3809 et
1202 3750 1265 3822 ipse
1298 3747 1400 3811 satan‘

186 3853 267 3914 Haec
286 3855 371 3914 muta
390 3852 478 3914 arnmi
502 3850 640 3912 fortitudo
661 3869 729 3912 rere
752 3852 910 3912 christiana
932 3852 969 3912 ab
991 3854 1121 3913 omnibus
1143 3853 1308 3913 christianis
1328 3853 1402 3924 jam·

185 3957 293 4018 dudum
325 3960 426 4033 agnita
452 3965 484 4019 et
505 3957 674 4032 praedicata
696 3963 789 4032 esset,
821 3958 877 4016 nisi
908 3958 1087 4018 obstitissent
1116 3957 1233 4018 fabulae
1263 3973 1298 4016 sc
1320 3975 1401 4017 men-

185 4063 271 4122 dacia
300 4061 336 4122 de
359 4063 481 4124 Lutheri
510 4077 652 4138 persona,
680 4061 825 4138 doctriua,
847 4061 969 4121 historia
992 4061 1029 4122 ab
1052 4063 1226 4123 adremmiis
1246 4076 1347 4136 spuma
1370 4067 1401 4120 et

184 4165 322 4228 amultis
343 4167 468 4242 credita,
491 4165 528 4226 de
551 4165 653 4240 quibus
676 4182 728 4224 suo
751 4166 815 4226 loco
834 4166 918 4226 uobis
939 4165 1093 4226 dicendum
1116 4167 1182 4227 erit.

270 4271 364 4332 Erunt
392 4287 463 4332 sane
493 4271 523 4330 iu
553 4287 658 4345 magno
689 4271 768 4345 viro,
796 4288 870 4344 quae
903 4269 939 4331 ab
962 4271 1046 4330 initio
1072 4271 1104 4330 iu
1126 4273 1221 4346 iustus
1242 4269 1403 4346 reprehen-

183 4379 279 4437 siones
311 4379 505 4436 incurrerent.
559 4373 643 4433 Talia
674 4375 756 4433 nobis
786 4375 862 4434 irrlrs
896 4377 960 4449 plus
987 4375 1078 4435 semel
1104 4377 1277 4450 attingenda
1307 4381 1400 4436 erunt

183 4481 280 4542 Habet
309 4481 444 4542 nimirum
470 4479 681 4554 unusquisque,
709 4478 739 4537 id
770 4479 846 4552 quod
875 4481 983 4555 optime
1012 4495 1064 4540 sus
1092 4481 1193 4555 lngus
1216 4481 1403 4556 lbmccgulli
