3188 5086
231 303 283 360 158
715 301 815 356 Panare
832 300 950 356 Perosis

230 517 296 577 fuco
324 517 456 590 exposita
481 521 561 588 sunt3
589 523 654 576 erat
684 519 761 576 enim
790 517 863 576 baec
882 517 958 575 illius
979 516 1106 590 indoles,
1136 521 1168 574 nt
1189 515 1239 574 diu
1262 515 1359 574 celare
1380 531 1439 574 nou

230 627 328 696 posset
349 621 424 694 quod
445 621 604 694 sentiebat,
631 622 803 693 praesertim
833 621 933 678 amicis
953 627 983 678 et
1001 620 1146 680 interdum
1170 636 1282 692 qnoque
1305 620 1438 692 inimicis,

230 727 256 784 si
282 726 368 799 paulo
391 724 558 782 commotior
577 730 664 784 esset.
708 724 858 782 Interdum
879 724 995 796 quidem
1017 726 1103 797 paulo
1125 725 1237 782 cautius
1259 724 1338 796 loqui
1359 723 1439 781 side-

230 835 288 904 tur,
317 828 370 888 sed
395 844 461 886 mox
488 827 525 887 ad
553 829 700 901 ingenium
722 828 811 900 redit,
840 828 884 886 ita
905 835 937 885 ut
961 826 1047 886 facile
1069 827 1223 900 intellegas
1244 827 1313 900 quid
1334 843 1438 886 revera

231 933 370 1007 senserit,
392 932 418 990 si
440 931 523 989 modo
546 935 701 1002 sequentes
724 932 860 1003 epistolas
882 930 982 1003 legas‘

317 1036 370 1093 His
400 1035 488 1108 igitur
517 1034 623 1092 litteris
644 1034 821 1106 potissimum
843 1033 982 1092 utendum
1004 1039 1065 1107 est,
1096 1040 1129 1092 ut
1150 1033 1346 1107 intellegatur,
1368 1051 1438 1106 quo·
1472 1063 1479 1076 ·

230 1140 314 1199 modo
336 1139 475 1197 Erasmm
503 1136 541 1196 ad
562 1138 731 1210 primasium
760 1139 854 1196 locum
880 1139 912 1195 in
934 1153 1038 1212 magna
1060 1139 1106 1196 sui
1127 1139 1265 1212 temporis
1288 1137 1438 1212 republica

229 1243 372 1302 litteraria
402 1240 589 1300 obtinendum
615 1242 753 1314 paulatim
781 1241 946 1300 ascenderit
974 1248 1003 1301 et
1027 1240 1108 1300 velut
1133 1243 1195 1314 ejus
1222 1243 1358 1316 princeps
1379 1257 1438 1301 non

225 1347 336 1422 judicio
358 1351 470 1405 tantum
492 1344 651 1404 sedetiam
670 1345 763 1404 studio
791 1350 822 1404 et
843 1346 1028 1404 observantia
1049 1345 1220 1419 optimorum
1242 1347 1347 1404 civium
1370 1363 1438 1404 oon·

229 1452 347 1510 stitutus
363 1451 418 1510 sit.
468 1448 514 1506 Ad
542 1449 617 1521 quod
644 1447 842 1523 efficiendum,
873 1450 943 1508 licet
967 1450 1121 1523 immensa,
1151 1450 1188 1508 de
1218 1450 1322 1522 quibus
1348 1451 1437 1508 locuti

229 1571 339 1628 sumus,
368 1552 539 1612 eruditionis
574 1559 604 1610 et
636 1554 819 1626 eloquentiae
853 1570 955 1628 opera,
988 1554 1156 1626 aequalibus
1183 1553 1437 1626 desideratissima,

229 1657 383 1732 plurimum
405 1657 569 1730 attulerint,
600 1671 657 1715 uon
679 1657 798 1716 minoris
825 1659 961 1717 momenti
996 1675 1046 1717 cas
1075 1659 1211 1732 propriae
1242 1659 1347 1718 indolis
1379 1659 1436 1716 vir-

228 1767 307 1820 tutes
336 1758 426 1819 fuisse
449 1765 578 1833 constat,
604 1760 707 1832 quibus
731 1759 868 1818 Erasmus
898 1761 935 1819 ad
957 1762 1135 1821 eruditorum
1158 1763 1304 1821 bominum
1326 1763 1436 1820 animos

227 1865 282 1924 sibi
319 1864 512 1924 conciliandos
549 1865 731 1937 gratiamque
770 1865 1000 1938 consequendam
1039 1867 1162 1926 maxime
1200 1866 1321 1926 idoneus
1362 1871 1434 1926 erat.

228 1969 405 2028 Alliciebant
427 1984 477 2027 eos
500 1973 530 2027 ct
551 1967 740 2026 inexhaustae
763 1968 847 2042 hujus
869 1969 979 2041 ingenii
1001 1971 1137 2044 dividae,
1162 1971 1237 2044 jocis
1259 1971 1370 2044 pariter
1391 1971 1436 2028 in-

227 2072 341 2132 terdum
363 2077 450 2145 atque
477 2073 562 2130 aeriis
585 2072 777 2130 exuberantes
804 2078 835 2130 et
855 2074 1008 2147 perspicua
1030 2090 1144 2147 semper
1166 2075 1305 2133 credonis
1328 2089 1438 2147 aequa-

227 2177 325 2236 bilitas
354 2174 515 2248 lestivaqua
548 2175 688 2234 hilaritas.
738 2175 820 2234 Haec
854 2178 950 2236 omnia
984 2175 1016 2236 in
1045 2177 1169 2237 Erasmo
1197 2180 1258 2251 jam
1286 2183 1371 2250 tuuc,
1403 2182 1438 2235 ut

226 2280 330 2354 hodie,
354 2282 443 2338 etiam
470 2295 489 2336 a
516 2279 713 2350 Franoogallis
743 2295 828 2352 quam
854 2281 978 2338 maxime
1008 2281 1156 2340 celebrata
1185 2287 1259 2341 sunt.
1309 2282 1438 2354 Quorum

228 2384 452 2458 eruditissimus,
478 2382 627 2456 Budaeus,
654 2383 692 2441 ad
713 2383 794 2441 illum
816 2383 944 2456 scripsit:
966 2384 1065 2458 ,Quod
1094 2386 1264 2444 nostratium
1286 2385 1437 2459 permultis

226 2488 299 2546 adeo
322 2487 436 2560 places,
459 2487 508 2558 qui
530 2491 560 2544 te
583 2502 730 2558 nunquam
744 2486 892 2560 viderunt,
915 2487 973 2545 stili
989 2489 1032 2545 tui
1049 2489 1174 2546 suavitas
1189 2487 1288 2564 elficit,
1303 2505 1438 2562 operum-

226 2607 282 2662 que
313 2595 427 2648 tuorum
453 2589 555 2662 genius
583 2589 698 2661 quidam
724 2589 911 2648 illecebrosus
939 2591 1081 2650 lectorum
1108 2591 1297 2652 exhilaratur:
1331 2593 1380 2665 qui
1405 2593 1437 2650 iu

225 2693 404 2752 Francorum
432 2693 545 2766 scriptis
574 2708 593 2750 a
622 2692 744 2750 Francis
770 2693 970 2754 desideratur.‘
1024 2695 1105 2755 Idem
1140 2712 1210 2756 vero
1238 2698 1437 2770 illecebrosus,

227 2813 312 2871 quem
337 2795 388 2856 illa
415 2796 501 2870 dicit,
531 2797 633 2870 genius
661 2795 851 2856 familiaribus
874 2797 989 2857 Erasmi
1020 2801 1199 2860 sermonibus
1229 2806 1259 2860 et
1289 2801 1438 2874 colloquiis

226 2902 334 2962 aderat.
379 2901 426 2959 De
449 2917 486 2960 ea
507 2917 539 2958 re
562 2899 630 2973 qnid
652 2899 730 2959 lama
752 2901 868 2976 tulerit,
891 2903 1107 2962 narratiuncula
1130 2910 1253 2964 testatur
1275 2906 1311 2964 de
1326 2905 1438 2963 Thema

224 3006 308 3065 More
336 3004 458 3079 badim,
488 3006 535 3078 qui
565 3004 595 3062 in
624 3020 715 3064 coena
746 3005 822 3078 apud
841 3008 963 3064 amicum
985 3007 1129 3080 quendam
1149 3025 1214 3067 cum
1236 3010 1358 3068 Erasmo
1379 3010 1437 3081 ipsi

223 3111 370 3184 incognito
393 3110 484 3168 latino
507 3107 709 3168 confabulatus
731 3109 907 3168 exclamasse
930 3110 1038 3169 lentur:
1062 3113 1105 3170 Tu
1121 3130 1153 3170 es
1167 3118 1218 3171 aut
1232 3113 1370 3171 Erasmus
1384 3119 1439 3170 aut

224 3215 363 3276 diabolus.
407 3214 448 3271 Et
469 3213 605 3272 Budaeus
632 3213 682 3271 illc
714 3213 791 3272 idem
814 3214 851 3272 ad
872 3215 1024 3273 Erasmum
1051 3216 1087 3274 dc
1111 3216 1195 3275 Gallo
1218 3218 1342 3289 quodam
1365 3217 1437 3274 scri·

224 3319 280 3376 bit:
308 3317 430 3391 ,Gratiis
457 3323 487 3375 te
508 3316 661 3390 aliquando
682 3317 811 3375 litavisss
834 3323 963 3393 oportet,
986 3320 1035 3394 qui
1057 3320 1202 3379 hominem
1223 3322 1303 3378 illum
1325 3323 1437 3394 perspi-

224 3437 324 3480 cacem
342 3421 453 3478 dierum
476 3437 630 3493 paucorum
653 3422 859 3480 consuetudine
882 3424 912 3480 in
935 3423 1155 3482 admirationem
1183 3425 1226 3482 tui
1248 3424 1436 3497 favoremque

223 3525 365 3582 unxeris!
409 3523 496 3581 Haud
526 3525 612 3596 pauci
640 3524 677 3583 de
711 3525 827 3597 eodem,
862 3526 892 3584 id
920 3527 995 3600 quod
1027 3545 1094 3587 raro
1124 3529 1195 3588 alias
1226 3527 1290 3588 fieri
1312 3534 1436 3604 constat,

222 3628 293 3688 laeti
313 3644 376 3686 cum
399 3627 560 3686 Poucherio
582 3628 740 3687 Parisiensi
767 3631 1020 3706 praedicaverunt,
1052 3633 1159 3692 famam
1181 3639 1346 3708 superatam
1368 3649 1435 3692 esse

221 3734 397 3807 praesentia.
443 3733 545 3805 Neque
568 3733 672 3790 mirum
695 3733 770 3805 quod
791 3735 860 3793 data
882 3736 1065 3810 colloquendi
1088 3755 1152 3796 cum
1174 3741 1226 3797 tali
1243 3740 1303 3797 viro
1320 3739 1434 3796 occasio

222 3838 438 3911 exoptatissima
460 3839 547 3895 immo
562 3836 730 3896 beatissima
751 3841 902 3912 permultis
924 3842 994 3900 visa¹
1010 3848 1071 3916 est,
1093 3860 1179 3916 quum
1201 3844 1373 3916 praesertim
1395 3842 1434 3900 ad

220 3943 330 4016 ingenii
358 3941 512 4000 illecebras
545 3941 610 4000 illas
641 3942 796 4002 accederet
826 3945 948 4018 insignis
982 3945 1125 4018 quaedam
1157 3963 1267 4005 morum
1297 3948 1433 4021 suavitas,

219 4045 364 4119 probitas,
392 4045 562 4104 humanitas.
608 4046 691 4104 Hanc
714 4048 845 4120 inprimis
868 4049 956 4108 ctiam
979 4049 1072 4109 bonae
1094 4053 1157 4124 spei
1173 4054 1297 4125 iuvenes
1320 4051 1434 4124 experti

220 4154 304 4222 sunt,
331 4149 380 4220 qui
402 4151 464 4222 eJua
485 4151 597 4209 visendi
627 4167 715 4210 causa
735 4167 771 4208 ex
793 4154 956 4228 longinquis
978 4157 1083 4228 partim
1111 4158 1197 4214 terris
1220 4157 1433 4236 advolaverunt

220 4251 396 4325 Quamquam
418 4253 503 4312 facile
527 4255 689 4329 conjicitur,
711 4261 772 4314 tum
796 4259 866 4316 satis
889 4259 1025 4319 molestos
1047 4254 1344 4343 interdumlhoapites
1358 4259 1434 4318 Era·

219 4372 310 4414 smum
332 4357 456 4432 adiisse,
479 4363 540 4416 tum
562 4359 656 4432 ipsum
680 4359 853 4420 adeuntibus
874 4367 933 4420 tam
955 4364 1084 4439 largum,
1108 4381 1193 4438 quam
1216 4364 1434 4439 exspectabant,

218 4475 367 4520 accessum
401 4477 459 4520 non
490 4479 604 4536 semper
635 4463 707 4522 dare
736 4466 872 4537 potuisse.
922 4467 967 4525 Ex
997 4471 1059 4529 sola
1087 4470 1239 4530 academia
1267 4470 1434 4531 Erlurtensi

217 4565 302 4639 primi
333 4565 468 4626 Eobanns
496 4567 622 4643 Hessos,
653 4569 773 4643 insignis
795 4575 895 4664 potita,
917 4577 947 4630 et
970 4573 1098 4634 Joaunes
1120 4575 1157 4634 de
1178 4576 1310 4652 Warter,
1332 4582 1435 4650 postea
