3144 5092
231 242 266 294 72
774 240 861 293 Cnrur
879 240 912 293 V.

230 336 355 344 ,ἡ
642 335 699 341 -—

231 443 320 505 Cmia
338 443 482 518 Romana,
506 441 643 502 similiter
665 447 753 521 atque
776 447 862 503 antea
884 443 921 502 ad
939 443 1052 503 bellum
1070 443 1147 504 inter
1164 443 1325 505 Helvetios
1346 445 1396 504 de
1418 446 1496 504 reli-

230 552 318 628 gione
350 555 480 628 gestum,
515 549 623 610 iterum
656 551 822 628 iterumque
852 551 967 610 animos
1000 551 1199 628 instigaverat.
1251 551 1359 612 Simul
1400 553 1495 630 Papa

230 664 346 737 arrepta
369 659 520 718 occasione
543 658 678 717 Parmam
702 662 732 718 et
754 657 936 718 Placentiam
957 659 1020 718 filio
1044 677 1097 720 suo
1120 659 1208 719 Petro
1229 660 1355 720 Aloisic
1385 661 1492 720 dedit.

230 767 268 826 In
291 765 480 826 Germaniam
507 783 576 826 cum
604 783 711 842 magna
738 767 864 843 pecunia
891 771 922 826 et
948 767 1017 826 forti
1044 767 1176 828 exercitu
1198 766 1281 826 misit
1307 766 1490 828 Octavium

231 893 269 934 ex
299 873 361 934 filio
393 878 531 951 nepotem
563 891 665 949 suum,
698 873 749 951 qui
783 891 821 934 ex
848 873 934 934 italia
961 873 1117 934 discedens
1145 874 1259 934 dixisse
1287 875 1415 952 fertur,
1455 895 1488 936 se

231 987 343 1043 tantam
370 999 436 1042 esse
463 981 601 1040 daturum
629 985 757 1058 stragem
784 999 838 1058 per
865 980 1066 1057 Germaniam,
1099 987 1133 1041 ut
1160 982 1192 1040 in
1218 981 1485 1043 Lutheranorum

232 1108 335 1150 eruore
367 1107 462 1167 aquus
494 1107 567 1148 suus
599 1092 700 1149 natare
732 1088 835 1166 possit.
886 1088 965 1149 Huio
991 1089 1150 1164 adjunctus
1178 1095 1239 1149 erat
1267 1090 1363 1151 frater
1398 1092 1483 1168 ejus,

231 1197 400 1257 Alexander
428 1196 605 1272 Cardinalis,
632 1195 716 1255 velut
742 1195 887 1273 impulsor
919 1201 949 1255 et
976 1196 1167 1256 consiliorum
1195 1196 1331 1257 Caesaris
1361 1199 1482 1276 inspe-

232 1304 321 1364 otor.1
366 1304 435 1381 Ipse
458 1321 531 1363 avus
554 1303 666 1362 bullam
690 1303 853 1380 evulgavit,
880 1303 1094 1380 indulgentiae,
1122 1322 1197 1381 quae
1224 1305 1383 1380 dicuntur,
1418 1326 1478 1384 pro

232 1431 304 1489 pace
332 1411 451 1489 publica
473 1416 503 1470 et
526 1411 693 1470 haeresium
715 1411 928 1488 exstirpatione
950 1411 1130 1471 adnuntians
1152 1412 1295 1490 piumque
1317 1414 1474 1474 affectum

233 1519 376 1579 simulans
400 1537 469 1595 erga
491 1518 703 1595 rempublicam
721 1519 913 1579 christianam
931 1519 1143 1598 hominiumque
1162 1519 1296 1580 salutem.
1338 1521 1473 1596 Revera,

232 1631 266 1686 ut
293 1626 369 1687 elam
396 1627 551 1686 confessus
574 1631 632 1701 est,
660 1627 768 1686 anxius
791 1627 924 1701 timebat,
951 1645 990 1686 ne
1014 1627 1148 1686 Caesaris
1170 1628 1314 1704 potentia,
1343 1630 1385 1688 si.
1401 1631 1473 1706 ple·

232 1753 301 1794 nam
332 1733 485 1794 victoriam
517 1739 689 1811 reportaret,
721 1734 878 1794 immodice
910 1735 1104 1795 incresceret..
1147 1734 1289 1812 Sperabat
1319 1736 1398 1811 fora,
1436 1743 1473 1796 ut

232 1843 322 1902 variis
348 1840 419 1901 belli
446 1841 599 1902 domestici
627 1841 743 1902 casibus
771 1845 932 1919 occupatus
954 1841 1208 1902 inextricabilibus
1235 1843 1470 1904 difficultatibus

231 1951 440 2028 implicaretur.
483 1948 579 2024 Quare
597 1967 689 2028 quum
708 1949 760 2008 ille
778 1968 848 2009 mox
865 1950 1069 2028 inexspectata
1086 1955 1206 2027 tropaea
1223 1949 1358 2025 tulisset,
1382 1951 1469 2028 Papa

232 2059 396 2120 exercitum
424 2075 511 2118 suum
534 2061 663 2132 revocat,
691 2075 759 2117 oum
782 2057 864 2133 Rege
888 2057 1001 2118 Calliae
1023 2076 1109 2134 agere
1131 2058 1240 2117 iterum
1262 2057 1384 2135 incipit,
1412 2060 1467 2117 ad-

232 2171 332 2226 monet
363 2185 444 2240 eum,
476 2169 511 2225 ut
541 2164 789 2239 Protestantibus,
827 2182 901 2242 quos
933 2164 966 2224 in
998 2164 1126 2225 Saxonis
1156 2165 1331 2242 Imperatori
1363 2166 1466 2225 adhuc

232 2274 370 2334 resistere
393 2291 579 2350 summopere
602 2273 723 2349 gaudet,
747 2290 835 2349 qnam
859 2271 1012 2331 celerrime
1035 2272 1203 2347 subveniat,
1232 2271 1360 2349 denique
1386 2273 1465 2332 Con-

232 2381 335 2441 cilium
357 2381 389 2440 in
413 2381 516 2440 urbem
539 2399 623 2440 suam
646 2379 809 2440 Bononiam
832 2379 985 2454 transfert,
1009 2397 1068 2457 quo
1091 2379 1202 2438 factum
1226 2383 1284 2453 est,
1307 2383 1343 2438 ut
1365 2399 1463 2440 rema-

232 2488 371 2548 nentibus
390 2487 522 2547 Tridenti
540 2488 591 2563 iis,
615 2487 667 2565 qui
689 2505 707 2545 a
726 2487 851 2547 Caesare
869 2487 1049 2564 pendebant,
1072 2486 1149 2545 nihil
1167 2487 1297 2564 amplius
1315 2495 1460 2564 ageretur.

235 2596 387 2654 Praeterea
418 2594 581 2653 intermissi
610 2593 734 2654 Concilii
762 2594 891 2670 decreta,
925 2594 1033 2672 quibus
1060 2594 1292 2664 Protestantium
1319 2595 1459 2655 doctrina.

233 2701 379 2779 imprimis
406 2701 443 2760 de
462 2701 685 2777 justificatione,
713 2701 850 2762 damnata
872 2706 946 2776 erat,
975 2701 1066 2760 inrito
1091 2701 1214 2762 Caesare
1237 2702 1338 2761 statim
1361 2703 1459 2780 publi·

233 2814 287 2868 cat.
337 2808 495 2886 Reliquam
526 2808 604 2868 vitae
636 2813 749 2886 partem
782 2827 875 2868 senex
902 2809 1049 2868 atrocibus
1077 2809 1166 2883 odiis,
1198 2809 1320 2870 incertis
1348 2811 1456 2870 machi-

233 2917 415 2992 nationibus
448 2917 588 2976 frustrata
615 2934 669 2994 spe
696 2915 822 2994 peregft3
855 2917 1067 2976 rebellantibus
1094 2921 1241 2994 postremo
1269 2917 1343 2994 ipsis
1371 2937 1457 2996 nepo
1555 2928 1556 2991 l

233 3027 325 3101 tibus,
362 3029 483 3103 propter
518 3043 593 3102 quos
625 3025 834 3084 conscientiam
867 3029 898 3084 et
929 3024 1038 3082 famam
1069 3025 1327 3101 pessumdederat,
1360 3025 1478 3094 dolore,

233 3134 348 3194 occisus
376 3137 433 3208 ast,
461 3131 508 3191 vir
534 3132 751 3192 achristianaa
772 3131 927 3207 religionis
951 3131 1060 3208 spiritu
1082 3131 1298 3208 alienissimus,
1327 3138 1453 3192 ceterum

233 3241 311 3300 haud
339 3239 441 3317 exigui
463 3239 575 3317 ingenii
598 3245 628 3299 et
650 3239 805 3318 splendido
828 3238 911 3304 viotu
933 3243 963 3298 et
986 3239 1127 3299 suavibus
1150 3239 1282 3299 moribus
1305 3239 1397 3317 plebi,
1424 3247 1454 3299 ut

233 3350 278 3423 fit,
302 3366 335 3408 eo
359 3347 519 3424 acceptior,
543 3366 602 3425 quo
625 3347 720 3423 magis
744 3345 826 3406 exosi
849 3351 972 3423 nepotes
995 3351 1086 3406 erant.

340 3454 424 3514 Tunc
446 3455 578 3529 demum,
607 3454 746 3531 quoniam
769 3473 807 3514 ex
831 3453 973 3514 Caesarea
996 3459 1079 3530 parte
1101 3453 1200 3514 Julius
1223 3453 1290 3528 HL,
1320 3454 1366 3513 vir
1388 3473 1453 3515 sane

232 3561 390 3621 admodum
418 3560 556 3635 frivolum
589 3560 729 3620 Pontifex
761 3561 857 3620 faetus
885 3564 943 3636 est,
977 3561 1101 3620 Carolus
1129 3579 1204 3639 quae
1232 3561 1270 3620 de
1296 3561 1450 3621 rmiversali

234 3668 364 3730 Concilio
386 3667 417 3727 in
437 3667 569 3727 animum
589 3668 759 3743 induxerat,
781 3667 900 3744 longius
919 3668 1057 3746 persequi
1076 3669 1181 3746 potuit.
1224 3668 1313 3728 Initio
1332 3687 1349 3727 a
1367 3669 1452 3728 Paulo

232 3778 313 3854 Papa
335 3776 548 3853 postulaverat,
572 3779 606 3834 ut
629 3775 692 3835 illio
714 3775 844 3853 primum
867 3776 904 3836 de
927 3776 989 3835 sola
1011 3776 1230 3851 reformatione,
1254 3794 1314 3835 non
1333 3776 1370 3835 de
1387 3777 1450 3852 dog-

232 3884 320 3944 matis
343 3889 491 3960 ageretur,
514 3888 631 3961 postea,
655 3901 749 3961 quum
771 3883 802 3942 id
825 3883 943 3960 assequi
966 3902 1026 3943 non
1048 3883 1209 3960 potuisset,
1232 3887 1267 3942 ut
1285 3883 1448 3943 saltemne

232 3997 311 4051 creta
334 4011 394 4051 non
418 3991 518 4051 statim
537 3990 738 4067 vulgarentur.
780 3991 1017 4051 Protestantibus
1035 3990 1177 4049 nimirum
1196 3989 1364 4050 Concilium
1381 3991 1448 4050 chri-

232 4099 361 4158 stianum
388 4103 418 4158 et
445 4098 571 4158 liberum
594 4098 714 4176 saepius
737 4099 925 4176 promiserat,
954 4099 986 4158 in
1009 4117 1067 4176 quo
1090 4097 1168 4156 nihil
1191 4101 1276 4156 antea
1301 4097 1446 4158 decausis

232 4207 428 4266 controversia
450 4207 668 4282 decerneretur,
692 4224 782 4284 quam
805 4207 864 4284 ipsi
888 4206 981 4266 auditi
1003 4210 1116 4266 nssent.
1164 4205 1201 4264 In
1223 4205 1279 4264 hoc
1305 4205 1445 4282 promisso,

231 4313 301 4373 lioet
319 4313 387 4374 illos
405 4314 443 4373 ad
461 4313 678 4390 subjiciendum
697 4331 730 4374 se
748 4313 857 4374 futuris
873 4313 998 4374 Concilii
1012 4313 1138 4374 decretis
1156 4313 1187 4372 vi
1201 4311 1378 4373 coercendos
1390 4330 1446 4372 esse

339 4539 367 4609 1)
386 4537 502 4592 Sloiduni
520 4538 702 4594 commentarii
719 4539 763 4592 lib.
782 4537 872 4595 XVII.
