3222 5034
239 270 291 325 100
779 265 868 322 Garor
885 266 919 320 V.

239 477 269 530 et
295 470 408 546 objecto
435 488 469 530 eo
498 469 679 558 adversarios
706 467 878 528 occludere?
923 467 1000 528 Sane
1027 467 1053 527 si
1080 467 1162 528 hunc
1185 468 1323 528 studendi
1347 469 1471 528 modum

238 595 324 656 porro
351 582 451 637 tenera
477 576 598 652 voletis,
625 594 733 637 nomen
760 575 1004 653 philosophorum
1030 574 1150 652 abjicite
1177 581 1208 636 et
1232 575 1284 635 vel
1311 575 1471 636 historicos

238 685 286 745 vel
308 685 465 744 memoriae
488 685 621 744 doctores
642 701 696 743 vos
718 681 902 760 appellata‘1

345 792 479 852 Interea
497 809 572 870 quas
590 792 623 850 in
641 790 829 850 Aristoteliam
847 789 1089 868 contemplandas
1107 807 1206 850 rerum
1220 795 1342 850 naturae
1356 791 1472 851 ratione

238 899 402 977 aKeplero
420 905 450 960 et
469 899 600 960 Galilaeo
618 903 730 958 mutata
748 917 814 959 esse
833 917 922 976 supra
940 898 1085 972 diximus,
1107 898 1217 957 summi
1236 899 1378 960 momenti
1397 904 1470 974 erat,

239 1007 319 1086 quod
345 1006 524 1084 quantitates
551 1006 588 1066 ad
616 1005 795 1084 quantitates
822 1005 931 1066 reterre
953 1010 984 1065 et
1005 1023 1143 1066 revocare
1165 1005 1330 1066 studebant
1377 1005 1414 1064 In
1437 1025 1471 1066 aa
1593 1019 1594 1024 ’

240 1133 309 1175 vero
336 1133 368 1174 re
395 1114 490 1174 multo
516 1113 635 1191 longius
663 1131 752 1190 quam
775 1113 922 1191 Keplerus
945 1129 1119 1190 progressus
1143 1111 1294 1173 Galilaeus
1317 1112 1416 1188 docet,
1445 1113 1469 1172 si

240 1223 312 1300 quid
335 1239 388 1299 pro
410 1221 491 1280 varia
513 1221 609 1296 visus,
632 1221 764 1296 audibis,
785 1221 912 1280 aliorum
934 1237 1076 1280 sensuum
1099 1219 1256 1280 affectione
1278 1220 1400 1296 nigrum
1421 1220 1470 1279 vel

239 1329 352 1404 album,
380 1329 466 1388 dulce
493 1328 542 1387 vel
569 1345 700 1388 amanam
724 1333 778 1388 etc.
807 1345 960 1402 vocemus,
992 1327 1046 1387 has
1073 1327 1233 1405 qualitates
1259 1327 1320 1386 tale
1346 1327 1470 1405 aliquid,

240 1436 328 1514 quale
349 1436 561 1513 percipiamus,
589 1435 622 1494 in
645 1435 721 1513 ipsis
743 1435 892 1512 perceptis
915 1433 1085 1512 corporibus
1107 1451 1209 1494 revera
1231 1453 1292 1494 non
1314 1451 1395 1510 esse,
1418 1435 1469 1494 sed

240 1561 335 1603 meras
359 1561 500 1603 sensuum
523 1547 691 1603 nostrorum
714 1542 896 1620 allectionem
920 1542 974 1602 has
997 1559 1066 1602 vero
1089 1559 1192 1602 omnes
1210 1559 1366 1620 corporum
1384 1541 1470 1602 moti·

239 1651 295 1710 bus
318 1650 409 1725 effici,
432 1650 513 1727 ipsos
535 1655 634 1710 motus
656 1667 778 1710 necesse
800 1667 867 1710 esse
889 1649 1046 1728 quantitati
1067 1654 1098 1710 et
1115 1649 1330 1709 mathematicis
1348 1649 1470 1708 rationi-

239 1758 296 1817 bus
324 1757 497 1833 subjaoere.²
542 1755 592 1816 Sic
618 1757 809 1817 fundamenta
833 1757 911 1834 jacta
938 1774 1004 1816 esse
1032 1774 1125 1816 novae
1151 1756 1189 1816 ds
1216 1755 1385 1832 cognitione
1415 1755 1470 1816 hu-

240 1883 327 1924 mana
349 1863 510 1940 doctrinae,
533 1882 551 1924 a
570 1863 701 1924 Cartesio
718 1883 789 1925 mox
806 1863 955 1939 excultae,
978 1863 1121 1924 aKantio
1139 1864 1177 1924 ad
1195 1863 1349 1941 fastigium
1367 1869 1471 1941 postea

240 1971 410 2049 perductae,
438 1990 513 2050 quae
540 1972 577 2031 ab
599 1971 764 2049 objectivis,
792 1989 866 2050 quas
888 1989 969 2032 nuno
991 1971 1131 2046 dicimus,
1159 1970 1358 2048 perceptionis
1381 1972 1470 2030 ratio-

240 2079 328 2140 nibus
359 2079 397 2139 ad
428 2079 605 2156 subjectivas
637 2078 816 2154 reflectitur,
848 2079 916 2157 quis
948 2083 995 2139 est
1026 2079 1078 2156 qui
1110 2095 1170 2138 non
1197 2077 1314 2138 vidmt?
1364 2076 1471 2156 Neque

241 2205 309 2246 vero
336 2187 458 2262 mirum,
485 2187 564 2264 quod
591 2187 656 2264 ipse
679 2185 829 2247 audaeus
856 2203 999 2246 noverum
1022 2185 1248 2260 sententiarum,
1276 2184 1472 2245 scholasticae

240 2294 407 2354 traditionis
430 2294 576 2372 principia
598 2294 683 2372 quasi
706 2293 872 2372 capitaliter
893 2292 1141 2371 depugnantium,
1164 2292 1338 2370 gravitatem
1360 2298 1390 2352 et
1409 2292 1471 2351 vim

241 2401 476 2478 philosophioam
503 2401 649 2461 divinavit
671 2401 792 2480 quidem
815 2407 845 2462 et
866 2400 965 2479 aliquo
988 2400 1074 2460 modo
1097 2400 1204 2475 sensit,
1233 2399 1285 2460 sed
1307 2417 1368 2459 non
1391 2399 1473 2460 clais

241 2508 400 2586 perspexit
443 2508 495 2569 Sui
519 2527 585 2569 esse
607 2509 729 2586 putabat
746 2509 900 2568 hominum
918 2508 1032 2568 animos
1049 2527 1068 2567 a
1084 2507 1169 2567 libris
1188 2507 1225 2568 de
1242 2508 1331 2568 rebus
1349 2507 1472 2584 seriptis

240 2615 278 2674 ad
309 2616 391 2693 ipsas
422 2633 470 2675 res
502 2615 743 2692 contemplandas
774 2616 934 2676 traducere.
989 2615 1026 2674 In
1057 2613 1268 2692 experimentis
1300 2619 1330 2674 et
1362 2613 1472 2674 studiis

136 2705 139 2712 ¹
241 2721 387 2799 physicis,
419 2721 457 2780 ed
489 2739 564 2800 quae
595 2722 715 2798 ingenio
747 2723 906 2798 serebatur,
938 2727 1020 2783 totus
1046 2728 1207 2800 occupatus
1233 2721 1471 2799 philosophicam

242 2828 485 2906 speculationem,
513 2828 584 2890 licet
610 2829 733 2889 minime
759 2829 792 2888 in
814 2848 849 2890 ea
870 2829 967 2905 rudis,
995 2829 1114 2905 longius
1137 2847 1196 2888 non
1219 2833 1393 2906 persecutus
1416 2833 1469 2889 est

241 2934 338 3011 Quare
364 2954 457 3014 quum
484 2954 581 3016 usque
607 2937 644 2996 ad
670 2937 748 2997 vitae
770 2937 859 2998 finem
882 2955 951 2998 cum
974 2937 1021 2997 sui
1043 2936 1108 2998 aevi
1130 2935 1334 3014 Peripateticis
1357 2935 1385 2996 ei
1407 2953 1470 2996 cer-

241 3043 365 3104 tandum
392 3048 484 3117 esset,
511 3049 611 3105 tamen
640 3044 719 3123 quod
746 3044 783 3104 ad
811 3063 927 3104 summe
953 3043 1099 3122 principia
1121 3043 1262 3121 pertinet,
1290 3061 1350 3103 non
1374 3043 1469 3120 magis

241 3171 288 3227 ea,
311 3151 344 3211 in
366 3151 474 3230 quibus
497 3170 566 3212 cum
588 3151 709 3212 illorum
731 3152 872 3229 magistro
894 3151 1052 3226 consentit,
1076 3169 1165 3229 quam
1184 3169 1231 3226 ea,
1254 3151 1287 3209 in
1305 3151 1414 3228 quibus
1432 3151 1469 3210 ab

241 3277 276 3320 eo
303 3259 462 3337 discrepat,
494 3265 629 3320 accurate
656 3277 691 3320 ac
717 3260 806 3337 plene
832 3277 964 3338 unquam
991 3259 1160 3336 exphoavit
1211 3257 1343 3336 Utraque
1369 3263 1468 3318 amen

241 3365 353 3443 passim
381 3366 536 3442 signifieat
588 3367 742 3428 Consentit
770 3372 870 3427 autem
897 3367 929 3426 in
956 3365 1092 3444 pluribus
1120 3365 1341 3444 principalibus.
1391 3365 1467 3426 Nam

241 3489 310 3532 eum
332 3473 492 3534 Aristotele
518 3474 552 3532 in
574 3473 801 3552 pervestiganda
823 3492 922 3534 rerum
944 3479 1050 3534 natura
1068 3473 1156 3550 juxta
1178 3490 1282 3534 causas
1305 3472 1468 3534 efficientes

241 3579 329 3639 etiam
352 3579 457 3640 finales
480 3580 546 3640 vult
567 3581 689 3658 respici,
712 3587 742 3641 et
764 3600 781 3641 a
803 3581 902 3641 causis
925 3580 1108 3642 secundariis
1130 3580 1167 3640 ad
1188 3579 1370 3658 primariam,
1394 3597 1469 3658 quae

241 3686 323 3747 Deus
345 3691 404 3762 est,
427 3687 554 3748 ascendi.
597 3686 681 3762 Quod
704 3689 763 3748 nisi
786 3689 882 3764 fieret,
905 3677 998 3748 unum
1017 3693 1047 3748 st
1065 3687 1237 3748 universum
1254 3687 1346 3748 tatius
1364 3687 1468 3746 mundi

240 3793 386 3870 ordinem,
418 3794 537 3873 qualem
570 3795 697 3874 quisque
723 3773 830 3856 rerum
849 3801 971 3856 natiuae
998 3795 1189 3871 investigator
1215 3800 1245 3855 et
1272 3794 1413 3872 supponit
1439 3801 1470 3856 et

241 3902 387 3980 sequitur,
420 3902 543 3979 cogitari
575 3902 659 3963 nullo
686 3903 771 3963 modo
799 3921 887 3980 posse
914 3902 1038 3980 putavit
1089 3903 1187 3980 Atque
1215 3919 1283 3962 cum
1310 3901 1469 3962 Aristotele

240 4009 386 4086 ejusmodi
404 4010 537 4070 ordinem
550 4027 619 4070 vere
637 4010 727 4070 statui
747 4027 807 4070 non
820 4029 909 4088 posse
922 4009 997 4069 vidit
1009 4009 1070 4069 nisi
1083 4009 1193 4086 agnitis
1208 4009 1307 4070 causis
1320 4009 1467 4069 finalibus.

349 4274 376 4341 1)
394 4273 434 4328 De
453 4275 600 4343 systemate
619 4273 734 4328 cosmica
753 4271 814 4328 dial.
833 4271 868 4328 Π.
887 4271 971 4344 Lugd.
991 4271 1051 4328 Bat
1072 4273 1141 4328 1699
1160 4271 1289 4343 p.102s.

348 4379 375 4450 2)
395 4379 480 4450 Opera
500 4381 526 4434 di
546 4378 639 4435 Galilei
659 4379 789 4450 (hirenae)
806 4379 846 4433 1v
860 4379 920 4435 339.
958 4379 996 4434 Cf.
1016 4379 1118 4450 Natorp
1137 4379 1154 4434 l.
1170 4397 1193 4435 o.
1213 4397 1237 4448 p.
1255 4379 1306 4434 135
1322 4395 1357 4434 ss.
1391 4379 1468 4435 Cote-

241 4485 301 4524 rum
321 4468 378 4538 jam
400 4469 547 4524 Fabronius
570 4469 597 4523 in
620 4469 677 4523 vita
695 4467 805 4523 Galilaei
824 4467 905 4537 (Pisis
925 4467 1005 4538 1878)
1024 4487 1049 4538 p.
1066 4470 1117 4525 107
1136 4469 1225 4538 illum,
1248 4485 1301 4522 non
1320 4469 1468 4524 Cartesium

241 4558 376 4613 doctrinae
394 4575 476 4628 supra
494 4558 580 4613 dictae
599 4558 765 4612 inventorem
784 4573 844 4612 esse
862 4557 978 4613 adnotat
