3202 5058
192 249 228 304 24
670 251 773 302 Pluma
792 251 909 301 Pmoun

193 461 307 538 ιιιιιιιγι
336 462 374 522 ad
392 479 445 522 nos
468 467 655 522 accesserunt
678 467 898 536 nostrorumque
922 467 953 521 et
973 463 1112 522 bonorum
1135 467 1165 521 et
1183 462 1313 521 laborum
1333 463 1404 522 socii

194 584 258 628 esse
279 568 438 626 voluerunt
476 566 537 639 Quo
559 565 662 626 fortius
683 583 738 642 per
754 566 917 626 catholicos
938 567 1004 626 illos
1027 567 1216 641 evangelicae
1228 567 1359 626 veritatis
1374 573 1404 626 et

194 673 390 732 conscientiae
421 672 617 731 testimouium
646 673 724 731 intra
753 673 844 746 ipsius
870 672 1013 732 ecclesiae
1033 672 1181 732 Romanae
1202 669 1274 730 fines
1296 671 1403 732 aditum

194 778 293 852 fuerit,
316 793 351 836 eo
373 778 465 850 magis
487 793 539 836 nos
561 765 743 836 laetabimur.
767 777 849 850 Quod
863 779 1068 851 testimoninm,
1091 777 1282 836 avarissimis
1296 775 1403 836 Romae

195 883 295 943 amicis
317 881 493 956 profectum,
518 883 542 940 si
563 881 658 956 Papa,
678 882 899 942 Pharisaeorum
922 882 1085 942 adulatione
1108 887 1293 956 occaecatus,
1316 882 1404 941 couti·

196 1003 255 1046 uuo
283 987 438 1061 respuerit,
460 985 507 1045 vel
528 987 613 1045 citius
635 987 682 1046 vel
703 987 814 1046 tardius
836 984 1078 1045 irreformabilem
1106 987 1300 1060 principatum
1323 1003 1405 1046 suum

194 1091 375 1165 spiritualem
405 1105 463 1150 non
485 1090 572 1149 aliter
593 1091 698 1164 perdet
720 1097 806 1164 atque
827 1107 919 1165 nuper
941 1091 1136 1165 principatum
1158 1091 1319 1150 secularem
1338 1109 1405 1164 per·

196 1195 278 1270 didit,
298 1213 382 1270 quem
406 1195 500 1270 ipsum
515 1211 627 1269 quoque
649 1196 768 1268 rejectis
790 1192 993 1254 fidissimorum
1016 1195 1172 1254 amicorum
1187 1196 1313 1254 consiliis
1334 1197 1407 1254 irre·

195 1299 375 1359 formabilem
391 1315 455 1359 essa
470 1301 611 1360 voluerat.
643 1299 808 1359 Christiana
822 1301 925 1373 religio
941 1301 1029 1359 etiam
1049 1306 1118 1358 tuuc
1133 1300 1236 1358 victrix
1251 1300 1314 1358 erit.
1348 1299 1406 1360 Sed

195 1405 354 1465 timendum
373 1410 433 1480 ert,
455 1422 492 1464 ne
516 1421 607 1464 annus
629 1405 679 1464 ille
700 1405 823 1478 Papatui
845 1402 955 1479 fatalis,
977 1419 1063 1478 quem
1085 1422 1231 1478 nunquam
1253 1409 1406 1464 venturum

197 1525 261 1570 esse
281 1508 351 1569 Pius
365 1509 416 1570 IX„
440 1510 579 1584 gloriatus
602 1514 662 1584 est,
685 1509 763 1568 diras
785 1515 975 1583 tempestates
997 1510 1140 1584 gentibus,
1160 1510 1316 1584 praecipue
1331 1509 1408 1569 Nao-

195 1614 309 1688 latinis,
339 1613 450 1673 afferat
495 1614 587 1686 Quam
617 1613 728 1673 cladem
757 1614 806 1688 qui
828 1621 941 1672 matura
961 1613 1166 1673 reformatione
1190 1619 1323 1674 avertere
1347 1620 1408 1672 stn-

196 1718 282 1791 dent,
315 1718 341 1776 si
371 1735 430 1777 non
458 1734 511 1778 sua
540 1718 593 1777 sed
615 1718 736 1777 eliorum
766 1719 851 1792 culpa
877 1717 984 1776 frustm
1013 1717 1221 1793 laboraverint,
1255 1717 1406 1778 dicendum

197 1821 350 1897 aliquando
379 1823 417 1882 de
443 1821 480 1880 iis
502 1823 572 1898 erit,
601 1824 632 1881 iu
652 1823 764 1896 magnis
783 1823 907 1882 voluisse
930 1829 975 1882 sat
995 1839 1068 1882 esse.
1113 1823 1149 1881 In
1171 1823 1320 1896 praesenti
1338 1839 1407 1882 vero

196 1944 335 2000 spernere
358 1943 408 1987 eos
430 1943 488 1986 non
513 1926 596 2001 licet,
627 1928 677 2000 qui
704 1928 830 2002 ingentis
853 1924 1045 2001 difficultatis,
1065 1943 1122 2000 qna
1143 1932 1307 2002 susceptum
1327 1943 1408 1986 suum

196 2037 353 2108 prematur,
375 2031 440 2091 sibi·
453 2032 574 2108 conscii,
603 2037 701 2091 amau
728 2033 838 2106 majore
869 2049 935 2090 cum
954 2033 1038 2106 jure,
1065 2049 1151 2105 quam
1172 2031 1350 2106 Leibnitius,
1372 2031 1409 2090 ad

197 2137 346 2198 brachium
368 2137 485 2196 Domini
507 2153 565 2196 non
587 2137 786 2196 abbreviatum
807 2152 964 2210 provocare
987 2137 1042 2196 sibi
1064 2136 1207 2196 videntur.

283 2243 329 2302 De
357 2241 402 2300 his
429 2243 519 2316 igitur
547 2243 650 2316 rebus,
678 2256 753 2315 quae
784 2247 843 2300 tam
867 2241 989 2302 diversis
1019 2241 1171 2300 sententiis
1202 2245 1234 2298 et
1258 2239 1408 2300 affectibus

198 2347 353 2420 agitantur,
378 2351 411 2405 ut
438 2351 519 2404 recte
550 2352 581 2405 et
609 2347 687 2417 juste
707 2345 862 2417 judicetur,
894 2351 1032 2418 qnantum
1059 2350 1162 2418 potero
1185 2341 1319 2404 conferre
1338 2345 1408 2403 mihi

196 2449 342 2524 proposui.
386 2448 430 2507 Eo
459 2449 577 2508 consilio
607 2447 644 2508 ad
670 2448 802 2524 Brenni,
831 2449 918 2508 hodie
943 2455 977 2507 ιι
1003 2449 1121 2522 quidam
1146 2455 1251 2522 putant
1279 2450 1409 2523 redivivi,

114 2544 117 2550 ’
198 2569 303 2613 nomeu
325 2558 356 2612 et
376 2554 545 2613 memoriam
566 2554 676 2612 animos
697 2569 837 2612 revocare
858 2553 975 2627 placuit
1020 2553 1111 2626 Quem
1126 2554 1218 2612 vnum
1233 2555 1319 2629 louge
1334 2572 1409 2613 snm·

199 2675 277 2718 mum
299 2659 377 2718 inter
399 2673 449 2718 eos
472 2674 572 2718 omues
593 2657 683 2717 fuisse
705 2663 834 2732 comtat,
854 2659 905 2731 qui
924 2664 993 2718 anta
1013 2659 1088 2718 haec
1112 2659 1170 2718 tria
1185 2658 1303 2719 saecula
1317 2661 1411 2718 eccle·

198 2765 271 2823 siam
294 2779 329 2823 eo
351 2762 436 2822 modo
455 2760 609 2822 reformari
623 2763 794 2838 voluerunt,
816 2779 873 2836 quo
887 2769 990 2836 postea
1007 2763 1170 2823 Leibnitius
1185 2769 1248 2822 orto
1263 2764 1410 2822 acffismnti

199 2868 311 2928 mederi
338 2867 465 2943 studuit,
495 2868 537 2925 ita
558 2867 710 2942 nimirum,
737 2873 770 2928 ut
794 2868 935 2927 ecclesiae
958 2869 1054 2926 unitas
1077 2885 1141 2926 cum
1161 2868 1315 2943 libertate,
1338 2867 1410 2928 fides

198 2974 335 3048 religiosa
364 2987 428 3030 cunr
449 2972 576 3030 omnium
597 2973 788 3046 ingenuarum
810 2973 915 3031 artium
938 2973 1032 3046 cultu,
1060 2973 1154 3046 pietas
1178 2988 1249 3048 erge
1270 2973 1412 3046 praeteri·

198 3085 293 3139 torum
321 3083 482 3152 temporum
517 3077 688 3137 traditiones
719 3094 788 3138 vere
820 3077 992 3138 christianas
1021 3093 1086 3136 cum
1112 3078 1299 3137 nascentibus
1328 3079 1411 3150 qnasi

125 3217 130 3226 ·
197 3184 367 3244 recentioris
389 3183 495 3244 aeteds
510 3183 593 3242 bonis
613 3183 836 3258 conjungeretur
856 3189 887 3242 et
908 3181 1120 3242 concitaretur.
1163 3182 1210 3241 Ad
1225 3199 1310 3256 quem
1323 3181 1411 3241 finem

198 3289 339 3364 quomodo
348 3289 487 3348 Erasmus
510 3289 640 3362 aspirare
656 3287 831 3360 instituerit,
853 3287 993 3361 explicari
1014 3301 1072 3346 uon
1093 3293 1204 3362 potest,
1225 3288 1282 3346 nisi
1295 3288 1410 3347 ratione

198 3395 230 3453 in
258 3394 423 3452 uuiversum
445 3392 545 3450 habita
563 3392 689 3466 ingentis
710 3392 787 3450 illius
808 3392 969 3450 animorum
991 3397 1102 3467 motus,
1124 3392 1173 3465 qui
1195 3398 1264 3450 tnnc
1287 3397 1410 3465 exortus,

199 3512 265 3556 mox
297 3513 333 3556 en·
358 3500 441 3568 parte
470 3496 664 3570 interruptus,
700 3500 797 3554 tamen
835 3494 872 3553 ad
903 3501 1032 3555 nostrum
1061 3513 1151 3570 nsque
1179 3501 1292 3570 tempus
1321 3496 1411 3570 perti·

198 3607 260 3660 uat.
305 3598 392 3674 Cadus
417 3605 511 3658 motus
533 3601 615 3673 quasi
641 3605 754 3672 partem
775 3615 833 3658 non
855 3601 949 3658 minus
972 3599 1124 3660 Erasmum
1146 3618 1230 3674 quam
1252 3600 1412 3660 Lutherum

198 3703 288 3764 fuisse
321 3701 513 3764 ostendamus.
568 3704 702 3778 Inprimis
736 3720 822 3778 vero,
854 3719 910 3778 quo
948 3711 1034 3779 pacto
1070 3705 1120 3766 ille
1153 3705 1221 3765 huic
1253 3705 1412 3779 praeiverit

198 3810 290 3881 initio,
312 3814 415 3884 postea
431 3809 573 3868 acerrime
593 3809 734 3868 restiterit
755 3814 786 3868 et
808 3810 1029 3885 repugnaverit,
1053 3810 1216 3869 accuratius
1239 3809 1321 3868 nobis
1344 3825 1411 3867 con-

198 3914 396 3990 templandum
425 3914 490 3973 erit
540 3913 586 3972 Da
618 3919 739 3987 utroque
769 3913 831 3973 viro
858 3930 1014 3987 eorumque
1044 3914 1163 3974 dissidio
1190 3930 1275 3988 quam
1297 3891 1412 3972 diversa

199 4031 229 4078 et
247 4019 407 4093 judicatum
429 4019 467 4077 sit
487 4023 518 4078 et
536 4017 684 4091 judicetur
706 4018 777 4077 satis
801 4023 922 4078 constat.
966 4019 1027 4078 Nos
1054 4020 1185 4078 neutrius
1207 4019 1411 4093 panegyricum

198 4124 333 4196 scripturi
363 4139 473 4198 sumus3
503 4139 577 4197 quae
603 4123 634 4181 in
664 4123 804 4182 alterutro
833 4139 903 4182 vere
930 4139 1037 4198 magua
1063 4131 1145 4197 sunt,
1172 4122 1412 4198 praedicabimus,

198 4243 273 4302 quae
299 4227 366 4299 jure
387 4225 638 4299 reprehenduntur
660 4243 719 4286 uon
740 4227 917 4301 tacebimus3
944 4233 1045 4287 contra
1066 4229 1239 4287 calumniam
1261 4232 1293 4285 et
1313 4228 1413 4286 immo·

288 4469 314 4536 1)
333 4468 371 4520 ct.
390 4467 502 4536 ejusdam
520 4467 575 4519 vita
592 4467 623 4519 ab
644 4468 703 4532 ipso
723 4469 829 4534 scripta,
848 4483 912 4533 opus
925 4471 1070 4532 postumum
1084 4463 1335 4532 (Selbatbiographie
1351 4465 1413 4514 Bar-

196 4555 234 4610 1in
254 4555 342 4626 usca).
