3156 5056
650 345 743 396 Garun
763 344 808 396 vl.
1279 343 1329 397 165

116 437 530 444 mu...-
537 437 566 443 -
813 437 876 442 ---
883 435 1008 442 ---—-.-.
1016 437 1119 443 --—-—

114 565 228 620 stratus
249 562 451 636 rescivissent,
481 562 548 621 vino
571 562 710 637 donatus,
740 562 788 634 qni
810 560 904 619 bonor
925 560 1109 634 magnatibus
1132 565 1163 618 et
1186 560 1334 618 civitatum

113 665 225 739 legatis
249 681 329 724 more
352 667 448 740 gentis
469 664 667 740 impenditur.‘
712 666 745 724 Id
769 665 924 724 Rhenanus
948 665 1064 738 saepius
1087 665 1174 723 etiam
1197 680 1229 722 se
1252 679 1336 738 prae·

115 775 202 830 sente
232 771 264 828 in
295 771 495 830 illustrissimis
531 771 665 845 urbibus,
698 787 768 844 quas
799 771 898 843 plnres
926 769 1070 844 nominat,
1100 770 1254 844 contigisse
1284 770 1332 830 ait.

115 876 221 948 Neque
249 876 340 934 solum
367 875 600 948 splendidissima
621 893 757 950 munera,
788 893 826 935 ne
846 874 1033 934 Cardinalatu
1064 875 1179 948 quidem
1203 881 1333 948 excepto,

116 981 145 1037 ei
172 980 269 1038 oblata
292 985 372 1055 sunt,
397 998 496 1040 verum
521 981 610 1040 etiam
632 982 734 1039 summi
755 981 903 1054 principes
920 977 1209 1040 honorificentissima
1230 981 1335 1039 invita-

116 1085 214 1158 tione,
241 1085 357 1160 adjecta
377 1101 536 1144 annuorum
561 1086 730 1144 salariorum
749 1086 955 1158 promissione,
979 1085 1019 1142 nil
1043 1085 1218 1158 suscipiendi
1240 1085 1276 1144 ab
1300 1101 1334 1144 eo

116 1190 206 1250 officii
234 1191 427 1265 postulantes,
462 1193 543 1263 quasi
563 1190 696 1248 certatim
719 1207 784 1249 eum
804 1190 931 1248 adlicere
955 1189 1046 1248 adse
1070 1189 1256 1248 conabantur.
1301 1189 1333 1248 ld

115 1297 261 1370 Angliae,
290 1295 528 1374 Francogalliac,
553 1293 707 1369 Poloniae,
732 1295 874 1354 Bavariae
905 1294 1075 1354 monarchas
1098 1296 1191 1368 egisse
1214 1295 1334 1370 scimns;

116 1401 149 1460 id
164 1399 382 1460 Fordinandum
404 1416 520 1473 regern,
544 1401 625 1474 cujus
640 1400 756 1458 nomine
772 1399 1005 1473 archiepiscopus
1020 1399 1195 1459 Viennensis
1210 1401 1334 1476 scripsit,

117 1505 204 1565 multi
232 1505 375 1563 interesse
405 1505 454 1562 ubi
483 1509 624 1563 terrarum
654 1503 776 1578 degeret
802 1521 924 1576 magnus
946 1504 1093 1563 Erasmus.
1137 1503 1219 1575 Quae
1239 1507 1335 1564 omnia

116 1611 168 1668 hic
191 1613 359 1668 constanter
381 1610 534 1668 recusavit.
580 1607 748 1668 Sufficiebat
769 1609 810 1682 ci,
830 1608 907 1682 quod
922 1608 1027 1667 Carolo
1042 1609 1074 1666 V.
1090 1607 1196 1667 absens
1218 1611 1334 1669 nomine

116 1722 205 1774 tenus
238 1730 256 1773 a
284 1714 410 1772 consiliis
438 1719 503 1773 erat
532 1720 563 1772 ct
592 1730 717 1772 annuam
743 1715 925 1788 pensionem,
959 1729 1033 1786 quac
1062 1713 1230 1790 dicebatur,
1264 1715 1335 1774 satis

116 1818 262 1878 modicam
289 1819 458 1893 accipiebat.
504 1817 640 1878 Ceterum
672 1835 723 1878 suo
746 1835 778 1877 se
801 1818 915 1878 modulo
935 1819 1058 1878 metiens
1079 1835 1138 1878 non
1160 1818 1198 1877 ad
1218 1818 1335 1893 publica

117 1924 236 1996 negotia
258 1924 304 1982 vel
325 1923 362 1982 ad
385 1923 510 1983 aulicam
532 1924 620 1982 vitarn
644 1940 675 1984 se
695 1929 796 1982 natum
818 1923 954 1998 putabat,
978 1923 1029 1982 sed
1052 1923 1090 1982 ad
1105 1925 1195 1982 solum
1211 1939 1334 1997 magnae

116 2031 195 2088 illius
210 2027 389 2102 reipublicae
412 2029 573 2088 litterariae
589 2029 780 2088 ministerium
795 2029 965 2088 obeundum.
1002 2027 1155 2102 ,Omnibus
1169 2029 1195 2086 si
1211 2029 1334 2103 queam,‘

116 2134 226 2214 inqpit,
250 2133 401 2207 ,prodesse
421 2133 519 2208 cupio,
543 2135 654 2192 servire
676 2133 804 2194 nemini‘
824 2127 899 2191 'sibi
921 2137 953 2191 ut
967 2133 1080 2207 privato
1094 2132 1202 2191 homini
1217 2135 1333 2206 plenam

114 2237 282 2296 libertatem
316 2237 487 2297 servandam
515 2254 580 2298 esse
613 2239 727 2312 saepius
760 2239 918 2311 praedicat.
978 2237 1060 2310 Quae
1091 2238 1115 2296 si
1148 2239 1228 2296 salva
1261 2245 1335 2312 erat,

117 2343 273 2400 multorum
303 2343 466 2416 principum
502 2359 536 2402 ac
566 2348 732 2416 magnatum
759 2343 836 2402 dona
870 2343 996 2416 gratuita
1023 2343 1157 2416 accipere
1187 2359 1332 2416 nunquam

117 2446 279 2522 dubitavit,
302 2465 398 2522 nequo
420 2447 450 2506 id
472 2465 525 2522 pro
548 2450 688 2523 temporis
709 2465 789 2508 more
813 2448 949 2508 dedecori
969 2448 995 2507 ei
1018 2453 1091 2506 erat.

204 2568 296 2640 Quum
331 2569 409 2628 enim
447 2576 558 2629 certum
596 2570 738 2643 quoddam
779 2569 956 2630 edendorum
987 2569 1124 2629 librorum
1155 2570 1281 2644 pretium
1315 2589 1333 2630 a

116 2674 272 2747 bibliopola
297 2676 409 2732 auctori
436 2675 603 2734 solvendum
636 2676 769 2748 stipulari
794 2681 878 2749 turpe
909 2676 1125 2749 aestimaretur,
1157 2673 1235 2734 baud
1265 2692 1332 2735 raro

115 2779 272 2852 scriptores
306 2780 418 2854 ingenii
453 2786 482 2840 et
514 2781 685 2840 eruditionis
718 2781 796 2840 fama
829 2781 1015 2840 celeberrimi
1041 2781 1247 2840 Maecenatnm
1275 2797 1331 2854 ope

116 2883 252 2958 egebant.
296 2884 360 2943 Hac
383 2885 537 2944 destitutus
552 2885 691 2944 Erasmus
709 2885 855 2945 interdum
875 2889 1048 2959 paupertate
1064 2883 1225 2944 laborabat.
1270 2885 1333 2956 Qua

116 2989 260 3062 quondam
292 3006 408 3062 pressus
436 2991 564 3065 juvenis,
601 3008 688 3064 quum
720 3007 822 3065 grave,
854 2996 886 3048 ut
915 2991 971 3063 ait,
999 2993 1030 3047 et
1057 2989 1232 3047 laboriosum
1262 3005 1332 3061 opus

116 3094 172 3152 sibi
194 3095 443 3169 praescripsisset,
473 3095 511 3153 ad
534 3095 746 3168 componendas
769 3111 859 3169 nugas
882 3093 1020 3166 quasdam
1043 3093 1184 3152 deductus
1207 3098 1264 3166 est,
1295 3092 1331 3151 de

117 3198 221 3272 quibus
249 3199 311 3272 ipse
339 3199 375 3258 od
405 3199 544 3258 amicum:
574 3199 737 3275 ,Emoriar,
760 3199 785 3258 si
807 3198 876 3272 quid
898 3213 1024 3270 unquam
1046 3197 1076 3253 in
1098 3197 1159 3254 vita
1181 3197 1224 3254 sic
1246 3213 1332 3268 repu-

116 3307 225 3377 gnante
248 3303 344 3361 animo
367 3303 484 3378 scripsi,
508 3307 540 3361 ut
562 3303 615 3362 bas
633 3321 740 3378 nugas,
761 3303 847 3361 immo
872 3301 1086 3376 gnathonismos
1108 3299 1146 3359 ad
1168 3299 1331 3375 Dominam,

117 3407 154 3465 ad
177 3406 392 3480 Praepositum,
422 3407 459 3466 ad
481 3406 670 3468 Abbatem.‘¹
713 3408 919 3482 Deploraveris
941 3422 1017 3464 nunc
1039 3405 1166 3465 nobilem
1190 3405 1331 3480 animum3

116 3515 187 3568 tnnc
218 3527 237 3570 a
266 3512 363 3570 multis
396 3517 517 3587 propter
551 3513 690 3588 ejusmodi
725 3513 859 3586 querelas
891 3511 1068 3570 morositatis
1099 3511 1246 3569 incusatus
1280 3515 1332 3570 cst.

118 3613 227 3673 Postea
248 3615 312 3688 plus
335 3617 425 3674 semel
450 3617 570 3690 accidit,
593 3622 625 3674 ut
646 3618 748 3675 summi
770 3617 902 3691 patroni,
925 3613 1080 3676 deficiente
1095 3615 1165 3690 ipsis
1186 3633 1332 3691 crumena,

116 3719 265 3792 promissis
292 3737 349 3778 non
380 3726 501 3781 starent.
546 3721 643 3780 Etiam
672 3723 773 3795 pensio
799 3721 864 3795 illa,
895 3739 913 3780 a
942 3719 1046 3780 Carolo
1067 3721 1102 3779 V.
1129 3723 1155 3780 ei
1186 3735 1332 3794 concessa,

116 3840 170 3896 per
197 3823 294 3896 plures
324 3841 415 3884 annos
445 3843 502 3884 non
528 3826 674 3899 pensitato
701 3831 753 3885 est.
799 3825 853 3885 Vel
875 3841 894 3884 a
915 3825 1098 3898 magnatibus
1121 3824 1197 3883 dona
1219 3823 1333 3895 accepit

115 3943 218 4001 pamm
243 3929 300 4002 ipsi
322 3930 420 4002 utilia,
443 3947 516 4003 quac
540 3935 638 3989 tamen
660 3931 777 4004 pudoris
799 3945 887 3989 causa
907 3929 1034 3989 vendere
1050 3945 1108 3986 non
1123 3926 1238 3986 licebat
1284 3925 1332 3984 Sic

116 4031 241 4090 bonores
268 4049 447 4108 memorans,
478 4034 581 4107 quibus
611 4034 757 4094 Basileam
787 4035 910 4108 primum
940 4029 1088 4106 protectus
1129 4031 1166 4089 ab
1198 4030 1332 4103 episcopo

117 4136 279 4194 cumulatus
314 4141 376 4212 est,
413 4137 557 4213 ,Equum,
592 4139 699 4212 inquit,
735 4139 830 4211 coegit
866 4143 898 4196 nt
935 4137 1115 4210 acciperem,
1152 4151 1237 4207 quem
1266 4151 1333 4194 mox

117 4239 219 4299 urbem
242 4257 393 4316 egressus,
417 4242 514 4301 aureis
534 4244 744 4318 quinquaginta
765 4241 927 4302 revendere
950 4246 1100 4316 poteram,
1128 4238 1180 4296 scd
1202 4244 1333 4312 praestat

118 4359 217 4403 coram
246 4344 323 4404 bunc
351 4345 532 4405 Thrasonem
561 4345 669 4422 agere}
718 4347 856 4408 Ceterum
884 4347 970 4406 etiam
1002 4345 1032 4403 in
1054 4345 1147 4403 uirum
1164 4343 1332 4417 jamdudum

207 4645 232 4714 1)
251 4643 290 4694 Ad
309 4646 412 4698 Battum
432 4663 454 4698 a.
475 4652 550 4700 lesa.
