3156 5056
237 295 290 351 220
724 298 826 348 Pasarne
844 298 960 348 Paronrs

236 510 301 571 dolo
326 511 580 586 circumvenerint,
612 511 658 572 vel
688 511 717 572 vi
747 511 955 586 oppresserint,
983 510 1204 586 trucidaverint,
1233 509 1449 570 combusserint

236 614 395 688 Propterea
421 616 523 690 libros,
554 633 611 689 quo
633 621 692 675 tam
714 613 884 690 pestiferam
905 616 1067 690 potentiam
1095 613 1228 689 fulciant,
1259 614 1361 688 dignos
1383 629 1448 672 csse

238 725 338 779 censet
359 720 408 795 qni
429 719 646 796 comburantur,
668 721 782 780 etiamsi
804 719 918 795 singrde
940 720 1029 779 insint
1048 721 1179 784 meliora.
1215 719 1251 778 Id
1265 719 1303 790 de
1318 717 1449 778 Gratiani

236 823 363 884 decretis
392 823 501 885 dnerte
536 823 683 884 contemne
716 829 809 885 totum
841 829 939 884 tamen
967 841 1002 884 co
1032 824 1176 884 detortum
1208 839 1273 882 esse
1300 822 1386 898 dicit,
1415 827 1449 881 nt

236 927 378 990 ecclesiae
406 935 511 988 noceet
540 934 571 990 et
596 929 706 1004 Papam
734 929 764 989 in
793 929 1014 989 antichristiana
1041 945 1094 989 sna
1124 934 1155 989 et
1179 929 1270 1003 impia
1295 925 1448 1001 tyrannide

236 1029 393 1094 confirmet
437 1033 501 1094 Hoc
528 1038 589 1093 toto
617 1034 707 1108 igitur
728 1037 795 1109 jure
818 1031 965 1108 pontificio
988 1033 1103 1094 sublato
1126 1033 1280 1104 ecclesiam
1302 1034 1333 1090 in
1356 1032 1448 1105 capite

236 1141 268 1195 ot
288 1137 425 1197 membris
446 1135 598 1198 reformari
619 1138 681 1198 vult
703 1137 740 1198 ab
762 1137 920 1197 universali
943 1138 1078 1213 concilio,
1101 1138 1139 1198 ad
1160 1137 1237 1212 quod
1259 1138 1324 1212 ipsc
1344 1137 1449 1196 iterum

235 1247 452 1315 provocaverat.
497 1241 645 1303 Romanae
665 1243 743 1303 sedis
764 1244 936 1319 primatum,
963 1243 988 1302 si
1011 1243 1047 1302 ab
1070 1243 1147 1302 omni
1171 1243 1355 1316 corruptione
1376 1241 1448 1300 and-

236 1345 394 1406 chrlstiana
427 1353 552 1422 purgata
587 1347 688 1424 inerit,
720 1348 808 1408 stiam
837 1365 914 1408 nunc
943 1364 1002 1407 non
1027 1353 1213 1408 recusaturus
1242 1353 1295 1407 est.
1346 1345 1447 1419 Neque

236 1447 344 1508 desinit
364 1467 382 1510 a
404 1458 541 1526 corrupta
556 1451 644 1512 Curia
666 1459 697 1512 ct
721 1458 855 1527 corrupta
868 1450 1014 1512 Pontifioii
1030 1453 1158 1512 moneris
1173 1451 1343 1511 condicione
1358 1451 1448 1524 ipsam

236 1555 400 1628 praesentis
423 1554 585 1632 Pontificio,
607 1557 770 1618 litterarum
791 1559 919 1633 patroni,
943 1573 1097 1631 personam
1117 1557 1215 1631 aliquo
1236 1555 1322 1615 modo
1341 1555 1448 1614 discer-

236 1673 322 1733 nere,
357 1657 395 1718 de
427 1677 483 1734 quo
515 1677 629 1748 semper
662 1662 756 1722 adhuc
786 1661 926 1722 Erasmus
960 1662 1067 1736 aliique
1101 1661 1200 1720 eximii
1233 1661 1288 1720 viri
1324 1659 1449 1732 benigne

234 1760 411 1836 jndicabant
457 1762 608 1825 eonfiuore
635 1781 666 1825 sc
693 1767 750 1842 ait,
777 1767 870 1840 ipsum
895 1766 1025 1827 Leonem
1051 1767 1141 1825 multa
1168 1765 1347 1841 improbare,
1375 1779 1449 1838 qnae

236 1865 407 1928 decessores
437 1871 499 1944 ejus
529 1869 655 1929 decretis
686 1877 716 1931 et
745 1870 942 1932 decretalibus
969 1871 1028 1930 suis
1056 1871 1278 1949 constituerint3
1309 1869 1354 1928 ein
1381 1884 1450 1926 vero

236 1987 294 2032 non
320 1973 478 2050 improbet,
509 1991 546 2034 ne
574 1974 604 2034 id
633 1975 748 2050 quidem
780 1993 812 2036 se
842 1992 954 2037 curare.
1007 1975 1078 2035 Sese
1108 1977 1185 2035 enim
1217 1980 1250 2034 ut
1276 1974 1450 2048 baptizatum

236 2075 445 2154 Christianum,
474 2084 507 2139 ut
531 2081 661 2154 juratum
687 2079 852 2156 theologice
877 2079 1046 2154 Doctorem,
1077 2085 1110 2138 nt
1130 2081 1187 2138 rite
1210 2085 1343 2138 vocatum
1365 2092 1451 2136 cvan-

236 2181 306 2256 gclii
334 2182 566 2256 praedicatorem
597 2185 756 2259 obligatum
787 2201 851 2244 caso
882 2185 920 2244 cd
950 2185 1118 2260 veritatem,
1153 2181 1290 2257 quidquid
1325 2167 1451 2256 eveniret,

235 2286 407 2349 testandam.

323 2391 415 2466 qu'ns
438 2393 596 2454 testimonii
619 2393 758 2467 singulari
781 2393 832 2453 illo
855 2393 1043 2467 sollemnique
1063 2399 1131 2452 actu
1154 2392 1261 2453 edendi
1276 2392 1332 2465 ipsi
1347 2389 1451 2450 advar-

236 2494 305 2553 sarii
336 2511 452 2554 causam
483 2497 512 2554 ei
540 2497 707 2556 attulerunt
763 2497 869 2556 Eccius
901 2514 937 2556 ex
968 2497 1103 2557 mandato
1132 2494 1279 2570 pontificio
1307 2495 1382 2555 datis
1410 2493 1450 2553 ad
1547 2491 1548 2496 ’

237 2597 416 2656 academiam
437 2599 677 2675 Vitebergcnsem
707 2601 812 2660 litteris
840 2601 877 2660 ab
901 2618 937 2662 sa
958 2602 1168 2676 postulaverat,
1198 2607 1230 2660 ut
1253 2600 1362 2660 bullam
1382 2615 1451 2673 pro-

236 2699 376 2760 clamaret
398 2707 429 2762 ct
443 2703 603 2763 Luthernm
625 2705 680 2764 nisi
702 2704 853 2765 damnatas
872 2707 1032 2766 sententias
1049 2711 1201 2766 revocaret
1219 2705 1349 2779 ejiceret.
1386 2703 1450 2762 Hoc

236 2805 387 2865 academia
404 2807 582 2883 neglexerat.
626 2807 770 2868 Lotherns
790 2827 868 2885 vero,
891 2803 976 2884 quum
996 2811 1102 2869 iterum
1120 2811 1282 2882 iterumque
1300 2809 1364 2868 aliis
1378 2807 1449 2865 locis

236 2907 325 2970 libros
347 2927 414 2970 auce
435 2929 454 2972 a
474 2912 707 2973 Romanensibus
727 2914 850 2974 cremari
873 2913 1044 2988 audivisset,
1074 2929 1196 2974 necesse
1217 2913 1331 2987 putavit
1351 2911 1450 2985 palam

235 3013 401 3092 declarare,
431 3034 484 3077 cur
505 3017 682 3094 Vitebergas
705 3019 773 3094 jura
801 3025 831 3078 ct
854 3018 991 3080 mandata
1012 3017 1161 3092 pontificia
1184 3021 1450 3078 contemnerentur.

237 3119 271 3180 Id
286 3137 373 3195 quum
389 3138 438 3197 eo,
458 3139 543 3197 qoem
558 3123 693 3199 dimmus,
716 3129 782 3183 acto
799 3121 967 3198 perficeret,
987 3121 1065 3181 haud
1080 3123 1169 3181 invito
1184 3121 1300 3196 quddam
1314 3120 1451 3181 Electore

235 3241 288 3284 sno
325 3225 409 3301 iecit,
446 3226 498 3287 sed
536 3227 598 3302 ejus
634 3229 766 3302 potentia
800 3244 832 3287 ee
868 3227 923 3286 niti
959 3243 1018 3286 non
1058 3243 1143 3300 posse
1181 3225 1289 3300 optime
1323 3231 1452 3285 noverat

235 3328 331 3400 Quare
360 3331 459 3404 quovis
488 3337 647 3406 momento,
679 3333 704 3391 si
729 3332 835 3391 hostile
858 3329 992 3390 Caesada
1016 3330 1164 3390 consilium
1187 3329 1386 3404 praevaleret,
1413 3328 1451 3388 ad

235 3431 417 3492 subeundum
439 3434 555 3492 exilium
578 3435 625 3493 vel
647 3440 769 3494 mortem
791 3440 938 3509 promptus
960 3440 1033 3494 erat
1070 3435 1134 3494 Nec
1155 3435 1243 3493 vitam
1266 3447 1347 3492 snam
1369 3433 1451 3492 multi

234 3533 377 3609 iaciebat,
399 3537 481 3608 qnasi
504 3537 541 3596 ad
562 3553 681 3610 magnas
703 3537 798 3597 adinum
820 3556 868 3599 res
890 3537 1071 3614 peragendae
1094 3538 1255 3598 destinatus
1279 3543 1370 3612 essct,
1398 3536 1449 3596 scd

234 3643 346 3700 mutum
364 3639 440 3700 viam
461 3655 494 3698 se
516 3643 630 3701 munire
652 3643 774 3716 putabat
796 3643 899 3716 majori
919 3643 1034 3702 cuidam
1048 3641 1104 3702 Dei
1127 3657 1250 3718 organo,
1273 3643 1360 3716 quale
1381 3646 1450 3700 tunc

235 3745 422 3808 efflorescens
451 3747 536 3805 amici
562 3749 678 3823 juvenis
703 3747 938 3808 Melanchthonis
966 3747 1115 3822 ingenium
1144 3749 1173 3808 ei
1199 3763 1263 3806 esse
1289 3745 1448 3806 videbatur.

176 3835 179 3840 ¹
232 3853 298 3926 Ipse
322 3852 438 3926 saepius
461 3851 563 3910 eodem
582 3857 727 3928 tempore,
759 3853 845 3912 sicuti
869 3854 958 3912 etiam
979 3857 1094 3926 postea,
1124 3851 1267 3912 moriendi
1289 3867 1341 3924 pro
1363 3865 1449 3910 evan-

233 3957 330 4032 gelica
357 3957 482 4017 veritate
513 3955 658 4018 desiderio
686 3955 854 4033 flagrabat¹
900 3955 983 4030 qnod
1014 3972 1072 4016 non
1100 3954 1209 4014 frustra
1235 3955 1298 4014 iore
1325 3950 1449 4014 confisus

232 4079 298 4122 cnm
322 4062 454 4123 Simsone
484 4077 517 4120 se
546 4061 747 4138 comparabat,
776 4062 825 4136 qui
852 4061 978 4121 moriens
1000 4061 1097 4135 plnres
1119 4058 1342 4118 Philistaeorum
1364 4075 1449 4132 qnam

231 4166 314 4227 vivus
343 4153 532 4241 perculisset,
562 4183 705 4241 quumque
733 4166 942 4226 Hochstrateni
971 4171 1095 4225 mortem
1125 4165 1153 4222 ei
1180 4163 1308 4237 undique
1333 4162 1449 4222 miniu-

230 4277 347 4346 rentnr,
370 4285 484 4334 vorsum
506 4269 588 4329 illum
610 4267 697 4330 iecit:

406 4375 502 4434 Pestis
525 4390 605 4434 eram
628 4375 741 4451 vivens,
766 4375 893 4435 moriens
916 4389 967 4434 ero
989 4389 1066 4432 mors
1089 4377 1154 4448 tua,
1177 4371 1271 4449 Papa!

320 4594 345 4662 l)
365 4592 451 4644 Briet'c
471 4601 493 4656 1,
507 4599 566 4644 ⁶35.
