3144 5092
662 262 749 316 Carur
768 262 800 314 V.
1307 263 1343 318 85

94 464 195 541 cst,¹
225 483 278 542 pro
305 465 418 524 viribus
441 463 626 540 tyrannicam
649 464 782 524 omnium
804 464 970 524 litterarum
992 463 1181 542 disciplinam
1204 467 1344 542 exercuit,

97 572 236 650 qualem
263 572 347 632 nulla
374 577 460 632 antea
482 576 563 632 aetas
585 572 705 631 viderat.
752 571 816 648 Ipsi
840 571 1019 631 Bellermino
1043 573 1148 649 probro
1170 573 1248 650 apud
1272 591 1345 633 non-

98 680 217 740 nullos
245 680 316 754 luit,
344 679 423 757 qued
450 679 541 739 nimis
562 679 675 756 largam
702 684 732 739 et
754 683 919 739 accuratam
942 679 1174 739 Protestantium
1196 680 1345 740 doctrinae

99 787 252 846 notitiam
288 787 427 847 dedisset
481 786 619 847 Eundem
656 785 789 846 animum
825 787 943 863 egregie
979 787 1121 864 exprimit
1157 787 1346 848 celeberrima

101 894 264 970 andragi
291 894 482 972 Inquisitoris
509 895 612 954 vicarii
640 895 766 972 epistola
798 895 835 954 ad
862 893 1054 954 Franciscum
1083 894 1269 954 Cardinalem
1295 895 1345 954 Pi-

102 1021 224 1062 sanum
247 1003 390 1079 scripta,²
412 1020 471 1080 qua
492 1020 597 1062 causas
620 1002 743 1079 exponit
765 1002 874 1080 quibus
896 1006 964 1079 post
986 1002 1093 1079 viginti
1116 1021 1209 1063 annos
1231 1003 1264 1062 in
1288 1003 1345 1063 hcc

102 1110 236 1186 negotio
264 1115 455 1186 consumptos
482 1127 658 1187 persuasrun
686 1109 742 1169 sibi
771 1110 822 1184 sit,
855 1127 914 1168 non
936 1127 1025 1186 pesse
1052 1109 1170 1169 Italiam
1197 1114 1227 1170 et
1248 1111 1345 1188 ipsam

105 1217 218 1277 sedem
246 1217 409 1276 Romanam
440 1222 542 1277 cenna
572 1217 771 1277 Lutheranam
805 1221 921 1294 pestem
951 1217 1145 1294 praemuniri,
1177 1217 1236 1277 nisi
1264 1217 1345 1276 omni

107 1323 330 1385 Germanorum
357 1325 572 1384 consuetudine
598 1323 726 1402 sublata;
755 1323 888 1401 alioquin
914 1324 1080 1384 timendum
1107 1342 1186 1400 esse,
1214 1343 1253 1384 ne
1275 1325 1345 1402 plus

106 1437 237 1492 contum
264 1431 359 1490 millia
381 1432 535 1492 bominum
559 1432 737 1512 (horrescere
760 1450 793 1492 se
815 1433 992 1492 referentem
1014 1431 1065 1511 ait)
1089 1431 1121 1490 in
1144 1433 1235 1492 variis
1257 1433 1344 1493 terris

104 1540 236 1615 jubente
263 1539 407 1599 Pontifiee
434 1539 545 1600 frustra
572 1539 691 1617 capitali
718 1539 865 1618 supplicio
892 1539 989 1600 affecti
1018 1539 1091 1616 sint;
1120 1539 1229 1600 etenim
1252 1559 1344 1618 quum

109 1647 246 1724 primum
269 1646 377 1724 aliquis
401 1645 565 1708 Germanus
588 1647 621 1706 in
643 1646 761 1706 Italiam
783 1647 945 1724 appulerit,
969 1665 1038 1706 mox
1061 1647 1160 1708 exutis
1183 1648 1276 1708 ocreis
1299 1647 1344 1706 in-

109 1755 215 1830 cipere
237 1772 305 1813 eum
328 1771 460 1828 narrare,
484 1773 544 1832 qua
565 1755 679 1814 ratione
696 1755 921 1814 reformaverint
939 1755 1093 1830 ecclesias,
1117 1755 1189 1833 quid
1209 1755 1245 1814 de
1263 1755 1345 1834 Papa

110 1861 212 1938 deque
239 1861 374 1921 articulis
401 1862 599 1922 controversis
627 1863 756 1922 sentiant
783 1863 942 1940 statimque
968 1863 1099 1939 proferre
1126 1881 1143 1922 e
1166 1862 1233 1922 sinu
1256 1863 1344 1922 vele

112 1969 243 2028 sarcinis
270 1968 362 2028 libros
390 1973 420 2028 et
441 1968 572 2044 libellos,
600 1987 674 2046 quos
696 1969 894 2029 libentissime
917 1969 1017 2044 donet,
1045 1973 1074 2029 et
1097 1970 1149 2028 vix
1172 1969 1224 2028 diu
1246 1986 1342 2046 posse,

113 2080 227 2154 quanta
249 2075 364 2135 laetitia
386 2080 416 2133 et
438 2075 599 2152 eupiditate
621 2075 690 2134 talis
713 2075 841 2136 melodia
862 2075 1012 2153 audiatur;
1036 2081 1066 2134 et
1088 2081 1201 2150 cenna,
1225 2076 1251 2136 si
1274 2076 1343 2154 quis

113 2182 211 2242 Italus
233 2182 265 2241 in
289 2181 477 2242 Germaniam
499 2183 649 2258 proiectus
673 2183 724 2256 sit,
749 2183 848 2243 statim
873 2201 941 2242 eum
964 2184 1001 2242 ad
1020 2183 1087 2243 illas
1106 2181 1260 2258 ecclesias,
1284 2187 1342 2242 sta-

114 2290 170 2350 tim
202 2289 239 2348 ad
271 2289 351 2348 vires
379 2289 493 2364 doctos,
526 2289 626 2349 statim
657 2290 695 2348 ad
722 2289 897 2366 bibliopolas
925 2291 1075 2365 accedere,
1103 2290 1173 2350 inde
1199 2289 1342 2350 iniectum

115 2397 223 2472 redire,
256 2396 404 2457 doctorem
435 2402 466 2456 et
492 2397 726 2457 concionatorem
753 2397 893 2475 deinceps
919 2417 1006 2475 agere
1033 2399 1066 2457 in
1093 2397 1206 2458 familia
1232 2415 1286 2457 sua
1313 2402 1343 2458 et

116 2505 194 2566 inter
215 2504 333 2564 amicos.
376 2505 427 2579 ,Et
450 2523 543 2583 quum
561 2523 615 2564 nos
633 2505 736 2564 miseri
754 2505 974 2582 Inquisitores‘,
997 2505 1108 2584 inquit,
1132 2505 1208 2581 ,dies
1226 2509 1342 2566 noctes·

118 2631 174 2690 que
197 2611 292 2672 simus
315 2611 450 2687 solliciti,
473 2631 512 2671 ne
534 2612 589 2671 ulli
613 2611 682 2671 libri
700 2613 864 2672 Lutherani
886 2613 1065 2688 vendantur,
1088 2631 1185 2691 neque
1206 2613 1262 2672 ulli
1281 2631 1342 2673 ser·

119 2737 218 2780 mones
250 2719 287 2779 de
319 2719 429 2780 talibus
456 2720 546 2780 rebus
575 2723 710 2780 serantur
738 2718 819 2798 (quia
845 2720 877 2780 in
905 2739 940 2781 eo
967 2725 1029 2780 tota
1055 2739 1103 2781 res
1131 2721 1188 2780 sita
1215 2726 1273 2796 est,
1306 2739 1344 2780 ne

120 2828 209 2887 nostri
234 2825 378 2888 Catholici
400 2827 586 2904 intellegant,
610 2827 682 2906 quid
704 2827 863 2887 adversarii
886 2828 999 2888 dicant:
1023 2846 1092 2887 nam
1114 2828 1166 2888 ubi
1188 2829 1343 2889 intellexe-

120 2933 189 3009 rint,
222 2935 322 2994 statim
353 2933 567 3012 assentiuntur)
599 2951 668 2994 ecce
694 2951 753 2994 uno
781 2935 829 2994 die
857 2953 945 3012 saepe
973 2935 1117 3013 quidquid
1144 2953 1199 2996 nos
1226 2953 1342 3012 compo-

122 3041 265 3102 suerimus
288 3041 492 3119 perturbatur!

222 3149 336 3208 Revera
358 3148 457 3208 emnia
479 3147 637 3225 aliquando
662 3147 768 3208 Ovrriae
791 3147 971 3208 successisse
994 3147 1176 3208 videbantur.
1219 3148 1343 3225 Septen-

122 3256 257 3316 trionules
288 3255 392 3315 Italiae
427 3255 502 3314 fines
535 3253 654 3314 Sinensi
691 3255 776 3331 quasi
807 3272 892 3313 muro
924 3259 1026 3314 contra
1057 3255 1165 3314 sinceri
1197 3255 1342 3330 evangelii

123 3363 284 3424 invasiones
307 3366 457 3423 exsnuetu
480 3361 653 3422 circumdati
676 3366 766 3420 erant
812 3361 935 3439 Semper
956 3366 1055 3421 tamen
1078 3367 1199 3439 superat
1221 3362 1267 3422 vis
1290 3362 1342 3421 ali·

125 3489 188 3548 qua,
215 3488 290 3548 quae
317 3469 431 3546 passim
459 3473 493 3528 ut
518 3469 561 3528 ita
588 3468 686 3528 dicam
713 3469 866 3528 arrodebat
888 3487 1006 3528 munim
1029 3469 1116 3528 illum
1140 3487 1194 3530 sue
1216 3469 1343 3548 denique

126 3583 247 3655 tempore
274 3577 430 3636 nritvnum
477 3575 593 3652 Quippe
620 3576 719 3654 nimpi
747 3594 869 3653 prorsus
891 3595 951 3636 non
974 3581 1088 3653 poterat
1110 3577 1264 3636 vinculum
1287 3577 1343 3636 rei·

127 3685 252 3762 publicae
279 3683 362 3744 illius
389 3683 549 3744 litterariae
577 3701 652 3761 quae
679 3683 868 3761 antiquarum
895 3666 1061 3744 litterarum
1085 3684 1192 3744 studiis
1215 3684 1343 3761 primum

127 3792 240 3852 fundata
271 3791 452 3869 pedetentim
484 3808 587 3850 ornnes
619 3791 765 3851 humanae
797 3791 947 3851 doctrinae
978 3796 1077 3868 partes
1104 3809 1139 3850 ac
1170 3791 1344 3868 disciplinas

127 3900 254 3977 amplexa
285 3905 338 3958 est.
390 3897 470 3972 Quae
498 3916 556 3974 quo
583 3897 703 3974 longius
731 3915 888 3975 progressa
915 3903 962 3958 est
989 3903 1019 3958 et
1046 3917 1105 3976 quo
1133 3898 1223 3958 altius
1246 3897 1345 3957 omnia

128 4007 313 4066 humanarum
340 4011 370 4065 et
392 4005 559 4064 divinarum
582 4022 681 4063 rerum
704 4005 867 4082 penetralia
889 4005 1008 4082 assequi
1032 4006 1159 4080 studuit,
1187 4023 1222 4066 eo
1244 4005 1344 4064 minus

129 4133 144 4173 a
169 4113 291 4174 summis
321 4112 474 4190 religionis
502 4112 725 4190 quaestionibus
753 4111 841 4189 plane
868 4111 965 4172 aliena
992 4129 1059 4172 esse
1086 4112 1189 4190 potuit
1240 4113 1344 4189 Itaque

130 4221 241 4280 vixdum
268 4221 409 4282 extinctis
436 4219 600 4279 innumeris
628 4219 708 4296 regis
731 4219 807 4294 illis,
835 4219 944 4298 quibus
967 4219 1045 4280 servi
1068 4219 1216 4279 Pontificii
1239 4219 1344 4279 verita-

133 4379 332 4388 ——.—-

226 4466 252 4535 l)
271 4465 392 4534 Reuscb,
410 4463 465 4520 Der
482 4463 569 4519 Index
588 4464 635 4518 der
653 4463 817 4518 verbotenen
835 4463 945 4520 Biicher
962 4463 988 4533 1,
1007 4463 1084 4519 Bona
1105 4463 1183 4520 1883.

225 4553 252 4624 2)
272 4555 390 4610 Gerderii
409 4553 536 4610 scrinium
555 4553 734 4624 antiquarium
751 4553 778 4624 I,
798 4553 827 4624 2,
846 4570 872 4626 p.
890 4553 943 4609 320
961 4569 997 4610 ss.
