3202 5058
721 317 813 370 Carnu
828 317 863 370 11.
1368 316 1402 371 27

188 531 250 589 vias
268 531 437 606 inveniens,
459 533 540 591 lento
562 549 597 592 ac
620 541 701 593 certo
716 549 872 610 progressu
887 534 1013 608 denique
1033 534 1183 596 obtinebit.
1229 532 1292 593 Iam
1314 532 1404 604 igitur

187 634 225 694 ab
245 636 280 694 iis
302 651 377 710 quae
397 653 485 711 snpra
503 637 563 697 dixi
584 639 727 700 exordiar.

773 835 812 896 Π.

274 949 368 1025 Saepe
402 953 515 1010 avirie
542 953 733 1027 prudentibus
764 961 794 1015 et
822 957 853 1016 in
877 959 1006 1016 maximis
1029 957 1124 1016 causis
1146 955 1269 1016 versatis
1291 954 1399 1014 dictum

187 1059 249 1128 est,
280 1055 369 1114 etiam
405 1057 534 1116 melioria
569 1063 658 1117 notae
688 1059 843 1119 Pontifices
872 1063 903 1120 in
937 1063 1025 1121 rebus
1058 1061 1096 1120 ad
1129 1060 1282 1134 imperium
1316 1077 1399 1118 suum
1437 1057 1447 1078 '

186 1159 402 1236 spectantibus,
422 1179 509 1234 quum
527 1163 583 1236 ipsi
604 1162 672 1236 quid
691 1181 791 1223 verum
808 1168 976 1239 justumque
999 1167 1037 1224 sit
1059 1167 1166 1240 optime
1189 1164 1400 1239 perspexerint,

186 1269 285 1322 umen
317 1264 347 1324 id
380 1266 477 1339 palam
507 1266 639 1340 profiteri
669 1273 757 1341 atque
787 1270 880 1345 tueri,
909 1271 1039 1343 quemvis
1069 1271 1173 1343 velint,
1208 1269 1286 1328 nullo
1313 1267 1398 1327 modo

185 1383 279 1442 posse.
324 1369 398 1442 Ipsis
426 1371 561 1430 nimirum
583 1372 697 1446 fortior,
722 1389 798 1446 quae
820 1375 857 1434 iis
879 1376 988 1434 servire
1010 1373 1134 1446 videtur,
1165 1373 1296 1432 Romana
1318 1373 1399 1431 curia

186 1477 240 1531 est.
286 1471 374 1546 Cujus
393 1475 507 1536 sodales
527 1482 558 1536 et
576 1478 705 1536 asseclae
729 1478 880 1552 imperinm
904 1479 975 1538 illud
993 1478 1097 1538 iisdem
1111 1478 1223 1538 artibm
1236 1493 1324 1552 saepe
1340 1467 1399 1536 non

186 1579 320 1652 optimis,
338 1579 441 1652 quibus
463 1587 579 1654 partum
601 1587 655 1655 est,
677 1582 862 1642 retinendum
885 1589 916 1644 et
937 1582 1102 1658 augendum
1117 1599 1182 1643 esee
1195 1599 1310 1656 semper
1332 1598 1400 1640 cen·

186 1689 316 1742 suerunt
360 1684 424 1743 Hoc
454 1686 550 1744 animo
571 1685 680 1760 Papam
702 1686 813 1761 Regem
836 1705 935 1763 snum,
962 1705 1048 1762 quem
1069 1688 1187 1762 dicum,
1211 1693 1243 1746 ut
1265 1705 1301 1746 ex
1322 1687 1399 1760 ipso-

185 1803 249 1845 rum
283 1792 380 1848 mente
415 1797 569 1864 regnaret,
602 1791 753 1864 impellere
778 1791 925 1866 bucusque
959 1798 1007 1868 et,
1040 1793 1090 1852 nbi
1116 1793 1259 1867 oportuit,
1292 1807 1398 1864 cogere

185 1891 364 1953 studuerunt.
410 1893 517 1967 Quem,
539 1896 564 1954 si
579 1895 845 1971 obtemperaverat,
868 1903 900 1956 ut
910 1896 1068 1956 Vicedenm
1083 1897 1287 1970 adoraverunt,
1310 1896 1399 1954 etiarn

185 1997 293 2055 aulicos
320 2003 452 2057 ueterum
475 1997 631 2058 Caesarum
652 1999 861 2076 Rornanorum,
890 2002 938 2074 qui
969 2008 1001 2061 et
1021 2001 1076 2074 ipsi
1098 2001 1148 2060 Dii
1169 2000 1400 2073 nominabantur,

185 2101 283 2162 servili
307 2101 474 2162 adulatione
496 2105 604 2178 passim
630 2113 812 2178 superantes.
857 2104 918 2163 lllis
941 2101 987 2184 (ut
1008 2106 1067 2164 alia
1086 2099 1214 2184 taceam)
1236 2105 1339 2164 saltem
1361 2103 1397 2162 de

185 2207 289 2265 mortui
317 2209 464 2282 cujusdam
487 2207 619 2268 Caesaris
647 2207 840 2282 facinoribus,
871 2223 945 2282 quae
968 2209 1127 2282 sentirent,
1156 2209 1255 2267 dicere
1275 2207 1397 2266 licebat:

184 2311 236 2368 sub
254 2310 372 2371 Nemee
400 2314 550 2387 apotheosi
580 2313 695 2373 Claudii
722 2313 835 2372 Seneca
864 2312 993 2387 ejusdem
1015 2311 1285 2386 apocolocyntbosin
1308 2327 1396 2386 oppo-

183 2415 248 2472 suit.
292 2415 373 2475 lnter
394 2416 565 2492 Papalinos,
597 2434 668 2492 qnos
693 2418 761 2476 Itali
783 2421 900 2490 vocant,
930 2418 1037 2476 mortni
1059 2415 1207 2490 cujusdam
1229 2416 1328 2489 Papae
1350 2415 1397 2475 vel

183 2520 335 2578 scelestam
366 2522 413 2580 vel
446 2523 563 2581 stultam
594 2523 777 2596 tyrannidem
807 2521 845 2580 ad
876 2521 1042 2580 historicam
1070 2521 1224 2582 veritatem
1251 2520 1395 2594 castigare

181 2625 274 2697 magis
302 2626 451 2699 magisque
481 2625 584 2702 flagitii
610 2627 741 2686 habitum
770 2631 829 2686 est:
856 2627 1021 2699 nuperrime
1053 2627 1142 2685 etiam
1160 2625 1325 2685 Alexandro
1347 2623 1398 2682 VI.

182 2729 335 2803 apologeta
364 2732 493 2804 contigit
545 2732 642 2802 Quare
669 2731 911 2805 praestantissimi
940 2729 1057 2804 quidam
1084 2731 1240 2803 scriptores
1261 2728 1397 2789 catholici

181 2834 277 2906 questi
300 2839 383 2909 sunt,
412 2836 443 2894 in
465 2836 511 2895 bis
531 2837 619 2896 rebus
641 2836 805 2909 aequalium
828 2835 965 2908 plurimos
986 2851 1025 2894 ne
1048 2851 1112 2895 eam
1140 2832 1256 2908 quidem
1278 2833 1397 2892 liberta·

182 2941 241 2998 tem
264 2937 342 2997 ferre
364 2955 466 3015 posse,
488 2957 574 3014 quam
594 2941 692 3000 seculo
714 2945 797 2999 sexto
820 2945 851 2999 et
872 2939 985 2999 decimo
1008 2940 1064 3013 ipsi
1079 2940 1177 3013 Papae
1201 2938 1238 2998 de
1260 2943 1393 2997 anteces-

182 3057 247 3100 sore
277 3044 401 3116 quodam
424 3045 620 3117 judicantibus
650 3041 860 3117 permiserint¹
914 3043 1032 3104 Scilicet
1060 3044 1199 3103 historiae
1223 3040 1394 3102 Pontificiae

182 3145 307 3221 verius,
329 3147 438 3207 criticis
460 3155 577 3208 nostrae
600 3150 706 3208 aetatis
728 3149 844 3208 auxiliis
867 3148 1003 3221 religiose
1026 3147 1174 3220 exposita,
1201 3147 1267 3204 luce
1288 3144 1395 3204 clarius

181 3251 309 3310 ostendit
331 3258 510 3327 quantopere
542 3255 687 3328 permulta
715 3252 857 3326 Paparum
891 3251 1011 3310 decreta
1045 3265 1168 3323 cumque
1195 3249 1231 3308 iis
1260 3249 1397 3308 universa

181 3356 262 3414 coria
296 3362 327 3415 et
360 3359 484 3417 ecclesia
512 3357 645 3418 Romana
677 3356 882 3417 reformatione
922 3355 1081 3429 indigeant
1141 3352 1290 3429 Ejusmodi
1326 3367 1397 3412 vero

181 3461 287 3519 seriam
310 3461 562 3538 reformationem,
597 3464 712 3538 qualem
733 3463 765 3520 in
787 3461 883 3534 capite
902 3466 933 3520 et
954 3459 1088 3520 membris
1109 3458 1307 3534 peragendam
1328 3457 1397 3517 inde

182 3579 200 3620 a
229 3564 318 3624 medii
346 3567 410 3625 aevi
438 3568 615 3640 temporibus
645 3567 817 3641 Europaeae
847 3565 980 3624 nationes
1018 3563 1266 3638 eiflaffltaverant,
1297 3562 1397 3621 curiae

182 3671 312 3728 asseclae
335 3686 408 3730 cane
430 3675 512 3746 pejus
536 3677 567 3730 et
581 3687 676 3747 angue
690 3667 736 3752 (ut
750 3663 845 3750 ajam)
866 3685 981 3743 semper
1002 3668 1263 3742 perhorrescebant
1285 3673 1317 3726 et
1339 3667 1398 3726 eri·

181 3772 290 3832 tabant
336 3773 433 3845 Quare
453 3792 511 3835 non
533 3782 646 3836 tantum
665 3776 804 3835 historica
826 3775 876 3832 illa
898 3773 1007 3832 veritas
1023 3789 1111 3834 exosa
1133 3774 1169 3831 iis
1189 3787 1305 3844 semper
1324 3775 1397 3842 erat,

180 3877 232 3936 sed
260 3878 349 3938 etiam
375 3879 545 3954 jamdudum
569 3877 715 3939 Pontificio
736 3885 874 3952 tauquam
895 3875 959 3936 ialli
980 3879 1073 3938 nescii
1094 3878 1202 3951 placita
1223 3890 1281 3934 non
1303 3873 1397 3931 minos

179 3997 265 4054 quam
300 3979 423 4043 Assneri
463 3985 607 4058 qnondam
641 3985 719 4059 regis
758 3983 855 4042 edicta
893 3983 1098 4042 irrevocabilia
1137 3996 1201 4038 esse
1234 3977 1396 4036 voluerunt.

179 4085 336 4162 Restabat,
366 4095 413 4160 ut,
442 4089 519 4162 quod
544 4090 576 4148 in
605 4089 686 4148 rudis
714 4089 792 4162 vulgi
826 4086 1065 4146 consuetudinem
1094 4083 1200 4156 passim
1228 4081 1399 4156 irrepserat,

178 4189 325 4265 dogmatis
350 4193 417 4266 Jure
438 4194 498 4266 jam
528 4193 674 4268 omnibus,
701 4193 864 4266 quicunque
884 4189 957 4249 salvi
980 4204 1044 4248 esse
1067 4187 1192 4262 vellent,
1223 4185 1399 4246 credendum

266 4448 293 4515 1)
312 4448 384 4499 Haec
413 4449 472 4500 dum
496 4449 569 4514 prelo
591 4449 776 4513 subjiciuntur,
805 4445 929 4514 ejusmodi
952 4443 1077 4508 querelam
1102 4443 1178 4494 etiam
1205 4443 1252 4493 sub
1275 4441 1398 4506 episcopo

179 4535 407 4588 Sumelocennensi
435 4536 546 4601 proferri
569 4537 651 4588 adbuc
681 4551 755 4601 posse
784 4534 846 4586 vidi.
883 4532 922 4584 ct
944 4531 1076 4600 Tiibinger
1098 4530 1176 4582 theol.
1199 4527 1400 4586 Quartelscbriit

180 4627 247 4675 roso
267 4639 294 4689 p.
314 4628 373 4676 ecc.
