3156 5056
178 445 336 504 Maximam
357 450 470 518 partem
491 448 654 520 praesentis
677 448 746 507 mali
767 447 963 522 imputandam
983 465 1047 508 esse
1069 449 1143 524 illis,
1166 450 1215 522 qui
1237 451 1274 510 de
1297 451 1392 511 indul·

179 550 286 622 gentiis
308 555 340 608 et
359 554 507 622 potestate
526 549 648 610 Romani
670 549 818 611 Pontificio
843 568 879 610 ea
900 537 1133 625 praedicaverim
1155 570 1247 628 eaque
1270 555 1392 630 scripse·

178 654 251 727 rint,
279 669 354 726 quae
376 654 474 713 nullae
497 653 600 714 doctae
622 656 747 730 piaeque
770 671 855 714 aures
873 653 951 714 ferre
974 657 1152 730 potuissent,
1183 662 1228 732 nt,
1255 657 1333 730 qnod
1354 659 1392 718 ad

179 758 264 832 hrnjos
287 758 424 818 tumultus
444 758 559 816 initium
581 759 721 833 attineat,
742 758 888 818 Lutberns
909 759 1002 818 videri
1023 761 1114 833 possit
1135 760 1184 834 pio
1203 759 1299 821 studio
1316 763 1392 821 nelo-

179 877 235 935 que
257 861 408 934 religionis
430 861 605 922 christianae
625 863 763 922 incitatus
784 861 882 922 fuisse.
926 863 1017 924 Porro
1040 863 1117 938 quod
1137 869 1240 939 postea
1258 865 1392 926 acerbius

180 967 311 1039 coeperit
339 965 481 1040 scribere,
512 967 600 1026 etiam
622 968 743 1040 eosqui
765 984 824 1026 non
846 967 1125 1054 excessua-dicere
1147 975 1245 1028 nmen
1265 969 1392 1032 acerbis-

179 1071 260 1130 simis
277 1069 458 1143 quorundam
479 1070 688 1130 irritationibus
711 1078 742 1130 et
764 1071 899 1131 conviciis
921 1087 980 1132 non
996 1073 1111 1132 omnino
1126 1073 1190 1132 sine
1205 1087 1293 1134 causa
1310 1073 1393 1132 illum

178 1173 267 1234 fnisse
297 1175 479 1234 concitatum.
533 1173 630 1235 Libris
663 1176 740 1236 illios
768 1175 894 1235 nondum
922 1178 1020 1250 lectis,
1048 1177 1202 1236 cbmatnrn
1232 1194 1298 1237 enm
1327 1193 1392 1238 esee

179 1279 255 1352 apud
277 1277 490 1338 multitudinem
512 1279 707 1355 haereticum,
735 1280 950 1355 antichristum,
978 1281 1209 1355 schismaticum
1235 1298 1294 1342 non
1317 1281 1393 1342 revi-

180 1388 272 1458 ctum,
292 1399 379 1456 quum
396 1383 459 1456 ipse
481 1381 601 1443 offerret
622 1399 654 1443 se
669 1383 909 1456 quemadmodum
924 1389 955 1444 et
969 1401 1046 1444 nunc
1060 1401 1093 1445 se
1108 1384 1212 1446 oderat
1227 1385 1264 1446 ad
1278 1402 1394 1446 omnem

179 1487 415 1560 disputationem,
430 1486 482 1546 sed
495 1490 607 1547 tantum
622 1488 805 1563 damnatnm3
826 1489 904 1548 idem
918 1495 984 1563 post
999 1489 1223 1564 disputationem
1236 1488 1394 1550 Eccianam

180 1592 270 1652 etiarn
291 1591 404 1650 scholas
426 1590 643 1652 celemensium
668 1599 698 1652 et
721 1592 947 1654 Lovaniensinm
970 1595 1078 1670 egisse,
1106 1594 1159 1654 red
1180 1595 1235 1669 ita,
1258 1600 1291 1653 nt
1312 1595 1394 1670 ipsae

179 1697 212 1756 in
233 1697 364 1756 articrrlis
387 1713 445 1756 non
468 1698 666 1756 consentirent
686 1698 780 1772 iisque
803 1696 976 1774 praecipuis.
1021 1698 1136 1760 Deinde
1157 1714 1310 1774 personae,
1340 1716 1395 1774 per

179 1817 252 1876 qnae
273 1819 323 1862 res
344 1801 485 1861 hactenus
500 1807 567 1862 acta
581 1803 634 1877 sit,
654 1803 728 1862 tales
745 1819 825 1878 esse,
844 1810 877 1863 nt
890 1805 995 1864 merito
1009 1809 1129 1878 possent
1142 1804 1245 1864 haberi
1260 1804 1394 1878 suspecti,

179 1906 316 1978 qnoniam
336 1923 419 1965 sunm
439 1907 587 1980 negotium
609 1907 736 1982 egerint,
760 1908 791 1966 in
805 1907 967 1967 Lntberum
990 1925 1043 1968 sna
1063 1891 1205 1988 tenuitate
1228 1911 1395 1967 contentum

179 2027 239 2068 non
268 2009 374 2070 cadere
393 2011 492 2070 talem
514 2011 723 2085 suspicionem,
753 2028 848 2085 neque
870 2014 958 2071 ιιὶιιιιιι
980 2013 1095 2074 illorum
1118 2027 1212 2086 neque
1234 2010 1395 2070 doctrinam

180 2117 270 2174 talem
300 2131 379 2189 esse,
409 2121 443 2175 nt
472 2116 587 2175 illorum
613 2115 753 2190 jndicium
776 2116 884 2176 debeat
908 2117 1019 2177 habere
1041 2133 1130 2191 mave
1152 2116 1280 2191 pondus,
1309 2130 1394 2189 prae-

138 2203 140 2208 ⁴
180 2220 283 2279 sertim
315 2220 347 2278 in
380 2235 413 2278 re
444 2225 535 2282 tanta.
588 2219 707 2279 Modum
739 2222 830 2293 igitur
862 2221 1040 2295 procedendi
1070 2220 1207 2282 adversus
1235 2220 1395 2280 Lutherum

180 2325 285 2383 merito
312 2324 470 2396 improbari
501 2325 538 2383 ab
570 2325 685 2397 optimis
715 2331 745 2384 et
772 2324 944 2386 doctissimis
974 2325 1132 2400 quibusque
1161 2325 1245 2400 viris,
1279 2325 1395 2386 etiamsi
1473 2379 1476 2388 ,
1526 2335 1529 2342 ’

180 2426 327 2486 Lntberus
348 2429 512 2502 scripsisset
533 2428 619 2502 plane
642 2429 807 2504 baeretioe;
835 2429 944 2489 bullam
963 2447 1046 2504 vero,
1070 2443 1144 2504 qnae
1167 2429 1306 2488 adversum
1328 2445 1395 2487 enm

180 2531 345 2605 publicetur
376 2531 594 2606 inclementius,
630 2533 718 2592 etiam
751 2533 788 2592 iis
818 2533 987 2608 displicere,
1017 2533 1066 2606 qni
1094 2532 1218 2592 Romani
1248 2531 1396 2592 Pontificie

181 2635 317 2710 dignitati
347 2634 477 2710 faveant,
506 2637 582 2710 qnod
608 2637 731 2710 resipiat
758 2637 855 2696 odium
877 2639 1021 2712 impotens
1043 2636 1223 2711 quorundam
1241 2637 1395 2696 monacho-

182 2757 262 2814 rnm3
292 2740 368 2800 unde
387 2756 522 2815 magnam
544 2741 615 2800 oriri
637 2742 842 2816 suspicionem,
871 2759 936 2802 esse
954 2743 1003 2816 qui
1024 2744 1124 2802 nativa
1145 2741 1252 2801 Leonis
1273 2742 1396 2800 lenitate

182 2842 380 2919 facilitateque
416 2845 591 2904 abutantur}
628 2879 667 2888 -
712 2847 793 2905 Tunc
823 2845 928 2905 transit
958 2846 996 2905 ad
1024 2844 1278 2906 demonstrandam
1305 2843 1397 2906 refor-

182 2949 317 3008 mationis
346 2949 495 3024 enjusdam
523 2951 740 3010 ecclesiasticae
769 2951 987 3023 necessitatem,
1017 2966 1103 3023 quam
1131 2965 1194 3008 rem
1223 2967 1282 3009 non
1304 2950 1397 3008 minus

185 3053 324 3113 audacter
345 3069 430 3128 qnam
453 3059 537 3114 caute
559 3055 602 3113 ita
623 3058 742 3128 tractat,
770 3059 815 3128 ut,
836 3068 1007 3126 quamquam
1027 3057 1118 3113 ιοιιιιιι
1138 3052 1259 3112 Lntberi
1281 3067 1398 3111 cansam

183 3157 398 3218 decernendam
426 3157 482 3218 sibi
510 3175 568 3217 non
596 3159 729 3231 assumit,
760 3163 858 3216 tamen
883 3156 979 3230 illum,
1010 3156 1035 3214 si
1060 3156 1209 3229 sapienter
1235 3160 1267 3215 et
1293 3155 1397 3230 spiritu

183 3281 254 3324 vere
277 3262 433 3322 christiano
456 3279 521 3322 cnm
543 3279 578 3322 eo
601 3267 697 3322 actum
718 3261 821 3335 inerit,
843 3261 963 3319 multum
983 3259 1106 3319 fortasse
1129 3260 1282 3320 univemae
1304 3261 1396 3319 eccle·

184 3369 247 3428 siae
269 3367 450 3443 profuturnm
472 3383 537 3427 esse
559 3364 710 3442 significet
755 3364 895 3440 ,Nullns‘,
917 3365 1024 3438 inquit,
1046 3364 1188 3439 ,ignorat,
1210 3364 1299 3424 vitam
1321 3364 1396 3424 cbri-

184 3475 308 3534 stianam
328 3471 415 3532 rebus
435 3472 576 3545 paulatim
599 3472 630 3529 in
655 3469 784 3530 deterius
802 3468 1034 3545 prolabentibus,
1059 3469 1179 3528 multum
1202 3467 1397 3543 degenerasse

186 3579 223 3638 ab
243 3577 295 3636 illa
316 3579 430 3636 sincera
445 3575 552 3635 Christi
576 3577 745 3651 evangeliea
768 3575 913 3650 doctrina,
935 3573 1010 3634 adeo
1032 3578 1065 3633 ιιι
1086 3590 1172 3634 nemo
1188 3591 1247 3634 non
1260 3574 1397 3650 fateatur,

185 3699 269 3766 opus·
286 3698 351 3742 esse
381 3680 497 3754 publica
527 3681 626 3753 aliqua
656 3685 687 3739 et
714 3679 820 3754 insigni
851 3681 949 3754 legum
978 3696 1014 3738 ac
1040 3695 1152 3739 morum
1178 3680 1398 3740 instauratione.

186 3787 279 3860 Igitur
300 3792 333 3845 ut
354 3803 412 3846 non
435 3791 481 3844 est
502 3789 613 3844 temere
636 3783 805 3844 tentandum
829 3783 952 3857 aliquid,
973 3783 1016 3844 ita
1038 3801 1095 3842 non
1117 3787 1163 3842 est
1185 3788 1295 3844 temere
1318 3783 1397 3842 obla·

186 3891 322 3950 trandum
343 3891 394 3966 iis,
416 3891 466 3963 qni
487 3889 562 3948 bono
584 3888 679 3948 studio
701 3891 820 3946 monent
838 3887 950 3962 aliqua,
975 3888 1088 3946 etiamsi
1109 3887 1230 3946 liberius
1249 3885 1280 3945 id
1299 3885 1397 3946 facere

186 3995 348 4056 videantur.
393 3994 490 4066 Atque
516 3998 548 4052 ιιι
577 3998 660 4052 extra
682 4007 797 4051 omnem
818 3991 1042 4050 connoversiam
1065 3991 1115 4064 sit,
1145 4007 1262 4064 prorsus
1287 4007 1306 4050 a
1330 4007 1398 4050 vero

187 4099 338 4160 aberrasse
360 4097 532 4172 Luthernm,
563 4102 663 4157 nmen
686 4101 749 4156 erat
774 4094 961 4154 humanitatis
984 4095 1180 4168 theologicae,
1202 4095 1326 4168 primum
1348 4095 1399 4155 ad·

186 4219 305 4264 monere
335 4203 482 4262 hominem
508 4200 654 4275 fraterne,
685 4199 791 4259 deinde
820 4197 994 4259 refellere
1025 4198 1153 4258 solidis
1180 4199 1399 4273 argumentis

188 4313 223 4367 et
248 4307 382 4368 Sacrae
410 4306 617 4380 Scripturas
643 4303 882 4378 testimoniis,
913 4309 999 4377 atque
1020 4303 1064 4363 ita
1084 4303 1239 4375 revictum,
1262 4304 1287 4362 si
1308 4303 1401 4362 nollet

186 4413 376 4487 resipiscere,
408 4412 451 4471 ita
486 4417 627 4484 tractare,
661 4413 694 4468 ut
724 4409 849 4468 solemus
880 4408 1041 4468 membrum
1074 4407 1262 4483 deploratum
1318 4406 1401 4466 Nunc

191 4516 346 4584 exurendis
367 4513 449 4575 libris
471 4513 603 4574 fortassis
625 4513 724 4588 aliqua
745 4527 782 4572 ex
801 4517 886 4586 parte
908 4511 1061 4574 divelletur
1083 4529 1101 4572 e
1123 4509 1320 4588 bibliothecis,
1348 4511 1402 4574 sed
