3144 5092
218 277 253 332 50
756 273 845 327 Carnu
862 273 910 327 IV.

217 483 318 538 centes
345 495 503 554 excerpere
525 477 701 536 facillimum
724 481 782 551 est,
810 493 849 536 ex
871 475 910 536 iis
933 479 1029 536 cetera
1051 475 1150 536 omnis
1168 475 1302 551 judicare
1325 479 1356 534 et
1379 493 1452 536 eon-

216 586 355 645 demnaro
377 584 604 662 ineptissimum.
641 583 718 643 Nam
737 584 819 660 juste
841 582 1017 660 indignatio,
1041 601 1130 661 quam
1152 586 1253 643 castus
1275 588 1306 642 et
1323 583 1451 660 elegans

217 693 310 770 spirat
331 692 420 752 Aonii
448 691 548 766 stilus,
576 692 665 750 etiam
687 691 818 750 Luthero
844 695 940 750 tntum
965 690 1076 750 librum
1103 689 1190 750 illum
1211 690 1350 758 dictavit,
1390 690 1450 750 Cui

215 799 338 859 titulum
361 798 514 876 inscripsit
537 799 587 874 ,de
605 799 719 876 Papatu
737 797 868 858 Romano
891 817 909 856 a
930 797 1046 858 diabolo
1068 797 1207 858 hmdeto.‘
1241 796 1347 874 Neque
1364 798 1450 858 enim

215 906 382 982 aChristo,
405 925 502 984 neque
524 905 702 966 aConciliis
725 905 947 980 ecclesiasticis,
970 897 1068 982 neque
1090 923 1108 963 a
1128 903 1350 980 magistratibus
1372 904 1449 964 civi-

215 1015 294 1076 libus
312 1014 396 1072 illum
417 1013 611 1074 constitutum
629 1031 707 1088 esse,
726 1013 778 1072 sod
796 1011 898 1087 talem,
917 1012 1015 1090 qualis
1033 1013 1069 1072 ab
1083 1012 1221 1072 omnibus
1235 1011 1448 1088 conspiciatur,

215 1121 360 1198 originem
386 1121 494 1182 ducere
520 1121 683 1181 aDiabolo
706 1120 805 1180 caedis
829 1137 864 1180 ac
886 1119 1031 1179 mendacii
1054 1123 1145 1196 patre.
1191 1119 1291 1196 Hujus
1312 1119 1448 1178 indolem

214 1247 315 1289 revere
341 1234 413 1289 tunc
439 1229 582 1306 Papatus,
612 1228 682 1288 licet
709 1227 768 1304 piis
795 1227 893 1287 verbis
920 1231 1064 1302 uteretur,
1092 1232 1191 1286 nmen
1218 1227 1304 1304 quasi
1332 1226 1448 1286 nudam

214 1355 312 1397 coram
339 1337 476 1396 omnibns
503 1353 574 1413 piae
603 1353 635 1396 se
658 1335 777 1396 ferebat
823 1334 895 1394 Dira
916 1335 1047 1394 facinora
1068 1352 1128 1394 non
1150 1338 1267 1394 tantum
1289 1334 1355 1410 ipse
1377 1352 1447 1410 per-

214 1445 358 1520 petrabat,
382 1444 434 1503 sed
457 1444 494 1502 ad
516 1443 619 1504 eadem
641 1443 730 1502 etiam
752 1442 826 1504 alios
849 1443 958 1520 ubique
977 1441 1143 1518 instigabat
1176 1441 1446 1516 Melanchthonem,

214 1552 266 1628 qui
288 1551 439 1626 Pontifici,
468 1551 494 1610 si
517 1551 603 1610 modo
626 1550 813 1629 evangelium
836 1549 1016 1626 admitteret,
1044 1549 1204 1626 primatum
1227 1548 1356 1607 humano
1377 1549 1447 1624 jure

213 1658 373 1718 concedere
395 1663 516 1735 paratus
536 1659 643 1732 fuerat,
666 1657 727 1717 elta
744 1657 854 1717 invasit
872 1657 1021 1718 moestitia
1038 1661 1160 1734 propter
1176 1655 1293 1716 auditas
1310 1655 1446 1733 undique

213 1765 447 1824 adversariorum
474 1764 612 1824 saevitias
639 1770 670 1825 et
696 1765 828 1840 fraudes,
856 1764 994 1842 inprimis
1016 1763 1206 1824 crudelitates
1228 1762 1378 1840 Belgicus,
1406 1763 1444 1822 de

213 1872 321 1950 quibus
353 1891 406 1950 per
437 1873 562 1950 probum
593 1873 742 1950 hospitem
771 1891 874 1947 suum,
906 1872 1096 1932 Franciscum
1123 1871 1305 1948 Hispanum,
1336 1871 1445 1932 certior

213 1981 309 2040 factus
331 1985 406 2057 erat;
432 1980 569 2040 Oarolnm
590 1980 757 2055 Caesarem,
781 1998 869 2057 quem
888 1979 1008 2039 laudare
1026 1979 1148 2056 gavisus
1166 1983 1241 2053 eret,
1264 1978 1444 2056 asperiorem

212 2088 276 2148 fieri
294 2089 422 2165 putavit3
447 2088 556 2148 summi
574 2089 783 2164 gubernatores
801 2087 919 2162 mundi,
938 2105 1023 2146 suam
1040 2085 1168 2164 quisque
1186 2085 1345 2144 utilitatem
1359 2103 1444 2162 prae-

212 2200 297 2255 textu
325 2195 478 2271 religionis
502 2201 689 2273 quaerentes,
716 2194 878 2269 mentione,
908 2194 1081 2268 indictione,
1110 2193 1313 2270 prorogatione
1335 2193 1444 2268 synodi

210 2302 312 2362 ludere
335 2303 362 2362 ei
385 2303 560 2364 videbantur
582 2321 643 2364 non
666 2321 753 2364 secus
775 2307 864 2380 atque
886 2301 932 2360 illi
954 2301 1014 2378 ipsi
1037 2301 1070 2360 in
1092 2300 1214 2360 historia
1238 2299 1363 2375 Christi,
1390 2300 1444 2378 qui

211 2410 343 2470 divinare
365 2429 433 2470 eum
453 2411 596 2486 jubebant
615 2429 633 2469 a
651 2429 710 2488 qno
729 2425 888 2488 percussus
907 2407 1010 2480 esset.l
1041 2408 1104 2466 Vix
1121 2413 1221 2468 autem
1239 2407 1288 2466 his
1304 2407 1444 2467 omnibus

211 2517 243 2576 iu
270 2518 358 2578 rebus
384 2536 522 2594 superare
545 2536 633 2594 posse
656 2518 765 2595 aliquis
788 2517 942 2578 videbatur
964 2516 1147 2576 Pontificem.
1192 2515 1230 2574 In
1251 2515 1290 2574 iis
1313 2514 1444 2574 memme

197 2624 351 2699 -negotiis,
378 2624 416 2682 de
442 2625 551 2701 quibus
573 2643 642 2684 oum
665 2625 790 2685 Caesare
812 2625 970 2684 admodum
993 2623 1093 2684 dolose
1116 2641 1150 2683 eo
1172 2627 1305 2700 tempore
1327 2623 1442 2698 agebat,

210 2748 271 2789 non
295 2729 405 2790 Christi
433 2731 485 2790 sed
508 2731 626 2791 Diaboli
652 2732 733 2792 vices
761 2750 829 2791 eum
856 2750 958 2808 gerere
985 2731 1072 2790 mirlti
1096 2730 1236 2792 Germani
1259 2729 1441 2807 judicabant.

211 2835 295 2911 Quod
317 2837 406 2898 claris
429 2843 460 2898 et
482 2839 608 2898 fortibus
631 2839 729 2898 verbis
753 2839 866 2899 edicere
885 2858 919 2899 eo
937 2839 1033 2914 magis
1051 2855 1173 2899 necesse
1191 2837 1358 2912 videbatur,
1382 2855 1443 2915 quo

210 2945 329 3022 saepius
355 2945 497 3021 adulatio,
526 2946 689 3022 simulatio,
716 2946 822 3006 insana
848 2947 944 3024 pietas
972 2947 1182 3006 exsecrandam
1210 2945 1316 3006 Curiae
1342 2944 1441 3022 panvi-

208 3057 299 3112 tetem
326 3053 375 3114 vel
402 3054 521 3114 silentio
547 3054 597 3113 vel
617 3053 776 3114 mendacio
803 3055 949 3130 tegebant
996 3052 1061 3127 Qua
1087 3054 1124 3114 de
1151 3071 1240 3114 carrae
1266 3052 1353 3112 multi
1381 3052 1439 3110 viri

209 3160 313 3237 optimi
331 3160 456 3222 Lutheri
475 3161 576 3222 libello
595 3161 661 3236 illc,
685 3162 796 3240 quippe
814 3180 873 3239 quc
891 3163 1001 3239 scapha
1021 3161 1180 3236 diceretur,
1203 3160 1287 3239 quasi
1304 3160 1442 3236 justitiae

209 3268 345 3344 publicae
371 3274 439 3328 actu
467 3269 651 3329 laetabantur
678 3274 708 3329 et
735 3269 919 3346 erumpentis
946 3268 1096 3344 legitimae
1118 3269 1179 3328 irae
1201 3268 1327 3327 rusticas
1351 3283 1441 3344 quas·

208 3375 276 3432 dam
304 3380 334 3434 et
361 3376 513 3436 indecoras
541 3377 698 3452 dictioneS,
726 3377 797 3438 licet
823 3376 1042 3453 improbandas,
1071 3376 1259 3436 excusabant.
1310 3373 1440 3434 Facihus

208 3482 352 3558 profecto·
375 3501 474 3542 coram
510 3484 681 3561 incorrupta
712 3483 892 3544 conscientia
923 3485 1152 3558 excusabautur,
1190 3501 1279 3561 quam
1310 3481 1441 3542 mendax

209 3589 393 3666 quarumdam
414 3590 502 3650 Pauli
519 3591 572 3650 IV.
601 3591 793 3669 epistolarum
820 3592 1025 3669 intemperies,
1053 3609 1129 3669 qnae
1155 3591 1285 3650 maxime
1306 3589 1440 3650 Lnthero

208 3696 355 3757 scribendi
383 3715 487 3758 ansam
514 3698 603 3758 dedit.
650 3697 735 3772 Quod
762 3699 907 3776 quomodo
934 3700 1046 3770 factum
1074 3698 1125 3774 sit,
1153 3716 1188 3758 eo
1215 3697 1381 3758 accuratius
1409 3701 1440 3756 et

208 3805 329 3864 uberius
357 3806 431 3864 mihi
459 3805 669 3884 explicandum
696 3810 755 3882 est,
783 3825 842 3884 quo
869 3807 964 3882 megia
991 3806 1023 3865 id
1045 3823 1167 3866 necesse
1194 3823 1260 3865 esse
1282 3808 1355 3882 puto
1377 3821 1440 3864 non

207 3917 324 3971 tantum
350 3913 388 3972 ad
415 3919 495 3974 recte
514 3913 707 3991 judicandum
730 3913 854 3974 Lutheri
877 3913 1025 3988 libellum,
1052 3931 1155 3972 verum
1178 3913 1268 3972 etiam
1289 3911 1328 3970 ad
1349 3911 1439 3970 intel-

207 4019 379 4096 legendum,
403 4021 485 4100 quali
507 4007 634 4097 ingenio
650 4021 753 4098 Curia,
776 4039 868 4100 quum
888 4021 1054 4082 Concilium
1073 4019 1279 4080 Tridentinum
1301 4018 1437 4096 aperiret,

208 4127 352 4204 inspirata
374 4129 471 4190 inierit
518 4127 602 4202 Quod
621 4129 787 4190 Concilium
809 4130 846 4189 ab
868 4129 923 4188 illa
944 4130 1046 4190 eodem
1069 4128 1177 4206 spiritu
1199 4127 1236 4186 ad
1258 4127 1348 4186 tinem
1370 4144 1438 4204 per·

208 4234 331 4295 ductum
354 4253 420 4296 esse
442 4236 520 4296 inira
542 4236 717 4298 videbimus.

317 4519 343 4582 1)
362 4517 394 4570 In
413 4534 452 4586 ep.
473 4517 506 4570 ad
526 4517 656 4572 Cameren.
676 4517 701 4570 d.
722 4517 747 4570 d.
765 4517 840 4571 XVI.
861 4517 915 4572 Cal.
936 4519 998 4586 Apr.
1020 4518 1096 4572 1545,
