3188 5086
226 259 262 315 80
717 259 820 308 Panrrs
839 259 951 308 Puronrs

227 475 321 546 ajunt,
351 489 382 530 se
405 470 574 544 subjiceret,
604 471 780 530 Jesuitarum
802 471 934 529 ordinem
953 473 1139 542 restitueret,
1163 473 1345 542 juventutem
1368 469 1438 527 edu-

226 577 347 635 candam
370 576 405 633 iis
428 575 559 634 traderet
581 581 669 648 atque
692 576 884 648 relinqueret,
906 575 1065 649 episcopos,
1088 579 1207 647 propter
1227 573 1325 646 Papae
1347 573 1437 632 servi-

226 683 298 739 tium
320 679 500 752 turpissimos
519 684 586 751 post
606 679 754 737 hominum
785 680 952 738 memoriam
975 679 1067 737 omnis
1087 677 1241 752 probitatis
1264 683 1294 736 et
1315 677 1436 736 sinceri-

225 787 294 844 tatis
316 789 541 856 contemptores,
574 783 688 855 patriae
712 799 812 842 amore
835 784 927 856 magis
949 783 1098 856 magisque
1121 781 1288 856 destitutos,
1319 783 1436 840 summis

224 888 380 948 honoribus
410 887 535 946 efferret.
581 886 644 945 Hoc
677 886 786 946 bellum
819 893 853 944 ut
881 887 1019 945 adversus
1049 886 1257 944 clandestinam
1290 887 1436 960 conspira-

223 994 348 1065 tionem,
382 1008 437 1065 per
463 997 506 1048 tot
534 989 687 1063 ecclesias,
721 990 845 1064 scholas,
876 991 1066 1064 monasteria,
1096 989 1197 1049 domus
1226 990 1257 1047 in
1277 989 1436 1048 Berussicis

225 1097 312 1156 terris
334 1101 517 1168 serpentem,
548 1093 663 1152 fortiter
685 1095 749 1168 geri
772 1099 880 1168 posset,
902 1095 983 1168 leges
1005 1095 1102 1166 Maiae
1124 1095 1210 1152 datae
1234 1099 1309 1152 sunt
1355 1093 1436 1165 Quae

223 1201 248 1259 si
270 1200 450 1271 tollerentur,
480 1197 590 1255 civitati
612 1197 690 1256 idem
713 1199 819 1257 bellurn
843 1205 944 1257 contra
961 1199 1160 1257 'auocissimos
1190 1201 1220 1256 et
1242 1196 1437 1256 dolosissimus

223 1304 417 1376 adversarios,
443 1303 581 1376 projectis
608 1303 691 1375 quasi
718 1304 874 1376 aptissimis
905 1319 941 1361 er
968 1308 1052 1376 parte
1081 1302 1183 1376 armis,
1213 1301 1437 1360 continuandum

223 1414 309 1467 esset.
365 1405 409 1464 Eo
442 1407 554 1464 scilicet
586 1411 618 1463 ut
651 1407 702 1465 illa
733 1405 919 1479 perducatur,
951 1407 1085 1465 acerrimi
1119 1407 1225 1479 quique
1257 1406 1436 1464 Jesuitarum

222 1513 352 1585 patroni,
378 1511 510 1569 incautos
543 1515 574 1568 et
599 1511 716 1582 ignaros
743 1511 874 1569 homines
897 1511 977 1583 pacis
1002 1510 1127 1585 imagine
1151 1510 1343 1584 decipientes,
1371 1527 1436 1568 cum

224 1615 379 1689 Meppeusi
401 1631 453 1672 suo
473 1615 554 1687 leges
575 1613 671 1686 Majas
693 1619 726 1672 ut
745 1629 815 1673 vere
834 1613 1025 1688 Dracouicas,
1047 1614 1291 1672 innocentissimis
1314 1613 1368 1673 sibi
1392 1615 1435 1672 in·

218 1723 295 1794 juste
326 1719 492 1792 impositas,
521 1716 558 1774 ad
588 1717 742 1776 delendam
765 1716 893 1776 funditus
927 1719 1079 1776 ecclesiam
1108 1719 1298 1792 excogitatas,
1328 1719 1435 1776 iterum

220 1825 382 1895 iterumque
421 1822 640 1884 calumniantur.
696 1822 784 1894 Atqui
823 1823 1004 1895 ineptissima
1044 1821 1143 1880 fabula
1177 1827 1239 1896 est,
1279 1821 1434 1880 Borussiae

222 1928 448 2000 gubernatores,
477 1931 597 1999 propter
626 1925 760 1984 eximiam
780 1926 953 1998 sapientiam
987 1926 1116 1984 etiams
1142 1927 1330 1999 prudentiore
1354 1926 1435 2000 Papa

220 2031 388 2105 nuperrime
421 2029 537 2104 publice
576 2029 751 2099 celebratos,
792 2035 929 2102 tanquam
968 2027 1110 2087 furiarum
1150 2030 1265 2088 stimulo
1303 2035 1434 2104 punctos,

220 2137 342 2196 eandem
365 2135 518 2194 ecclesiam
538 2133 691 2192 delendam
714 2134 809 2192 subito
832 2133 888 2192 sibi
911 2134 1111 2207 proposuisse,
1133 2149 1220 2206 quum
1242 2139 1286 2194 tot
1309 2150 1434 2209 eousque

219 2238 368 2300 beneficiis
391 2239 618 2298 cumulaverant
662 2237 740 2296 Talis
761 2237 874 2296 sufficet
895 2236 1010 2296 fabulae
1034 2240 1215 2312 excogitatae
1231 2239 1351 2298 horrore
1366 2257 1434 2314 per·

219 2344 337 2404 suaderi
359 2344 494 2416 imperito
513 2343 599 2415 vulgo
623 2357 707 2414 posse
730 2346 848 2415 putant,
870 2340 923 2398 sub
945 2341 1168 2401 clementissimo
1189 2342 1271 2415 Rege
1294 2342 1435 2402 Draconi·

221 2466 270 2508 cas
293 2449 431 2522 quasdam
455 2449 537 2519 leges
562 2449 637 2504 latas
661 2462 733 2504 csse.
778 2447 818 2504 At
837 2447 909 2504 illae
931 2463 999 2505 vere
1022 2448 1188 2506 lenissimae
1211 2454 1291 2522 sunt,
1322 2450 1346 2507 si
1368 2466 1432 2507 cum

218 2554 255 2612 iis
288 2556 501 2626 comparantur,
539 2566 611 2624 quas
644 2551 713 2608 Pius
742 2550 793 2608 nt
826 2567 892 2609 cum
928 2551 1053 2610 Jesuitis
1090 2553 1278 2626 omnibusque
1310 2554 1433 2613 sinceris

219 2656 340 2716 asseclis
361 2656 437 2728 suis,
460 2661 599 2727 quantum
622 2658 749 2728 poterat,
771 2653 835 2712 orbi
858 2654 1016 2713 christiano
1030 2657 1178 2730 imponere
1194 2656 1312 2716 studuit.
1351 2657 1432 2728 Quae

218 2761 319 2834 quales
341 2759 450 2819 fuerint
473 2765 503 2816 st
517 2774 604 2831 quam
619 2757 732 2816 foedam
748 2757 945 2832 tyrannidem,
968 2760 1126 2818 Tiberiana
1139 2763 1310 2836 saeviorem,
1332 2779 1431 2821 secum

217 2869 399 2940 portaturus,
430 2863 526 2920 allatis
555 2861 723 2920 certissimis
760 2862 931 2921 testimoniis
962 2879 1050 2936 supra
1080 2864 1346 2923 demonstravimus.
1397 2866 1431 2924 Iu

216 2970 280 3042 ipsa
316 2966 453 3026 Berussia
491 2980 510 3023 a
544 2963 665 3024 Jesuitis
700 2963 894 3041 Lacensibus,
925 2972 956 3024 ut
988 2966 1126 3042 vidimus,
1166 2969 1289 3040 iuvenes
1330 2969 1430 3028 clerici

216 3072 312 3131 edocti
342 3077 423 3144 sunt,
454 3067 718 3128 Palaeocatbolicos
753 3069 881 3142 aliosque
917 3069 1095 3145 haereticos,
1130 3073 1265 3145 quoniam
1299 3088 1429 3147 ,poenae

216 3177 383 3252 spirituales
405 3191 464 3233 non
487 3173 647 3248 dolerent,‘
672 3179 809 3247 quantum
831 3171 895 3232 fieri
917 3181 1029 3248 posset,
1051 3173 1174 3234 fustibus
1188 3177 1309 3249 aliisque
1327 3179 1430 3252 poenis

216 3279 395 3340 secularibus
418 3295 482 3338 esse
505 3278 688 3336 coercendos.
734 3278 805 3336 'lale
828 3278 918 3350 igitur
939 3279 1095 3351 quidquam
1118 3297 1155 3338 ne
1178 3297 1302 3354 unquam
1324 3283 1355 3340 in
1374 3281 1431 3340 Bo·

215 3385 333 3443 russicis
367 3383 454 3441 terris
479 3379 542 3440 fieri
568 3387 683 3454 posset,
712 3381 814 3438 civitas
844 3381 881 3438 ad
911 3382 984 3440 istos
1012 3383 1145 3442 doctores
1176 3385 1302 3442 civilium
1332 3385 1429 3458 legum

216 3488 414 3548 obedientiam
431 3485 576 3545 docendos
590 3485 721 3560 legitima
736 3500 790 3542 sua
811 3490 955 3556 potestate
971 3502 1025 3544 usa
1044 3493 1096 3548 est
1128 3488 1289 3548 Intentavit
1310 3489 1427 3548 rebelli-

215 3594 270 3652 bus
293 3591 410 3650 easdem
431 3606 556 3665 poenas,
584 3605 656 3662 quas
679 3588 717 3647 ab
738 3588 863 3646 ecclesia
884 3581 1034 3668 (quoniam
1053 3596 1172 3666 propter
1194 3591 1335 3652 malitiam
1357 3601 1428 3654 tem·

214 3714 315 3772 porum
338 3695 508 3769 supplicium
537 3695 573 3754 de
597 3694 753 3753 haereticis
772 3709 886 3752 sumere
908 3711 967 3752 non
988 3689 1106 3776 liceret)
1128 3697 1286 3755 rebellibus
1309 3699 1427 3758 ecclesi·

215 3803 313 3862 asticis
348 3801 435 3860 etiam
465 3799 551 3858 bodie
584 3797 756 3872 infligendas
790 3813 855 3856 esse
886 3798 1002 3872 publice
1034 3800 1267 3873 praedicabatur.
1324 3803 1427 3861 iustos

213 3912 326 3966 tantum
359 3906 461 3964 civitas
489 3903 526 3962 ad
560 3901 735 3962 coercendos
760 3902 887 3962 rebelles
914 3902 1069 3978 ,civilitati
1091 3903 1272 3964 Catholicae‘
1303 3907 1426 3980 reliquit

214 4011 262 4072 Sic
280 4012 372 4084 ipsam
391 4009 576 4066 severitatem
599 4023 681 4066 suam
700 4006 837 4080 prodesse
852 4008 944 4066 volut
958 4008 1131 4068 humanitati
1141 4015 1178 4070 ,et
1192 4010 1338 4085 libertati,
1359 4013 1426 4070 licet

213 4114 244 4172 id
272 4113 328 4171 nisi
354 4111 492 4185 paulatim
513 4109 577 4171 fieri
612 4127 671 4170 nou
692 4127 778 4186 posse
810 4111 931 4172 videret
976 4111 1137 4172 Dicebatur
1157 4113 1288 4188 quidem,
1311 4115 1425 4174 obtrudi

213 4217 322 4277 nemini
344 4232 430 4289 posse
452 4215 596 4274 libertatis
618 4215 804 4290 beneficium
831 4233 895 4275 esse
919 4222 1063 4291 tempora,
1095 4232 1169 4289 quae
1193 4234 1257 4276 cum
1279 4219 1425 4291 voluptate

212 4323 336 4396 quadum
358 4325 480 4379 ruerent
505 4320 537 4378 in
564 4321 727 4392 servitium3
749 4319 780 4378 id
807 4320 861 4378 sub
884 4319 1019 4396 Tiberio,
1051 4319 1082 4378 id
1109 4321 1168 4379 alio
1196 4320 1280 4380 modo
1303 4323 1357 4381 sub
1375 4321 1427 4380 Pio

212 4442 288 4485 nono
305 4425 420 4485 iactum.
467 4425 539 4486 Sunt
560 4431 660 4484 tamms
674 4423 817 4497 quaedam
835 4424 1023 4493 humanitatis
1044 4423 1204 4500 beneficia,
1227 4443 1302 4498 quae
1326 4427 1427 4485 civitas

212 4547 264 4595 suo
280 4533 347 4606 jme
366 4530 521 4590 obtrudere
545 4531 633 4588 etiam
655 4528 754 4588 invitis
775 4527 889 4587 debeat.
935 4527 983 4588 Sic
1004 4529 1110 4587 invitos
1125 4530 1263 4602 quosdam
1278 4535 1427 4604 parentes,
