3202 5058
676 311 767 360 Garun
785 310 820 360 11.
916 269 924 286 ·
1323 313 1357 364 43

234 523 427 582 Mutationem
450 525 530 582 illam
552 524 826 597 perniciosissimam
853 524 942 586 luisse
965 533 996 584 et
1018 545 1084 585 cum
1103 533 1203 585 exorta
1224 527 1363 600 pestilen-

142 630 188 688 tia
210 644 278 688 vere
300 629 535 704 comparandam,
554 631 616 702 jam
639 645 674 686 ox
698 642 733 687 co
752 629 942 705 intellegitur,
964 631 1041 705 qnod
1062 632 1169 705 ubique
1191 631 1275 690 simul
1296 649 1361 690 cum

142 751 220 792 novo
246 732 381 808 dogmate
410 736 566 793 constituto
592 750 667 792 nova
691 733 903 806 abjectissimae
925 737 1018 810 illius,
1046 752 1132 810 quam
1154 752 1242 810 supra
1264 738 1361 812 tetigi-

143 855 223 911 mus,
244 839 391 898 servitutis
413 841 495 912 quasi
518 840 632 912 eruptio
655 837 733 896 iacta
754 843 807 899 est
851 841 886 898 ln
908 841 1055 900 Romanae
1078 842 1220 900 ecclesiae
1239 841 1360 900 historia

142 943 261 1016 singula
283 943 398 1016 quidem
427 944 533 1001 similia
559 943 702 1016 permulta
731 944 814 1002 nobis
843 951 1011 1019 occurrunt,
1039 951 1099 1004 tam
1123 946 1292 1004 universalis
1322 946 1359 1004 ad

142 1065 248 1106 uorum
277 1051 377 1123 jugum
410 1050 574 1124 impositum
604 1049 682 1108 lacta
715 1050 886 1108 acclamatio
914 1069 1062 1125 nusquam.
1116 1051 1169 1110 Cui
1194 1048 1358 1108 foedissimo

142 1154 311 1224 spectaculo
344 1155 375 1212 in
401 1155 490 1212 totius
523 1154 641 1213 humani
667 1156 784 1228 generis
808 1155 961 1214 annalibus
987 1157 1035 1214 vix
1062 1156 1182 1214 similius
1208 1153 1360 1228 quidquam

141 1257 269 1315 inveniri
288 1257 409 1332 dixeris,
432 1275 518 1332 quam
538 1275 600 1334 res,
623 1275 694 1332 quas
718 1265 749 1318 et
769 1259 847 1332 ipsas
869 1277 957 1335 supra
977 1261 1134 1334 iconismos,
1161 1259 1269 1318 Romae
1292 1265 1359 1332 pust

142 1361 269 1436 Augusti
295 1368 416 1420 mortem
444 1367 541 1437 gestas
570 1368 601 1422 et
629 1363 804 1422 aGornelio
827 1364 928 1423 Tacito
955 1366 1141 1438 conscriptas.
1184 1363 1250 1421 Non
1271 1362 1357 1435 hujus

143 1471 192 1524 est
212 1467 267 1524 loci
290 1483 530 1541 commemorare,
553 1466 694 1540 quomodo
716 1465 925 1526 dissimillimae
940 1470 1046 1542 partim
1069 1484 1174 1526 causae
1190 1473 1258 1526 tuuc
1279 1467 1357 1526 simi-

142 1573 201 1630 lem
230 1571 343 1630 servilis
372 1572 459 1630 animi
499 1572 681 1645 eruptionem
712 1569 871 1630 effecerint.
932 1573 1035 1646 Neque
1065 1589 1136 1646 opus
1170 1577 1215 1632 est
1242 1572 1355 1646 longius

142 1675 311 1734 describere
339 1692 424 1748 quam
451 1692 569 1750 prorsus
594 1675 701 1734 diversi
729 1674 839 1734 fuerint
862 1675 997 1736 Tiberius
1019 1675 1128 1735 Caesar
1155 1681 1186 1734 et
1213 1675 1282 1734 Pina
1304 1675 1355 1734 lX.

141 1782 255 1853 Papa..
276 1779 330 1838 Ille
352 1785 458 1838 natura
480 1778 628 1854 robustos,
651 1780 755 1855 virilis,
776 1781 924 1852 militaris,
945 1782 1177 1855 circumspectus,
1199 1780 1237 1838 ad
1259 1781 1355 1840 omnia

140 1885 262 1956 negotia
283 1889 382 1957 aptus,
409 1883 460 1942 sed
488 1883 525 1941 ab
547 1883 630 1941 initio
652 1883 689 1941 ud
711 1885 904 1958 suspicionem
924 1891 955 1944 et
974 1885 1185 1944 simulationem
1203 1885 1355 1961 inclinans,

140 2093 227 2165 latus,
250 2107 359 2162 saevus,
383 2092 421 2150 ad
444 2091 561 2165 quodvis
584 2093 677 2150 scelus
698 2093 832 2150 utilitmis
850 2108 938 2151 causa
952 2093 1177 2167 perpetrandum
1192 2098 1355 2167 promptus,

139 2196 224 2254 Pium
245 2195 296 2254 IX.
319 2195 417 2254 indole
445 2194 617 2270 benignum,
646 2212 777 2269 suarem,
807 2195 962 2254 amabilem
991 2211 1079 2270 supra
1106 2195 1352 2270 adumbravimus,

140 2317 160 2359 a
185 2301 332 2374 suspensis
361 2305 390 2359 et
411 2299 553 2374 ambiguis
574 2300 671 2359 vorbis
694 2304 846 2374 tantopere
875 2305 1004 2359 remotus
1029 2305 1093 2360 erat
1114 2306 1148 2358 ut
1170 2300 1258 2359 etiam
1279 2301 1352 2359 iram

140 2411 172 2464 et
201 2403 381 2478 superbiam,
414 2403 517 2478 quibus
546 2405 613 2463 solis
648 2404 807 2479 interdum,
835 2411 867 2464 at
895 2405 958 2464 siue
984 2405 1120 2479 saevitia,
1148 2403 1289 2463 accedere
1315 2405 1352 2463 ad

139 2508 289 2567 Tiberium
311 2506 471 2582 videbatur,
497 2509 568 2567 satis
590 2514 692 2583 aperte
713 2527 786 2584 prae
812 2525 845 2568 se
867 2510 968 2569 lerrot.
1014 2507 1071 2568 Sed
1093 2509 1124 2568 in
1146 2515 1268 2582 utroque
1291 2509 1353 2568 viro

141 2613 244 2672 eadem
269 2612 389 2687 regendi
415 2613 537 2686 imperio
563 2613 642 2672 orbis
668 2631 738 2672 cura
762 2615 854 2689 viguit
883 2621 915 2674 et
945 2616 1060 2688 utrique
1088 2614 1220 2673 inserviit
1250 2614 1353 2674 eadem

141 2719 227 2776 anxia
255 2717 449 2790 subjectorum
475 2734 547 2776 cura
575 2719 607 2776 in
628 2719 782 2778 retinendo
812 2721 932 2778 unitatis
958 2721 1072 2779 vinculo
1101 2720 1204 2793 posita.
1256 2717 1351 2790 Quare

140 2839 196 2896 quo
227 2821 425 2880 manifestiore
452 2828 483 2880 et
507 2823 689 2897 ingeniorum
718 2829 750 2883 et
777 2841 888 2883 morum
910 2823 1078 2883 diversitate
1102 2825 1178 2882 ulter
1198 2823 1236 2883 ab
1258 2823 1351 2882 altero

130 2905 243 3000 distat,
270 2942 307 2984 eo
333 2925 547 2985 memorabilior
572 2927 754 2999 turpissimae
779 2929 973 3002 condicionis,
1005 2944 1091 3001 quam
1121 2929 1174 2988 sub
1203 2928 1351 3000 utriusque

141 3031 261 3103 imperio
283 3045 352 3088 vore
374 3029 503 3090 Romano
525 3031 672 3090 hominum
691 3032 845 3092 multitudo
858 3033 957 3106 subiit,
981 3031 1138 3090 similitudo
1149 3037 1201 3092 est.
1233 3031 1351 3090 Etenim

142 3135 304 3207 ubicunque
331 3135 402 3192 illud
428 3135 593 3211 obtinebat,
621 3153 707 3196 ruere
737 3137 767 3195 in
795 3138 944 3196 servitium
971 3137 1083 3195 nobiles
1106 3140 1135 3194 et
1157 3135 1271 3208 plebes,
1294 3150 1351 3206 quo

142 3240 205 3312 quis
225 3239 365 3297 illustrior
387 3255 423 3298 eo
444 3237 636 3314 festinantior,
665 3258 703 3300 ne
726 3241 857 3313 obsequii
879 3241 972 3314 gloria
993 3239 1099 3298 ceteris
1121 3239 1242 3297 interior
1261 3241 1351 3310 esset,

142 3345 227 3416 pauci
250 3349 360 3402 tantum
380 3344 463 3402 initio
486 3345 678 3404 cunctabundi
699 3351 820 3420 propter
833 3344 990 3418 pudorem,
1012 3360 1068 3417 quo
1090 3341 1208 3402 tandem
1222 3341 1354 3416 deposito

142 3448 273 3521 plerique
296 3465 330 3506 eo
353 3448 548 3522 impudentius
570 3450 642 3509 alios
663 3451 742 3524 dolo,
766 3451 864 3524 minis,
884 3451 912 3508 vi
933 3455 999 3524 post
1019 3466 1051 3508 se
1075 3449 1210 3522 trabere,
1232 3447 1278 3506 vel
1297 3445 1352 3520 ipsi

143 3553 306 3610 delatorum
334 3569 454 3614 munere
485 3554 652 3630 iungentes,
691 3555 741 3614 vel
779 3553 941 3614 infimorum
976 3554 1122 3614 hominnm
1163 3553 1281 3614 servitio
1314 3551 1352 3610 ad

144 3656 362 3716 obtrectandum
388 3659 630 3718 nobilissimorum
655 3660 782 3719 virorum
812 3666 843 3720 et
868 3657 1041 3718 feminarum
1070 3660 1206 3720 virtutem
1228 3663 1352 3718 utentes.

144 3757 207 3820 Iam
227 3761 371 3820 disserere
388 3763 532 3822 libertatis
547 3763 624 3822 bona
639 3764 825 3838 suspiciosum
839 3765 1074 3837 existimabatur,
1095 3764 1199 3822 iivero
1214 3762 1354 3834 acceptis·

144 3865 207 3922 simi
232 3867 488 3941 praepotentibus,
521 3869 683 3942 quicunqne
710 3873 897 3942 praesentem
919 3868 1100 3942 tyrannidem
1123 3867 1228 3938 talem,
1260 3865 1353 3938 qualis

144 3976 221 4044 erat,
244 3972 345 4028 summi
368 3971 435 4030 boui
458 3972 520 4031 loco
539 3973 701 4046 ponendam
724 3989 788 4032 esse
811 3973 1059 4046 demonstrarent,
1090 3971 1172 4044 qnasi
1192 3986 1251 4028 non
1273 3967 1352 4026 aliud

143 4073 334 4134 discordantis
368 4077 532 4134 mortalium
565 4078 712 4137 societatis
740 4077 899 4137 remedium
932 4082 1022 4151 esset,
1056 4091 1142 4148 quam
1170 4077 1203 4132 ut
1227 4073 1265 4132 ab
1294 4089 1352 4132 uuo

143 4185 306 4254 regeretur,
326 4196 418 4253 penes
436 4197 522 4253 quem
537 4181 629 4240 solum
649 4187 748 4242 essent
769 4197 894 4255 ,arcana
907 4179 1037 4254 imperii‘
1056 4185 1086 4238 et
1101 4193 1241 4238 summum
1254 4193 1353 4236 rerum

139 4283 280 4358 judicium
308 4284 444 4344 didnitns
475 4285 504 4343 ei
529 4285 638 4344 datum.
691 4286 773 4346 Haec
802 4287 899 4345 omnia
928 4286 1078 4358 utriusque
1112 4285 1218 4343 aetatis
1239 4283 1355 4356 propria

142 4393 217 4446 sunt.
263 4388 308 4447 Ne
332 4389 362 4447 id
384 4389 499 4462 quidem
522 4387 604 4448 deest
627 4390 657 4447 in
679 4390 898 4449 nodssimarum
913 4406 1010 4448 rerum
1028 4385 1243 4447 Pontificiarnm
1265 4401 1355 4444 anna·

141 4493 233 4566 libus,
259 4491 334 4568 qnod
358 4492 477 4552 Tacitus
501 4499 534 4552 ut
553 4510 692 4552 mmmum
712 4495 826 4554 servilis
847 4495 930 4553 istius
952 4493 1056 4552 furoris
1079 4493 1223 4568 fastigium
1246 4490 1355 4550 descri-

141 4597 201 4672 bit,
232 4603 265 4660 ut
289 4598 360 4678 ipsis
387 4598 642 4680 impudentissimis
668 4599 832 4676 servitutis,
860 4599 1077 4678 assentationis,
1109 4595 1282 4660 adulationis
1310 4595 1355 4654 in·
