3134 5054
211 303 263 358 316
699 307 802 358 Panrrs
823 307 940 357 Paloura

297 517 379 589 Quae
412 519 587 578 contumelia
620 537 655 579 eo
684 520 831 594 indignior
862 527 939 595 erat,
972 537 1030 594 quo
1059 519 1260 579 vehementius
1280 517 1434 577 Lntherus

211 626 312 681 contra
333 621 485 682 Erasmum
514 623 705 697 dogmatistae
733 641 888 698 personam
910 625 1047 698 suscepit.
1093 623 1204 682 Eadem
1225 620 1347 698 fiducm,
1370 639 1434 695 qua

210 725 275 798 puri
297 727 442 800 evangelii
463 742 639 800 praeconem
661 743 693 786 se
717 743 781 786 esse
802 728 870 801 scit,
896 730 983 787 etiam
1006 729 1037 786 in
1057 727 1196 786 contortis
1210 725 1432 800 quaestionibus

211 829 379 903 theologicis
409 836 440 889 et
468 830 686 904 philosophicis,
719 832 796 890 inter
826 849 857 890 se
883 837 913 891 at
935 831 1088 890 Erasmum
1110 830 1318 902 controversis,
1352 830 1430 888 nihil

211 934 266 993 nisi
289 935 477 993 nouissimam
498 936 652 994 veritatem
673 935 770 994 aDeo
792 935 952 995 revelatam
971 951 1003 995 se
1027 933 1186 994 defendere
1208 939 1298 1008 putat
1335 933 1430 1007 Prop-

210 1041 257 1096 ter
286 1053 323 1096 ea
349 1054 424 1112 quae
454 1039 485 1097 in
515 1039 621 1098 litteris
651 1045 682 1098 et
709 1039 814 1112 linguis
833 1039 876 1098 illi
898 1037 1017 1114 debeat,
1050 1039 1164 1098 sincero
1186 1039 1282 1096 animo
1304 1054 1336 1096 se
1358 1055 1429 1097 eum

210 1142 344 1201 venerari
367 1148 399 1202 et
417 1142 565 1216 suspicere
588 1143 637 1202 ait.
674 1143 709 1200 In
731 1143 818 1202 rebus
841 1143 1010 1217 theologicis
1032 1159 1102 1202 vero
1124 1142 1203 1201 humi
1225 1157 1292 1200 eum
1305 1146 1428 1215 reptare

211 1261 306 1318 neque
324 1245 478 1320 quidquam
494 1261 582 1320 super
595 1246 751 1306 humanum
766 1252 882 1321 captum
895 1249 1025 1321 cogitare
1037 1247 1180 1320 opinatur.
1221 1243 1286 1303 Non
1300 1245 1425 1304 multum

211 1349 294 1408 abest
315 1349 384 1423 quin
406 1348 550 1410 Christum
573 1350 602 1410 si
624 1351 753 1423 ignotum
775 1365 841 1409 esse
861 1350 981 1423 iudicet.
1025 1351 1194 1422 Interrogat
1216 1350 1307 1409 enim:
1327 1351 1427 1425 ,Tude

211 1451 356 1511 Christum
391 1469 408 1511 e
434 1453 604 1527 Scripturis,
636 1453 703 1526 quid
733 1453 856 1527 emplius
888 1455 919 1512 in
945 1455 1004 1512 illis
1026 1449 1199 1512 inveniesi‘
1244 1453 1333 1524 Quasi
1354 1469 1428 1512 vero

210 1573 269 1615 non
297 1557 361 1631 ipse
383 1555 522 1616 Erasmus
544 1555 687 1616 Christum
717 1575 819 1617 sacrae
848 1560 1010 1632 scripturae
1039 1564 1069 1616 et
1095 1559 1247 1617 universae
1275 1559 1427 1631 religionis

209 1663 328 1718 nostrae
353 1675 470 1734 scopum
493 1667 524 1720 et
546 1666 678 1720 centrum
702 1677 766 1721 esse
785 1661 955 1737 jamdudum
979 1667 1046 1721 ante
1062 1660 1290 1734 Vitebergenses
1312 1661 1427 1720 docum-

212 1764 270 1822 set!
314 1763 349 1822 Id
369 1763 516 1823 Lutherus
537 1770 621 1839 grato
644 1765 739 1824 animo
757 1765 901 1840 quondam
923 1771 1096 1840 agnoverat,
1118 1781 1195 1824 nunc
1216 1781 1334 1839 prorsus
1353 1764 1426 1824 obli-

214 1873 261 1926 tus
291 1883 355 1927 esse
386 1867 508 1928 videtur.
556 1868 622 1928 lam
645 1869 722 1928 enim
745 1871 823 1929 mala
845 1869 1068 1944 consuetudine,
1099 1883 1184 1942 qnam
1206 1870 1298 1942 magis
1319 1869 1426 1942 magis·

214 1987 270 2044 que
292 1973 448 2046 contraxit,
480 1987 579 2032 veram
608 1973 750 2046 pietatem
772 1973 957 2033 christianam
975 1973 1017 2031 ihi
1039 1977 1152 2032 tantum
1173 1972 1298 2032 inveniri
1321 1971 1425 2046 credit,

214 2075 263 2134 nbi
292 2077 389 2135 omnia
422 2076 560 2136 feresne
587 2076 722 2152 dogmata
744 2084 867 2152 accepta
883 2077 1038 2136 invenerit
1083 2075 1186 2150 ltaque
1208 2077 1272 2149 ipsa
1295 2081 1426 2135 eruenta

211 2184 295 2253 parte
313 2185 343 2239 et
357 2181 540 2240 conclusione
556 2182 662 2255 operis,
684 2182 814 2254 quamvis
828 2197 934 2254 magna
948 2180 985 2240 de
1001 2180 1123 2240 Ermmo
1145 2179 1303 2254 praedicet,
1326 2186 1425 2240 tamen

210 2300 276 2342 num
300 2300 370 2343 vere
397 2283 576 2344 Christianus
602 2285 641 2344 sit
671 2285 773 2344 dubios
800 2284 925 2345 reddere
952 2285 1076 2344 lectores
1098 2283 1223 2343 videtur.
1266 2283 1425 2358 alloquens

210 2402 292 2462 eum,
328 2387 383 2462 ,Te
408 2393 505 2460 hunc,
538 2389 578 2446 mi
601 2387 746 2461 Erasme‘,
783 2388 894 2462 inquit,
928 2404 996 2462 ,per
1018 2386 1164 2447 Christum
1194 2403 1258 2462 oro,
1292 2392 1326 2445 ut
1347 2387 1424 2461 quod

208 2491 380 2565 promisisti,
402 2491 520 2550 tandem
544 2498 691 2567 praestes,
714 2493 790 2552 velle
813 2498 843 2551 te
866 2491 971 2552 cedere
994 2491 1115 2552 meliora
1138 2489 1262 2550 docenti.
1306 2491 1426 2565 Fateor,

211 2600 244 2652 tu
265 2609 384 2667 magnus
412 2610 443 2652 es
472 2599 502 2653 et
524 2590 630 2654 multis'
643 2597 735 2669 iisque
758 2597 942 2656 nobilissimis
964 2595 1078 2656 dotibus
1100 2611 1119 2654 a
1140 2595 1204 2655 Deo
1227 2601 1362 2670 ornatus,
1391 2601 1427 2654 ut

211 2696 270 2755 alia
289 2701 419 2770 taceam,
445 2697 578 2771 ingenio,
599 2697 780 2774 eruditione,
805 2697 1053 2772 facundiamque
1082 2699 1119 2758 ad
1138 2699 1316 2758 miraculum
1360 2698 1426 2774 Ego

210 2804 308 2857 autem
330 2798 401 2858 nihil
423 2799 517 2859 haheo
544 2805 576 2860 et
597 2818 673 2875 sum,
702 2802 758 2861 nisi
780 2803 857 2876 quod
880 2801 1076 2862 Christianum
1096 2818 1160 2862 esse
1182 2819 1229 2861 me
1251 2817 1342 2876 prope
1364 2802 1427 2877 glo-

208 2903 277 2961 rier.
299 2934 340 2944 —
370 2903 445 2963 Huic
474 2909 591 2965 nostrae
614 2921 719 2964 cauma
749 2912 781 2964 nt
804 2923 858 2980 par
880 2923 974 2981 esses,
1004 2905 1130 2965 nondum
1152 2905 1243 2964 voluit
1266 2921 1322 2965 nec
1341 2905 1426 2965 dedit

209 3007 289 3066 Deus
316 3005 360 3086 (id
384 3007 460 3082 quod
486 3024 556 3083 rogo
584 3009 666 3068 nulla
694 3009 803 3069 dictum
834 3011 999 3085 arrogantia
1033 3001 1210 3088 existimes),
1243 3025 1294 3068 oro
1316 3014 1425 3083 autem,

208 3117 242 3170 ut
269 3111 437 3186 propediem
465 3112 606 3172 Dominus
639 3118 720 3173 muto
752 3119 782 3173 te
816 3115 847 3171 in
882 3115 939 3172 hac
974 3130 1007 3173 re
1042 3113 1219 3187 superiorem
1245 3128 1293 3171 me
1323 3111 1422 3188 faciat,

208 3221 315 3288 quanto
346 3217 376 3274 in
406 3217 537 3276 omnibus
560 3217 626 3276 aliis
648 3217 718 3276 mihi
740 3217 873 3292 superior
895 3234 936 3276 es.
980 3217 1047 3276 Non
1074 3222 1120 3275 est
1142 3217 1219 3276 enim
1241 3233 1364 3292 novum,
1398 3219 1423 3276 si

208 3317 288 3378 Deus
309 3319 413 3378 Mosen
440 3336 495 3394 per
526 3320 641 3394 Jethro,
672 3321 793 3380 Paulum
822 3337 876 3394 per
898 3321 1041 3380 Ananiam
1065 3319 1186 3380 erudiat
1211 3351 1251 3362 —
1284 3321 1329 3379 Tu
1350 3321 1424 3380 nihil

208 3437 342 3480 asserere
363 3421 416 3481 sed
438 3423 592 3483 contulisse
611 3430 640 3482 te
664 3425 781 3498 scribis,
809 3425 851 3483 sie
873 3441 930 3483 non
953 3423 1054 3483 scribit
1075 3425 1124 3498 qui
1146 3441 1210 3484 ram
1227 3425 1343 3498 penitus
1357 3441 1424 3498 per-

207 3524 294 3598 spicit
320 3529 351 3584 et
370 3530 451 3584 recte
474 3527 627 3599 intellegit.
673 3527 737 3600 Ego
759 3544 828 3586 vero
850 3529 905 3588 hoc
928 3529 1001 3587 libro
1024 3545 1084 3588 non
1106 3528 1214 3587 contuli
1236 3527 1289 3587 aad
1311 3529 1424 3587 asserui

209 3633 239 3688 et
267 3643 380 3701 assero,
411 3644 446 3687 ac
472 3643 563 3702 penes
592 3628 701 3688 nullum
725 3627 794 3707 Jvolo
816 3647 880 3690 esse
899 3632 1054 3706 judicium,
1087 3631 1139 3692 sed
1161 3631 1292 3690 omnibns
1314 3632 1423 3692 suadeo

208 3737 241 3792 nt
260 3736 412 3806 praestent
431 3731 608 3806 obsequium.
646 3732 786 3793 Dominus
809 3750 892 3810 vero,
908 3737 988 3810 cujus
1005 3741 1049 3795 est
1064 3735 1137 3796 haec
1153 3752 1257 3810 causa,
1279 3737 1424 3796 illuminet

208 3842 238 3897 te
269 3843 299 3897 et
331 3835 422 3896 iaciat
450 3837 596 3897 vasculum
625 3839 655 3897 in
685 3838 823 3898 honorem
853 3845 884 3898 et
912 3841 1053 3914 gloriam.t
1098 3841 1178 3911 Quae
1201 3841 1298 3900 omnia
1320 3846 1425 3900 contra

207 3939 431 4000 Ciceronianam
451 3940 609 4016 quendam,
631 3940 766 4016 trigidum
789 3941 955 4018 Scripturae
972 3943 1080 4002 Sacrae
1100 3949 1130 4002 et
1151 3943 1327 4003 christianae
1351 3945 1421 4004 reli-

206 4044 301 4119 gionis
333 4049 561 4118 contemptorem
594 4047 702 4118 optime
732 4045 812 4105 dicta
841 4045 979 4121 fuissent,
1014 4061 1154 4106 summum
1186 4062 1255 4106 vero
1286 4047 1422 4121 injuriam

206 4153 319 4207 temere
338 4149 501 4207 intulerunt
524 4149 659 4224 Erasmo,
688 4151 737 4223 qui
759 4151 837 4208 illius
859 4151 976 4224 generis
999 4149 1264 4226 pseudophilologis
1284 4168 1339 4224 per
1360 4151 1423 4211 lon-

205 4267 272 4326 gum
303 4255 417 4325 tempus
446 4253 531 4311 enixe
563 4267 598 4310 ac
625 4252 742 4312 fortiter
763 4254 914 4312 restiterat
935 4261 966 4314 et
988 4255 1018 4313 in
1041 4253 1253 4314 restituendum
1276 4257 1422 4328 puriorem

206 4354 447 4415 christianismum
478 4354 672 4416 nobilissimae
698 4357 775 4416 vires
809 4357 1066 4433 incredibilemque
1096 4359 1226 4418 laborem
1249 4360 1421 4418 contulerat.

204 4458 351 4518 Dedeeuit
371 4458 503 4534 profecto
526 4475 661 4532 magnum
684 4461 829 4533 evangelii
854 4477 1044 4537 praeconem,
1066 4463 1103 4524 de
1126 4462 1178 4522 tuli
1198 4467 1336 4536 tantoque
1359 4463 1420 4522 viro

203 4562 247 4622 its
270 4560 424 4636 judicare,
461 4565 494 4620 ut
530 4561 661 4624 obscuris
697 4563 761 4622 istis
794 4563 864 4624 viris
892 4563 1034 4628 accedere
1067 4565 1228 4642 videretur,
1260 4568 1309 4644 qui
1337 4566 1419 4630 illurn
