3156 5056
633 303 726 352 Garun
747 301 807 350 Vll.
1279 298 1330 351 195

694 390 1022 398 ——.-..-———-—

112 523 190 580 riosa
213 520 360 580 interioris
383 519 506 578 hominis
528 518 664 592 agitatio,
695 533 753 588 qua
776 516 929 574 ueritatem
953 521 984 572 et
1007 516 1149 587 justitiam
1171 515 1217 572 vel
1240 515 1331 588 magis

112 629 142 684 in
173 628 274 684 intimo
305 625 395 683 animi
425 641 543 682 recessu
572 637 656 694 quarn
687 623 719 679 in
751 621 919 678 monasterii
949 621 1029 692 asylo
1059 627 1230 692 persecutns
1260 625 1332 682 erat.

112 731 152 788 Et
186 731 222 788 ad
257 731 308 788 illa
342 743 450 788 arcana
482 729 565 800 quasi
596 727 689 799 ipsius
719 727 825 784 mentis
852 726 1017 797 penetralia
1045 726 1134 784 etiarn
1163 732 1265 798 postea
1296 743 1331 782 ex

112 835 244 894 omnibns
273 835 422 892 hominnm
451 833 543 890 turbis
574 849 608 890 ac
639 831 823 904 tumultibus,
856 847 926 903 qnos
958 829 1036 888 nullo
1069 847 1193 902 unquam
1223 829 1332 888 fractus

112 945 225 998 terrore
248 938 365 997 fortiter
387 939 517 1008 sustulit,
540 937 637 994 denno
658 953 774 1010 sempor
791 953 822 994 se
839 938 957 1007 recepit.
993 936 1100 993 Narrat
1114 935 1332 1008 Melanchthon,

113 1061 144 1102 so
166 1045 281 1117 saepius
305 1061 371 1102 eum
397 1043 556 1116 invenisse,
587 1059 674 1114 qnurn
705 1041 859 1099 lacrimans
888 1043 1071 1113 precationes
1100 1057 1166 1098 suas
1193 1057 1245 1113 pro
1272 1047 1333 1099 tota

113 1149 239 1206 ecclesia
261 1149 375 1206 dixerit
419 1147 581 1220 sumpsisse
605 1147 682 1204 eninr
706 1143 857 1203 cumiano
880 1144 1007 1218 quotidie
1031 1150 1141 1203 certum
1161 1151 1275 1217 ternpus
1294 1143 1332 1202 od

113 1253 236 1325 psalmos
260 1251 439 1323 recitandos,
461 1251 563 1324 quibus
585 1267 638 1308 sua
660 1256 727 1308 vota
749 1265 867 1321 gemens
891 1266 925 1307 ac
943 1250 1096 1308 lacrimans
1112 1250 1274 1322 miscuerit,
1297 1265 1332 1308 ac

112 1373 202 1430 saepe
225 1357 330 1415 dixisse
354 1373 386 1413 se
406 1371 578 1414 succensere
600 1356 677 1428 istis,
701 1356 749 1427 qui
765 1361 816 1412 aut
831 1359 952 1428 propter
967 1356 1125 1427 ignaviam,
1149 1361 1199 1412 aut
1214 1361 1333 1428 propter

112 1463 318 1536 occupationes
340 1461 473 1519 dicerent
496 1461 565 1519 satis
588 1477 652 1518 esse
676 1461 737 1518 solo
757 1460 867 1531 gemitu
886 1461 1016 1532 precari,
1038 1459 1106 1518 ideo
1126 1459 1232 1518 formas
1249 1459 1333 1518 nobis

112 1567 209 1626 divino
240 1567 359 1625 consilio
386 1565 582 1639 praescriptas
609 1581 688 1638 esso,
719 1570 751 1622 ut
773 1565 861 1623 lectio
883 1571 998 1624 mentes
1023 1566 1214 1624 accenderet:
1244 1565 1332 1622 immo

113 1677 146 1730 ut
169 1689 221 1730 vox
244 1672 332 1730 etiarn
354 1669 555 1745 profiteretur,
576 1687 664 1743 quern
686 1669 780 1728 Deum
802 1671 1011 1728 invocaremus.

200 1776 291 1835 Simul
319 1782 416 1834 autem
447 1776 525 1834 inter
553 1791 679 1832 summos
709 1775 852 1832 ecclcsiae
881 1774 1016 1832 doctores
1046 1776 1092 1832 vix
1124 1792 1197 1833 nnus
1229 1775 1331 1834 eodem

108 1884 176 1954 jure
207 1887 295 1953 atque
325 1880 472 1938 Lntherus
502 1879 559 1938 dici
585 1885 681 1952 potest
710 1879 782 1936 nihil
813 1880 928 1937 humani
958 1896 1030 1938 ase
1053 1881 1180 1938 alienum
1203 1887 1331 1954 putasae.

111 1985 198 2044 Licet
219 1985 430 2043 modestissimo
451 2001 567 2057 semper
590 1986 667 2042 victo
692 1990 845 2042 contentus
868 1983 957 2042 luerit
988 1991 1019 2042 et
1045 2001 1098 2056 per
1121 1985 1219 2057 plnres
1241 1986 1332 2043 inter·

111 2089 179 2148 dnm
208 2089 285 2162 dies,
315 2089 512 2162 spiritualibus
542 2089 629 2148 rebus
658 2093 829 2162 occupatus,
860 2089 936 2144 omni
965 2086 1027 2146 fere
1057 2089 1123 2145 cibo
1150 2088 1332 2162 abstinuerit,

111 2201 210 2252 tamen
233 2211 291 2252 non
314 2194 343 2250 in
368 2193 529 2252 monastica
552 2194 659 2266 ascesi,
681 2193 732 2250 sed
755 2193 786 2250 in
808 2191 898 2265 probo
920 2209 954 2250 ac
977 2193 1106 2266 legitimo
1128 2209 1225 2250 rerum
1248 2199 1332 2252 natu·

111 2300 215 2358 ralium
243 2315 296 2356 usu
326 2299 513 2356 christianam
542 2296 751 2371 perlectionem
782 2298 902 2369 positam
931 2313 996 2356 esse
1023 2295 1129 2356 docuit.
1174 2299 1240 2370 Ipse
1267 2315 1330 2356 cunr

112 2404 242 2476 apostolo
273 2401 418 2461 didicerat
447 2404 483 2461 iis
514 2408 665 2461 contentus
688 2419 754 2460 csse
777 2419 851 2474 qnae
875 2401 1024 2475 adessent,
1054 2403 1139 2460 scivit
1163 2403 1278 2474 ,satiari
1302 2409 1332 2462 et

114 2509 238 2578 esurire,
262 2507 410 2566 abundare
432 2515 462 2566 et
483 2509 632 2582 penuriam
655 2508 736 2580 pati‘.
781 2509 902 2568 Ascesin
916 2509 1059 2581 quandam
1075 2513 1108 2566 ut
1122 2508 1226 2566 bonam
1243 2512 1330 2580 atque

113 2615 215 2671 utilem
245 2613 427 2686 disciplinam
459 2617 609 2672 externam
637 2613 780 2686 laudavit,
810 2612 982 2671 coelibatum
1007 2619 1196 2685 spontaneum
1218 2612 1249 2670 in
1272 2613 1331 2669 sin·

112 2719 187 2790 gulis
216 2717 379 2776 hominibus
409 2717 446 2774 ad
475 2717 610 2776 colendas
638 2717 756 2776 liberius
784 2735 832 2776 res
859 2718 1025 2790 spirituales
1054 2717 1216 2776 conducere
1247 2733 1329 2790 posse

112 2839 206 2895 aeque
229 2827 316 2894 atqua
340 2821 447 2880 Paulus
465 2821 615 2894 judicarit.
660 2821 875 2881 Abominandos
905 2823 999 2881 coacti
1029 2823 1189 2880 coelibatus
1211 2821 1331 2895 fructus,

112 2927 142 2984 in
172 2929 237 2999 ipsa
266 2927 335 2985 sede
365 2926 496 2984 Romana
524 2933 593 2984 tnnc
620 2929 743 2984 maximo
768 2929 952 3000 conspicuos,
983 2933 1014 2986 et
1035 2925 1177 2986 nefandos
1200 2932 1330 2986 votorum

113 3037 224 3089 temere
254 3037 451 3104 susceptorum
479 3031 585 3088 abusus
613 3033 674 3102 jam
699 3031 838 3090 Erasmus
865 3031 1050 3104 ostenderat,
1080 3031 1225 3090 liutherus
1247 3047 1331 3088 omne

113 3133 210 3192 fictum
233 3135 329 3209 operis
351 3136 597 3208 supererogatorii
620 3136 753 3193 meritum
777 3136 955 3208 gloriamque
978 3133 1082 3193 fortius
1100 3141 1187 3206 atque
1202 3135 1331 3206 apertius

113 3256 199 3313 quam
227 3239 278 3297 ille
307 3241 437 3313 sustulit,
467 3240 541 3298 votis
564 3237 638 3297 falsa
661 3237 921 3312 superabundantis
938 3239 1072 3312 justitiae
1097 3239 1232 3312 opinione
1257 3255 1330 3296 nnn-

113 3345 224 3416 cupatis
252 3345 397 3402 neminem
427 3344 522 3402 teneri
552 3344 657 3402 docuit
703 3343 735 3400 ld
760 3344 839 3417 ipse,
869 3344 1027 3402 amicornm
1048 3341 1226 3416 quorundam
1248 3342 1331 3402 dubi-

114 3450 239 3507 tationes
262 3448 433 3522 neglegens,
457 3447 529 3506 inito
547 3449 730 3507 matrimonio
750 3448 901 3508 declarare
919 3463 1015 3507 coram
1030 3448 1101 3508 orbe
1116 3449 1213 3507 voluit.
1250 3447 1332 3520 Quod

113 3553 169 3610 nisi
199 3551 297 3610 iacere
329 3569 415 3610 ansus
446 3558 537 3626 essct,
568 3553 652 3624 huJus
680 3555 734 3612 viri
764 3555 863 3612 virtuti
890 3555 1008 3614 deesset
1036 3553 1152 3628 aliquid.
1213 3553 1332 3612 Etenim

113 3657 191 3714 inter·
225 3662 269 3716 tot
303 3657 385 3714 varia
419 3657 537 3732 negotia
570 3664 656 3731 atqne
684 3660 816 3732 pericula
843 3660 988 3734 singulare
1017 3659 1084 3718 boni
1115 3657 1331 3732 patrisfamilias

115 3761 275 3833 exemplum
310 3763 474 3820 christianis
510 3763 645 3834 praebuit
680 3764 867 3836 omnibusque
903 3765 980 3823 vitae
1014 3763 1191 3822 domesticae
1228 3758 1332 3818 officiis

114 3866 233 3937 egregie
267 3865 417 3924 satisfecit.
483 3866 635 3939 Nunquam
669 3867 806 3926 obliuioni
838 3867 984 3926 dabuntur
1016 3867 1168 3924 tenerrimi
1201 3863 1332 3936 affectus,

113 3969 215 4041 quibus
249 3970 335 4028 heros
365 3971 528 4043 intrepidus
557 3969 770 4044 indomitusque
800 3973 959 4030 terroribus
989 3969 1195 4028 dilectissimae
1225 3967 1332 4026 filiolae

114 4079 237 4132 mortem
261 4074 328 4132 tulit
348 4074 394 4134 uel
417 4075 499 4148 qnasi
522 4075 626 4132 infanti
653 4075 748 4133 inians
773 4075 866 4133 lactus
889 4073 978 4134 filiolo
1002 4073 1086 4132 modo
1109 4073 1332 4146 pulcherrimam

115 4177 151 4234 de
174 4179 295 4236 coelesti
319 4179 404 4236 horto
424 4179 603 4252 parabolam,
626 4179 709 4238 modo
733 4179 859 4238 tabulam
882 4179 1054 4252 Aesopicam
1077 4178 1231 4236 enarravit
1270 4177 1332 4234 Ali-

114 4282 229 4354 quando
256 4299 319 4340 curn
340 4283 513 4357 Woligaogo
536 4285 666 4342 ministro
689 4301 740 4342 suo
761 4289 854 4342 artem
876 4283 1010 4342 tornandi
1031 4283 1142 4342 discere
1164 4281 1274 4354 coepit,
1302 4285 1334 4338 et

115 4389 243 4458 corporis
266 4387 421 4444 exercendi
444 4403 547 4462 causa,
571 4394 601 4446 et
623 4395 656 4445 ut
678 4405 742 4446 cum
765 4387 856 4446 Paulo
870 4387 1000 4460 apostolo
1015 4386 1069 4445 sibi
1086 4387 1201 4459 suisque
1216 4385 1332 4458 victum,

113 4491 137 4548 si
163 4507 235 4563 opus
267 4497 359 4564 esset,
394 4509 482 4550 mann
511 4509 616 4565 parare
645 4499 751 4566 posset.
807 4492 904 4551 Etiam
932 4494 961 4550 in
990 4492 1151 4550 humillimo
1181 4489 1332 4549 domestici

113 4595 222 4652 laboris
247 4612 354 4668 genere
378 4595 573 4655 Christianum
596 4603 680 4655 etse
703 4598 766 4670 ipso
790 4601 822 4655 et
843 4597 958 4656 domino
980 4613 1031 4656 auo
1053 4595 1168 4670 dignum
1192 4612 1224 4655 se
1246 4609 1331 4668 prae·

1050 4695 1113 4762 13*
