3222 5034
715 250 803 304 Garun
820 251 869 304 ΠΙ.
1372 251 1406 305 39

179 454 289 514 mirum
312 472 371 514 nou
394 458 469 528 erat,
493 453 694 528 intuebantur,
718 471 819 531 quem,
843 472 935 531 quum
958 453 1103 514 satellites
1125 454 1190 530 ejus
1210 453 1273 529 jam
1295 454 1408 530 passim

180 566 261 620 tauta
279 543 453 622 crudelitate
471 561 503 620 iu
521 561 665 636 evangelii
682 561 868 620 'comessores
887 562 1075 636 saeviisseut,
1098 579 1179 620 nunc
1196 579 1250 638 per
1263 561 1407 637 Legatum

179 674 276 728 tantas
299 687 346 728 res
370 687 429 728 non
452 668 518 728 siaa
540 668 656 728 fallacia
678 669 837 729 concedere
860 669 1010 746 putabant.
1056 669 1193 729 Accessit
1220 673 1254 728 ut
1281 669 1317 728 de
1340 668 1407 729 aliis

180 776 338 852 dogmatis,
361 775 498 853 inprimis
517 776 555 834 de
574 793 655 835 sacra
673 793 775 850 coena,
795 776 952 836 discidium
971 776 1118 854 colloquio
1136 775 1201 836 tolli
1220 793 1281 834 non
1298 779 1406 852 posset.

180 883 261 958 Quae
285 883 468 943 Gontamnus
500 883 537 942 de
559 883 657 959 Papae
680 888 710 943 et
741 883 933 944 conciliorum
960 883 1133 944 auctoritate
1159 883 1290 944 liberiori
1317 901 1407 942 seusu

180 997 364 1068 conceperat,
396 1009 414 1051 a
442 991 531 1053 Guria
558 991 677 1067 penitus
704 992 813 1067 rejecta
840 995 917 1051 sunt
968 991 1032 1050 Iam
1065 1009 1183 1069 quoque
1214 1009 1268 1068 pm
1294 991 1407 1051 viribus

180 1099 200 1158 ii
224 1117 326 1158 omnes
349 1099 568 1176 impediverunt
590 1097 811 1158 sanctissimum
834 1099 1006 1158 concordiae
1029 1099 1230 1158 restituendae
1248 1099 1406 1174 negotium,

180 1206 349 1284 quicunque
376 1205 515 1264 oritanum
538 1205 608 1265 inde
631 1205 804 1266 Germaniae
826 1211 856 1266 et
878 1206 994 1283 imperii
1018 1200 1184 1282 potentiam
1203 1207 1406 1266 formidabant.
1442 1279 1451 1298 ·

179 1313 630 1390 Hano·sollicitndjnemaa1uo
653 1331 767 1387 curam,
795 1317 900 1389 sponte
921 1314 954 1372 in
976 1313 1057 1390 Papa
1085 1317 1265 1390 promptam,
1294 1312 1407 1373 Galliac

178 1422 244 1480 Rex
266 1425 419 1498 praetexta
441 1420 584 1496 religione
606 1421 716 1498 adebat3
741 1420 831 1480 simul
853 1420 885 1478 in
906 1420 1063 1480 Germania
1086 1421 1128 1500 (id
1151 1421 1230 1498 quod
1249 1421 1407 1481 Granvella

180 1529 343 1590 Gontareno
376 1528 567 1604 jurejurando
605 1527 774 1606 affirmavit)
811 1528 1042 1588 Protestantium
1078 1528 1229 1605 principes
1265 1528 1407 1588 adversus

181 1636 335 1696 Caesarem
356 1633 534 1712 instigavit.1
579 1634 684 1712 Itaque
712 1635 890 1712 suspicionis
918 1635 1031 1695 semine
1058 1635 1137 1694 inter
1163 1636 1245 1711 ipsos
1269 1635 1406 1695 Comitio-

178 1761 245 1800 rnm
269 1743 384 1802 sodales
407 1743 528 1819 largiter
551 1761 666 1818 sparso,
689 1761 728 1802 ne
751 1743 781 1801 id
804 1743 937 1820 quidem,
961 1743 1039 1820 quod
1063 1742 1187 1802 Carolus
1210 1743 1407 1802 adnuentibus

178 1849 362 1909 Electoribus
390 1856 420 1909 et
446 1850 615 1910 civitatibus
641 1850 770 1909 maxime
798 1850 926 1924 volebat,
955 1850 1103 1909 communi
1132 1849 1264 1908 omnium
1292 1850 1406 1908 decreto

178 1957 322 2034 postulari
346 1958 453 2034 potuit,
477 1963 511 2016 ut
533 1977 551 2016 a
573 1957 738 2017 conciliatis
760 1957 893 2016 articulis
916 1957 979 2016 illis
1003 1957 1035 2015 iu
1058 1957 1158 2016 futuro
1183 1956 1313 2016 Concilio
1341 1957 1406 2016 uni·

177 2064 285 2124 versati
309 2065 448 2124 exiretur.

286 2173 322 2232 Id
346 2172 372 2232 si
395 2173 426 2230 in
450 2172 503 2231 tali
528 2171 659 2231 Concilio
681 2171 841 2231 eluistiano
864 2177 894 2230 et
917 2172 1023 2246 libero,
1051 2171 1139 2250 quma
1166 2171 1271 2248 optimi
1298 2170 1406 2230 utrius-

179 2297 238 2356 que
270 2279 361 2356 partis
393 2279 450 2338 viri
477 2279 694 2354 desiderabant,
727 2279 815 2355 paulo
847 2284 915 2356 post
946 2279 1009 2338 lieri
1042 2279 1199 2356 potuisset,
1233 2279 1407 2339 Germaniae

179 2387 393 2464 universaeque
415 2387 550 2462 Europae
573 2386 775 2446 condicionem
797 2405 918 2462 prorsus
945 2386 1035 2446 aliam
1063 2387 1193 2445 latinam
1221 2386 1316 2446 luisse
1340 2387 1407 2461 jure

179 2494 287 2572 aliquis
303 2495 503 2570 judicaverit.²
538 2493 715 2554 Rectissime
730 2493 912 2554 Centarenus
931 2499 1118 2570 cognoverat,
1141 2513 1159 2553 a
1176 2494 1262 2553 Pauli
1281 2493 1406 2571 apostoli

178 2602 323 2676 doctrina,
346 2602 383 2662 de
398 2620 456 2679 qua
471 2601 646 2660 Ratisbouae
665 2607 820 2661 tractatum
839 2601 987 2678 scripsit,³
1009 2602 1254 2679 proficiscendum
1277 2619 1355 2676 esse,
1379 2606 1408 2660 et

180 2715 212 2768 nt
240 2709 382 2770 ecclesiae
409 2709 507 2768 irritas
535 2709 739 2768 restitueretur
766 2711 854 2786 atque
882 2714 1059 2784 servaretur,
1091 2715 1120 2768 et
1147 2709 1269 2785 atejus
1293 2709 1407 2768 sincera

178 2816 345 2876 reformatio
360 2817 557 2892 perficeretur.
604 2815 747 2876 Similiter
765 2817 802 2876 de
820 2817 868 2876 his
886 2817 974 2876 rebus
993 2816 1137 2876 sentiebat
1154 2821 1243 2893 atque
1255 2815 1406 2890 Erasmus,

178 2941 267 3000 quem
290 2924 326 2982 ad
350 2923 525 2982 abolendum
543 2923 729 2982 ludaismum
752 2925 898 3002 quendam
921 2924 953 2982 in
972 2924 1096 2983 ecclesia
1118 2929 1301 2999 grassantem
1320 2929 1350 2982 et
1368 2923 1405 2981 ad

178 3030 387 3090 vindicandum
402 3030 654 3090 christianismum
669 3029 853 3106 spiritualem
867 3029 952 3088 Pauli
972 3030 1109 3106 inprimis
1125 3030 1244 3105 scriptis
1263 3028 1406 3088 utendum

178 3138 330 3198 censuisse
358 3137 494 3196 vidimus.
544 3136 642 3194 Etiam
670 3140 784 3212 postea,
813 3137 875 3212 jam
903 3137 1024 3195 mutatis
1058 3135 1252 3212 temporibus,
1284 3135 1406 3194 Patrum

179 3245 416 3304 Tridentinorum
445 3243 582 3304 nonnulli
610 3242 732 3320 pmpius
760 3261 849 3319 quam
876 3243 936 3319 ipsi
964 3243 1094 3302 sciebant
1116 3243 1153 3301 ad
1175 3241 1406 3301 Pretestantium

179 3352 340 3411 sententias
372 3357 559 3411 accesserunt
590 3351 714 3428 ideoque
745 3349 904 3409 liberaliori
935 3349 1084 3409 interdum
1112 3349 1224 3425 judicio
1252 3349 1299 3408 usi
1327 3353 1405 3409 sunt.

177 3457 225 3516 Ex
248 3459 286 3517 iis
310 3457 505 3534 Seripandum
527 3458 679 3516 nominare
702 3457 825 3530 sufficit,
849 3455 902 3533 qui
924 3455 1033 3516 bacin
1055 3474 1087 3516 re
1109 3461 1139 3516 et
1156 3455 1221 3533 ipse
1239 3461 1319 3515 tatus
1338 3475 1406 3516 eum

177 3565 300 3625 Erasmo
332 3564 462 3624 sentiens
498 3565 662 3624 cavendum
694 3582 759 3624 asse
795 3564 924 3641 putavit,
958 3581 995 3624 ne
1023 3563 1102 3641 quod
1133 3563 1314 3624 haereticum
1346 3582 1406 3623 non

177 3677 257 3732 esset
281 3673 332 3732 sed
355 3673 408 3732 uni
431 3677 483 3732 aut
504 3672 589 3732 alteri
612 3672 722 3732 falsum
745 3671 907 3746 videratur,
935 3672 1036 3731 statim
1059 3677 1198 3748 tanquam
1226 3671 1405 3732 haereticum

177 3780 378 3856 damnaretur,
412 3779 612 3840 dissensiones
640 3797 700 3840 non
727 3797 833 3856 parvas
861 3779 938 3838 inter
965 3779 1076 3856 primos
1104 3778 1245 3839 ecclesiae
1272 3778 1406 3838 decimes

178 3886 249 3946 olim
271 3887 366 3946 fuisse
389 3891 419 3946 et
441 3886 529 3962 longe
551 3887 653 3964 plures
680 3887 758 3947 inter
785 3887 962 3963 posteriores
991 3887 1154 3962 theologos,
1183 3904 1280 3964 nequa
1307 3890 1406 3945 tamen

177 3994 368 4054 consuevisse
394 3993 550 4054 ecelesiam
576 3995 672 4056 varias
699 4013 801 4054 eorrrm
828 3993 981 4070 opiniones
1009 3997 1043 4052 ut
1069 3993 1230 4054 haereticas
1258 3993 1405 4068 damnare,

177 4101 230 4160 sed
256 4101 356 4178 potius
384 4100 520 4177 tolerare;
553 4101 630 4160 nihil
657 4102 737 4160 euim
765 4118 844 4175 essa,
876 4101 955 4178 quod
983 4101 1085 4178 plures
1113 4104 1228 4177 pareret
1260 4100 1405 4174 haereses,

285 4277 312 4344 1)
331 4275 360 4330 L.
381 4292 432 4329 von
451 4275 555 4344 Barke,
575 4275 617 4329 die
636 4275 785 4330 rimiscben
804 4276 901 4332 Piibste
920 4277 960 4330 ed.
982 4277 1011 4343 6,
1032 4275 1056 4343 I,
1077 4275 1137 4330 109.

284 4364 312 4432 2)
332 4365 370 4418 Gi.
389 4363 487 4419 ibidem
505 4381 530 4433 p.
552 4365 601 4420 107
626 4367 654 4418 et
676 4365 803 4434 Eiusdem
822 4366 958 4420 Deutsche
977 4365 1138 4420 Geschiohte
1161 4365 1197 4418 im
1216 4363 1340 4420 Zeitaltar
1358 4365 1406 4419 der

175 4453 356 4514 Reformation
375 4455 416 4508 ed.
435 4454 464 4521 4,
483 4454 536 4520 IV,
558 4455 608 4509 156
622 4469 657 4508 ss.

284 4544 311 4617 3)
331 4543 369 4597 Gi.
388 4543 435 4596 Th.
456 4542 564 4624 Brieger
582 4544 608 4596 in
629 4543 753 4614 ,Studien
773 4544 826 4600 und
845 4543 978 4598 Kritiken‘
1000 4544 1081 4616 1872,
1102 4561 1126 4620 p.
1141 4543 1221 4602 8788.
