3176 5064
489 1301 657 1401 PARS
698 1303 976 1401 innuen.

680 1513 787 1520 ’.η-

660 1646 762 1732 Caput
783 1647 807 1710 I.

226 1769 447 1886 Franoogallus
482 1809 615 1888 quidam,
652 1811 859 1870 celeberrimus
886 1810 1035 1870 Romanae
1066 1811 1208 1871 ecclesiae
1240 1830 1348 1889 pmpu-

119 1925 236 1994 grator,
270 1919 423 1994 ingeniose
453 1918 544 1992 dixit,
577 1918 705 1995 popismi
736 1917 940 1978 fortitudinem
972 1918 1004 1976 in
1031 1918 1233 1978 catholicismo
1261 1919 1349 1978 sitam

119 2045 195 2101 esse,
224 2025 422 2086 eutholicismi
448 2025 629 2085 debilitatem
651 2025 683 2083 in
706 2025 849 2102 papismo.
895 2023 979 2098 Quod
1001 2026 1125 2084 verbum
1148 2025 1233 2102 quasi
1256 2025 1349 2084 clavis

120 2152 183 2193 esse
210 2138 312 2210 potest
338 2133 375 2191 ad
398 2133 576 2192 recludenda
598 2133 769 2192 recentioris
790 2132 932 2192 eeclesiae
956 2132 1248 2192 Romanooatholieae
1270 2132 1349 2210 ejus·

120 2260 175 2318 qne
211 2240 356 2300 historiae
388 2241 535 2316 mysteria.
590 2239 715 2319 Etenim
740 2258 878 2316 magnam
909 2239 1053 2299 unitatem
1085 2239 1259 2300 catholicam
1290 2258 1350 2300 non

121 2349 218 2408 minus
248 2366 339 2425 quam
367 2348 520 2408 veritatem
546 2367 581 2408 ac
608 2348 772 2407 libertatem
800 2347 1000 2424 evangelicam
1028 2352 1143 2407 constat
1165 2347 1261 2408 ideam
1284 2365 1350 2408 esse

122 2455 292 2532 specialiter
322 2455 513 2514 christianam
545 2473 669 2532 eamque
700 2473 759 2514 non
790 2459 907 2514 tantum
939 2453 1098 2514 invisibilis
1134 2473 1210 2533 quae
1242 2455 1351 2514 dicitur

122 2563 265 2622 eeclesiae
292 2562 453 2639 propriam,
481 2580 585 2621 uerum
612 2562 701 2622 etiam
728 2561 856 2622 visibilis
884 2562 1111 2622 christianorum
1134 2566 1235 2622 coetus
1258 2563 1351 2622 admi-

122 2671 298 2730 nishatione
329 2669 599 2747 gubernationeque
631 2669 828 2729 exhibendam
859 2675 946 2747 atque
975 2670 1181 2746 effingendam.
1232 2669 1269 2729 In
1297 2670 1352 2730 hac

122 2795 188 2836 vero
215 2777 334 2836 unitate
360 2778 439 2836 inter
466 2777 577 2836 divisas
605 2777 684 2836 orbis
711 2777 865 2836 christiani
893 2781 991 2854 partos
1019 2777 1203 2837 defendenda
1225 2795 1260 2836 ac
1285 2795 1351 2855 pro-

122 2885 258 2961 paganda
286 2902 433 2943 summam
455 2885 610 2962 hucusque
633 2902 751 2962 operam
774 2890 804 2944 et
826 2903 928 2944 cinam
950 2903 1020 2962 prae
1043 2885 1181 2944 omnibus
1203 2885 1272 2946 aliis
1294 2885 1352 2945 Ro-

122 3010 207 3050 mana
236 2991 365 3050 ecclesia
392 2992 584 3069 consumpsit.
630 2992 789 3069 Propterea
817 2991 955 3052 similiter
981 2997 1070 3069 atque
1092 2991 1234 3052 Erasmus
1264 2993 1352 3051 multi

123 3099 265 3176 deinceps
297 3098 354 3156 viri
387 3099 486 3175 magni
514 3117 641 3176 vereque
667 3098 822 3159 christiani
849 3099 1020 3176 papismum
1047 3098 1197 3157 duxerunt
1224 3099 1353 3158 retinen-

123 3205 193 3264 dum
220 3211 252 3264 et
279 3205 317 3264 ad
344 3211 463 3283 tempus
490 3205 675 3265 tolerandum
697 3223 775 3280 esse,
804 3206 939 3282 quamvis
963 3209 1144 3282 quantopere
1167 3204 1216 3264 hic
1237 3223 1255 3263 a
1277 3205 1353 3264 veri-

124 3319 181 3372 tate
208 3318 240 3373 et
268 3313 404 3372 libertate
426 3313 595 3390 evangelica
616 3314 789 3373 recessisset
811 3331 870 3372 non
894 3313 1069 3388 ignorarent.
1116 3312 1275 3387 Putabant,
1303 3313 1354 3372 ubi

124 3426 165 3479 tot
191 3425 300 3497 gentes
328 3421 489 3480 christiana
516 3421 670 3480 concordia
696 3421 733 3479 ad
760 3421 942 3480 incrementa
969 3419 1064 3478 eidem
1092 3433 1183 3495 regno
1206 3419 1354 3497 spirituali

124 3527 285 3588 adserenda
311 3532 530 3602 concurrerent,
562 3527 604 3587 ibi
632 3528 696 3587 fieri
723 3545 783 3587 non
810 3545 898 3605 posse
925 3532 960 3587 ut
986 3545 1179 3606 quaecunque
1206 3527 1238 3586 in
1266 3527 1356 3588 Curia

124 3635 259 3694 Romana
275 3635 461 3695 reformanda
478 3653 544 3694 esse
559 3636 735 3712 jamdudum
752 3636 952 3712 apparuisset,
975 3653 1010 3695 ea
1027 3635 1172 3713 paulatim
1191 3653 1250 3694 non
1264 3635 1355 3694 refor-

125 3749 285 3802 marentur.
333 3741 397 3816 Qua
420 3761 474 3820 spe
496 3761 554 3802 non
578 3741 664 3802 ahter
686 3761 776 3820 quam
797 3743 939 3802 Erasmus
962 3743 1059 3802 denno
1083 3759 1200 3818 semper
1222 3741 1355 3800 frustrati

127 3855 202 3909 sunt
252 3850 359 3909 Curiae
381 3849 529 3910 Romanae
556 3850 636 3910 enim
659 3849 781 3910 Vicedei
804 3850 916 3926 potius,
946 3867 1035 3926 quem
1058 3848 1239 3922 nominabat,
1267 3865 1356 3925 quem

127 3957 187 4016 viri
210 3957 268 4016 Dei
295 3975 433 4033 regnum,
462 3957 549 4035 quale
576 3958 608 4016 in
630 3956 713 4017 Novo
737 3956 924 4016 Testamenta
951 3956 1149 4033 praedicatur,
1176 3973 1264 4015 curae
1286 3959 1355 4014 erat.

128 4063 200 4122 llam
233 4064 272 4122 ad
303 4081 366 4123 rem
398 4064 586 4140 aptissimum
618 4065 781 4140 adjutorem
813 4068 899 4123 nacta
930 4067 977 4122 est
1002 4062 1183 4122 Jesuitarum
1215 4061 1356 4121 ordinem.

128 4169 259 4244 Quorum
286 4177 418 4276 mqntem
444 4179 534 4250 atque
561 4172 703 4247 indolem,
732 4175 877 4250 quantum
904 4187 957 4248 pro
984 4169 1096 4247 incepti
1118 4167 1211 4228 nostri
1234 4167 1357 4228 oonsilio

129 4295 250 4339 neeesse
272 4296 339 4338 esse
362 4279 528 4354 videbatur,
549 4280 611 4356 jam
634 4297 724 4356 supra
747 4277 983 4356 descripsimus.l
1023 4277 1063 4336 Hi
1086 4275 1178 4352 igitur
1200 4275 1358 4353 pharisaici

130 4386 284 4462 cujusdam
307 4391 338 4446 et
360 4386 487 4446 carnalis
510 4387 704 4447 catholicismi
728 4385 837 4446 summi
859 4385 1000 4459 artifices,
1024 4384 1056 4443 in
1074 4381 1197 4443 hasmo
1220 4381 1358 4461 spiritua·

239 4597 264 4666 1)
283 4597 316 4652 V.
336 4613 418 4667 supm
435 4597 461 4666 I,
480 4614 505 4666 p.
516 4597 559 4650 44.
579 4598 613 4652 55
623 4613 663 4666 sq.

185 4700 409 4758 Schlottmanni,
424 4703 527 4747 Ermmus
541 4703 652 4747 redivivus
665 4701 694 4744 11.
1183 4702 1195 4754 l
