3194 5042
248 277 300 332 148
790 277 878 332 Carnu
895 277 929 332 V.

247 481 324 541 saria
350 480 597 542 demonstratione
623 497 694 540 vera
720 484 927 556 eognovemnt
972 479 1034 540 Vos
1057 479 1130 540 ostis
1153 481 1320 540 novitatum
1345 485 1495 540 auctores

246 606 405 666 earumque
427 588 604 664 novitatum,
627 605 703 666 quae
725 587 866 664 grandem
888 588 1035 648 adducent
1056 587 1209 664 religionis
1232 588 1375 647 minam!

353 695 504 756 sentiebat
540 695 786 774 generosissimus
817 696 877 771 vir,
915 713 1008 774 quum
1039 694 1113 756 haec
1145 695 1299 771 scriberet,
1337 695 1492 772 indignae

245 803 436 880 conditionis,
469 821 529 882 qua
559 803 625 881 ipse
657 821 725 864 cum
756 803 861 863 amieis
892 802 925 862 In
952 803 1050 862 medio
1077 821 1184 880 magno
1210 801 1361 862 mendacii
1390 821 1490 878 regno

245 910 331 989 qussi
358 911 517 988 depressus
543 911 709 986 tenebatur,
736 909 957 988 turpitudinem.
1003 910 1087 970 Idem
1114 910 1180 970 sine
1201 910 1291 969 dubio
1313 909 1488 970 amicorum

245 1017 367 1096 plurimi
403 1019 569 1078 sentiebant
605 1019 658 1078 sed
693 1018 870 1078 horrendam
906 1017 1007 1078 Sancti
1043 1015 1142 1078 Officii
1177 1035 1299 1076 manum
1335 1017 1487 1078 timentes

245 1126 412 1186 cbartnmm
440 1125 509 1186 fidei
537 1143 612 1204 quae
639 1126 840 1202 cogitaverant
866 1144 926 1186 non
953 1124 1173 1186 commiserunt
1219 1124 1307 1185 Solus
1330 1131 1486 1202 quantum

246 1233 357 1293 scimus
393 1231 570 1309 Micanzius,
606 1233 789 1293 Venetorum
830 1233 1009 1311 reipublicae
1045 1233 1212 1310 theologus,
1252 1231 1341 1291 Pauli
1381 1231 1485 1310 Surpii

246 1359 411 1413 successor,
434 1341 505 1400 talia
526 1341 559 1400 in
582 1340 716 1418 epistolis
739 1341 776 1400 ad
799 1340 965 1402 Galilaeum
988 1340 1115 1402 scribere
1138 1359 1199 1400 non
1221 1339 1377 1400 dubitavit.
1421 1339 1484 1414 Qui

245 1466 315 1508 cum
341 1465 443 1509 omnes
469 1448 553 1509 iliius
581 1449 672 1508 libros
694 1453 815 1526 propter
836 1449 987 1526 vigentem
1010 1449 1196 1524 tyrannidem
1219 1447 1308 1508 etiam
1332 1447 1485 1507 Venetiae

245 1555 298 1614 vir
324 1555 446 1633 reperiri
473 1573 562 1633 posse
588 1556 734 1634 queritun,
767 1561 831 1616 tum
858 1556 1042 1634 dialogorum
1068 1556 1296 1634 prohibitionem
1324 1555 1482 1630 ,1100111110ι

245 1667 330 1722 uocat
352 1663 475 1722 sacione.
517 1663 612 1738 Alias,
636 1682 729 1742 quum
751 1663 815 1724 illic
833 1663 962 1724 Batavus
986 1664 1107 1743 quidam
1131 1663 1287 1742 Gopernici
1309 1663 1481 1723 doctrinam

245 1771 362 1847 egregie
384 1769 577 1844 defendisset,
600 1770 687 1830 illum
711 1770 923 1847 ,0011001000εοι
946 1772 1019 1831 dicit
1041 1772 1085 1847 id,
1108 1771 1187 1850 quod
1206 1770 1358 1832 Galilaeus
1377 1789 1479 1850 quon-

245 1877 313 1936 dam
335 1877 368 1936 in
390 1877 516 1955 epistola
538 1877 576 1937 ad
596 1878 776 1939 Christinam
793 1879 932 1956 Magnam
949 1879 1065 1940 Ducem
1082 1883 1247 1954 monuerat,
1270 1880 1480 1952 ,temerarium

245 2002 351 2045 ausum
378 2002 445 2046 esse
471 2003 564 2046 nouos
593 1987 678 2065 quasi
705 1987 800 2047 ebrios
827 1987 897 2046 fidei
923 1986 1064 2047 articulos
1091 1987 1203 2063 finge'ra
1229 1991 1259 2046 et
1285 1985 1479 2058 constituere,

246 2111 371 2170 quorum
393 2094 538 2154 contraria
556 2113 625 2154 vera
643 2112 709 2154 essa
726 2112 795 2155 eum
813 2099 945 2172 tempore
962 2094 999 2154 ad
1018 2093 1119 2154 oeulos
1137 2093 1332 2154 demonstrari
1351 2099 1479 2171 posset‘.

244 2199 284 2260 IIt
310 2201 419 2262 iterum
445 2201 535 2262 allata
561 2202 617 2263 hac
640 2202 764 2263 Galilaei
792 2201 937 2263 sententia
960 2201 1089 2262 Jesuitas
1116 2202 1272 2262 effecturos
1300 2218 1368 2261 esse
1393 2219 1479 2278 prae-

245 2307 336 2384 dicat,
369 2315 416 2386 ut,
449 2309 475 2370 si
506 2315 601 2370 terrae
627 2310 818 2370 immobilitas
845 2329 898 2388 pro
925 2309 1062 2386 dogmate
1088 2315 1208 2386 accepta
1234 2309 1337 2384 fuerit,
1371 2327 1479 2369 omnes
1578 2329 1579 2370 3

245 2417 440 2477 astronomiae
461 2418 643 2494 professores
665 2418 738 2477 fiant
760 2416 924 2478 haeretici.l

353 2523 439 2584 Tales
473 2524 587 2584 litteras
618 2525 667 2584 rel
698 2525 877 2585 Micanzinm
908 2525 990 2601 dare,
1027 2524 1077 2585 vel
1109 2524 1275 2586 Galilaeum
1306 2525 1479 2584 reconditas

245 2647 396 2690 asservare
427 2649 533 2691 ausum
565 2649 632 2691 esse
663 2631 773 2691 mirum
804 2637 857 2693 est.
909 2632 967 2694 Sed
999 2633 1109 2693 similia
1135 2631 1288 2710 propalam
1315 2631 1400 2709 loqui
1429 2633 1479 2692 vel

244 2737 327 2814 typis
352 2755 494 2815 expressa
516 2738 639 2814 uulgare
660 2757 700 2799 110
722 2739 864 2800 Venetiae
886 2741 1006 2818 quidem
1028 2739 1122 2800 licuit.
1167 2739 1263 2800 Immo
1286 2739 1376 2799 etiam
1397 2757 1478 2798 nora
1578 2799 1579 2848 i

245 2849 276 2904 et
296 2843 500 2904 illustrissima
523 2844 648 2906 Galilaei
671 2863 771 2924 opera,
798 2847 836 2906 ad
859 2847 1082 2908 condemnatam
1105 2847 1210 2906 mundi
1232 2847 1476 2907 constitutionem

244 2951 367 3012 minime
399 2953 575 3030 spectantia,
607 2953 667 3014 nisi
698 2954 839 3015 adhibitis
871 2955 1000 3030 callidis,
1033 2973 1107 3034 quas
1135 2954 1280 3029 diximus,
1312 2953 1477 3014 amicorum

245 3060 378 3120 consiliis
405 3067 435 3122 et
461 3061 573 3122 artibus
596 3080 692 3140 neque
715 3063 830 3140 perfici,
857 3081 955 3141 neque
978 3068 1061 3123 extra
1083 3062 1202 3123 Italiam
1224 3061 1272 3122 edi
1295 3063 1475 3140 potuissent
1578 3091 1579 3102 ³

244 3167 308 3228 Hae
331 3186 370 3228 ex
392 3174 476 3246 parte
498 3169 545 3228 illi
567 3189 683 3247 omnes,
706 3170 777 3230 lieet
799 3171 932 3248 alioquin
955 3169 1097 3231 ecclesias
1115 3169 1381 3243 observantissimi,
1405 3187 1477 3230 cum

244 3276 448 3354 praesentibus
480 3277 621 3338 ecelesiae
652 3279 897 3354 gubernatoribus
929 3278 1041 3338 bellum
1073 3278 1219 3338 hebebant
1246 3277 1361 3355 sibique
1389 3276 1476 3336 belli-

244 3384 415 3458 gerantibus
434 3403 493 3444 nou
512 3385 611 3444 minus
625 3404 714 3463 quam
728 3385 903 3446 adversariis
918 3391 1124 3462 strategemata
1138 3385 1282 3463 quaedam
1296 3385 1476 3444 christianae
1578 3435 1579 3452 ,

244 3490 360 3550 veritati
388 3509 459 3552 sane
486 3493 682 3569 repugnantia
700 3493 791 3553 ¹licita
817 3511 883 3554 0000
910 3495 1067 3571 putabant,
1095 3493 1203 3572 quibus
1231 3511 1331 3553 eorum
1354 3491 1475 3552 fraudes

244 3616 279 3658 ao
306 3597 477 3658 violentiam
503 3600 689 3676 repellerent.
736 3599 832 3674 Quare
855 3601 944 3661 etiam
968 3601 1117 3662 Castalius
1138 3600 1250 3679 aliique
1272 3599 1329 3659 viri
1351 3599 1474 3659 sinceri-

244 3710 304 3765 tate
331 3711 361 3766 et
383 3707 508 3767 candore
531 3707 598 3768 aliis
620 3708 653 3766 in
674 3709 763 3768 rebus
786 3709 901 3784 eximii,
929 3709 1008 3787 quod
1030 3709 1067 3768 ad
1090 3708 1253 3768 naturalem
1278 3707 1380 3767 mnndi
1403 3725 1473 3767 eon·

245 3813 429 3874 stitutionem
461 3815 602 3893 pertinet,
635 3834 732 3876 coram
764 3815 906 3876 ecclesiae
933 3816 1068 3892 tyrannis
1096 3816 1274 3876 sacrificium
1301 3814 1471 3874 intellectus

245 3921 430 3982 simulabant.
476 3922 571 3982 Immo
594 3922 753 3999 vivianus,
779 3923 1005 3984 ardentissimus
1027 3923 1251 4000 fidlesimusque
1274 3921 1398 3983 Galilaei
1420 3921 1470 3980 ad-

243 4029 364 4090 mirator
391 4035 422 4090 01
448 4031 574 4106 amous,
603 4031 711 4091 mortui
737 4032 936 4109 010000010τί0
963 4032 1068 4107 vitum,
1095 4036 1130 4090 ut
1152 4031 1200 4091 edi
1222 4049 1257 4090 ae
1279 4029 1339 4106 legi
1361 4036 1468 4106 posset,

243 4136 285 4196 ita
317 4137 373 4196 sibi
405 4138 590 4198 scribendam
622 4157 687 4200 0000
719 4139 847 4214 cenassit,
879 4145 914 4200 ut
945 4157 1005 4200 non
1031 4139 1118 4199 modo
1144 4137 1275 4198 fabulam
1300 4143 1468 4214 recoqueret

243 4243 327 4304 illius
363 4263 486 4323 operum
521 4246 587 4323 ipso
624 4246 718 4307 inscio
754 4247 908 4325 invitoque
943 4247 1016 4307 ioris
1052 4246 1210 4322 editorum,
1246 4263 1350 4305 verum
1381 4243 1467 4303 etiam

242 4357 386 4428 narraret,
422 4359 505 4430 grato
541 4353 628 4413 illum
660 4360 691 4414 01
720 4354 798 4414 laeto
829 4355 927 4415 animo
959 4354 1066 4431 luisse,
1103 4354 1182 4432 quod
1213 4353 1313 4430 ipsum
1344 4351 1465 4411 ecclesia

351 4581 377 4648 l)
397 4579 482 4648 Opere
500 4581 527 4633 di
546 4580 638 4635 Galilei
655 4581 684 4636 X
704 4583 755 4636 115
774 4581 818 4652 (of.
839 4581 914 4653 170);
933 4583 1001 4638 VIII
1019 4582 1084 4651 274;
1104 4581 1238 4652 Supplom.
1259 4581 1319 4635 271.
