3176 5064
645 306 738 357 amur
756 305 814 356 XV.
1057 366 1059 370 ¹
1285 303 1338 360 345

112 521 226 591 tatem,
256 517 287 576 iu
317 532 375 591 qua
406 515 571 577 adhibenda
598 516 743 576 Lutberus
762 517 923 577 vErasmum
951 523 1068 576 secutus
1090 523 1172 592 erat,
1202 515 1337 577 condem·

113 618 228 680 navit¹
280 620 449 681 Doctrinam
472 622 671 696 evangelicam
689 621 726 681 de
746 619 954 695 justificatione
977 623 1090 697 rejecit
1143 621 1188 681 De
1216 621 1339 681 Lutberi

114 725 241 800 ingenio
260 741 295 784 ac
317 726 428 784 meritis
450 725 554 798 pusillo
576 726 673 785 auimo
694 725 844 798 judicavit.
889 727 947 788 Ubi
968 727 1077 800 pressis
1099 728 1205 786 iterum
1222 725 1339 786 Eram

116 829 252 903 vestigiis
275 846 363 904 super
384 829 493 903 Papam
515 831 627 904 pariter
645 835 732 904 atque
765 847 853 904 super
874 830 1034 890 Lutberum
1057 831 1243 890 christianam
1265 831 1340 888 reri·

119 938 215 992 tatem
235 933 397 1008 ponendam
420 949 484 994 esse
512 933 598 1009 dicit,
627 934 673 992 his
703 935 794 994 utitur
823 935 932 994 verbis:
966 933 1078 1008 ,Dedat
1107 933 1339 1008 cognoscendum
1391 995 1394 1004 ,

120 1043 211 1110 atque
230 1037 418 1112 judicandum
442 1053 508 1097 sese
530 1043 589 1096 tam
609 1038 690 1112 Papa
713 1056 799 1112 quam
821 1039 966 1099 botherus
989 1041 1181 1098 communioni
1213 1039 1340 1112 Petrum,

121 1143 173 1217 qui
201 1147 268 1201 aute
295 1143 373 1200 mille
403 1159 494 1202 anuos
521 1144 675 1203 ecclesiam
704 1142 812 1202 Christi
839 1149 978 1204 rexerunt
1008 1149 1039 1202 et
1069 1143 1105 1203 ud
1132 1145 1232 1203 borum
1262 1142 1339 1202 arbi·

125 1247 213 1306 trium
245 1246 420 1306 reformetur
444 1243 613 1321 uterque‘.²
658 1247 739 1320 Quae
762 1265 821 1307 nou
850 1249 944 1308 minum
982 1265 1068 1322 quam
1096 1248 1237 1308 somnium
1269 1248 1340 1308 illud

123 1350 297 1410 restituendi
320 1350 463 1410 ecclesiae
487 1352 663 1426 apostolicae
694 1353 801 1412 formas
828 1369 947 1426 prorsus
967 1352 1114 1426 discrepat
1136 1369 1201 1412 cum
1220 1352 1341 1412 saniori-

123 1455 178 1514 bus
203 1454 406 1515 stultioribus
435 1455 549 1516 Erasini
577 1456 752 1531 rationibus,
782 1473 868 1530 quem
889 1457 1051 1516 ostendisse
1081 1456 1203 1516 vidimus
1235 1457 1341 1516 damna

125 1559 267 1619 ecclesiae
296 1575 350 1633 per
376 1576 477 1619 omnes
508 1565 621 1620 aetatm
649 1562 808 1620 crescentis
836 1569 867 1620 at
888 1561 1101 1637 progredientis
1131 1559 1280 1621 redeundo
1303 1561 1341 1620 ad

124 1666 188 1738 ejus
218 1663 372 1723 infantiam
401 1665 532 1739 reparari
562 1680 743 1738 nequaquam
771 1681 864 1739 posse.
925 1666 959 1725 Id
990 1671 1022 1725 ut
1041 1663 1128 1727 fieret
1149 1667 1194 1724 vir
1215 1666 1340 1724 omnium

126 1767 334 1828 eruditissimus
365 1770 525 1843 conjunctis
554 1769 732 1844 reipublicae
764 1776 794 1829 et
823 1771 984 1830 litterariae
1015 1777 1046 1832 et
1076 1771 1167 1830 civilis
1187 1769 1341 1844 praesidiis

126 1872 219 1932 amice
242 1873 324 1946 quasi
346 1873 410 1947 cogi
430 1871 546 1932 Curiam
565 1875 656 1932 voluit
677 1874 715 1933 ad
738 1875 954 1935 concedendam
977 1892 1076 1936 veram
1092 1875 1235 1935 ecclesiae
1250 1873 1342 1932 refor-

125 1977 297 2050 mationem3
321 1979 397 2036 huuc
419 1993 489 2038 vero
511 1975 597 2037 finem
615 1983 838 2054 persecuturus,
860 1979 931 2039 licet
952 1997 971 2038 a
993 1985 1037 2038 tot
1059 1979 1202 2040 ecclesiae
1225 1994 1343 2053 magua-

126 2081 204 2140 tibus
227 2081 356 2156 adjutus,
379 2083 474 2148 locum
496 2083 559 2157 ipse
581 2083 613 2140 in
636 2099 672 2142 ea
694 2087 797 2141 tenere
820 2099 878 2142 nou
900 2089 1025 2158 poterat,
1045 2084 1101 2144 nisi
1118 2083 1255 2143 adhibitis
1270 2097 1342 2156 quas

126 2184 331 2260 descripsimus
361 2185 473 2245 callidis
502 2185 613 2245 artibus
641 2187 763 2260 aliisque
791 2185 927 2246 subsidiis
957 2188 1063 2260 partim
1093 2189 1164 2248 satis
1194 2187 1343 2263 ambiguis.

125 2289 238 2349 lisdem
268 2288 329 2349 iere
359 2289 487 2350 Vicclius
517 2306 586 2348 usus
616 2296 675 2364 est,
707 2295 737 2349 at
758 2291 916 2350 minoribus
938 2291 1047 2351 viribus
1077 2297 1108 2350 et
1135 2292 1244 2365 majore
1267 2293 1344 2364 peri·

127 2395 200 2454 culo.
261 2393 378 2453 Scilicet
407 2393 583 2468 aliquamdiu
616 2395 694 2454 inter
727 2393 909 2454 Lutheranos
940 2401 1071 2455 versatus
1103 2413 1120 2455 e
1150 2410 1225 2456 nova
1258 2394 1344 2454 domo

128 2499 211 2572 qnasi
233 2498 442 2572 remigraverat
463 2499 494 2556 in
517 2503 660 2573 veterem3
682 2498 758 2557 hauc
781 2515 862 2574 vero,
886 2515 972 2573 quum
995 2499 1138 2559 modicum
1152 2501 1183 2558 iu
1198 2517 1234 2559 eo
1249 2499 1345 2558 locum

128 2603 175 2661 vix
202 2602 389 2676 obtinuisset,
422 2604 539 2676 penitus
568 2602 763 2662 renovandam
790 2619 855 2662 esse
886 2603 1061 2663 clamitabat.
1120 2603 1184 2676 Qua
1212 2619 1246 2662 re
1274 2601 1346 2662 satis

130 2712 277 2780 suspectus
309 2723 373 2768 esse
403 2707 509 2780 coepit.
567 2706 728 2767 Praeterea
748 2708 808 2780 jam
839 2713 922 2782 aute,
952 2725 1037 2781 quam
1067 2707 1104 2766 ad
1128 2707 1257 2767 Saxones
1279 2723 1346 2781 pro·

130 2809 222 2870 iectus
245 2816 324 2884 erat,
356 2826 474 2870 uxorem
496 2809 633 2885 duxerat,
662 2817 764 2884 postea
786 2811 888 2870 viduus
910 2811 1005 2871 iaetus
1027 2813 1152 2872 alterum
1174 2817 1205 2870 et
1228 2811 1346 2871 tertium

130 2915 342 2975 matrimonium
370 2915 449 2989 iniit;
482 2914 668 2988 presbyteros
704 2915 981 2974 romauocatbolioos
1020 2916 1163 2990 evitabat,
1198 2915 1346 2990 adiutores

27 3033 30 3038 ·
131 3020 259 3094 singulos
286 3023 398 3078 tautum
424 3023 526 3077 nauus
555 3023 608 3078 est.
662 3019 789 3091 Quorum
812 3019 1012 3092 potentissimo
1032 3017 1218 3078 Ferdinaudo
1237 3019 1260 3076 Ι.
1289 3017 1347 3076 ire·

132 3129 189 3198 tus,
220 3123 356 3182 extremis
383 3123 460 3200 vjtae
483 3123 567 3182 anuis
589 3123 716 3181 animum
738 3122 861 3182 Erasmo
883 3123 1021 3196 magistro
1043 3121 1161 3195 dignum
1189 3121 1346 3210 praestitit,

132 3243 218 3300 quum
240 3225 403 3285 Tridentini
427 3225 542 3285 concilii
564 3227 698 3300 decreta,
720 3242 739 3284 a
759 3225 879 3285 Jesuitis
901 3227 1081 3300 potissimum
1103 3224 1259 3299 fabricata,
1278 3225 1346 3283 viri-

132 3331 200 3390 liter
222 3331 414 3404 impugnaret.
468 3329 608 3404 Omnino,
631 3328 770 3404 quidquid
791 3331 822 3388 in
845 3345 880 3388 eo
902 3329 1084 3389 desideratur
1106 3333 1137 3388 et
1156 3329 1346 3404 vituperatur,
1437 3359 1451 3372 ·

132 3434 162 3493 id
184 3434 397 3507 agnoscendum
418 3435 502 3494 nobis
525 3439 584 3508 est,
615 3435 693 3494 seria
713 3435 823 3507 pietate
847 3450 881 3492 ac
906 3434 1022 3493 sincera
1044 3439 1141 3492 mente
1168 3449 1247 3508 eum,
1277 3432 1346 3492 dum

133 3539 217 3613 vixit,
239 3555 293 3612 pro
315 3538 521 3612 principalibus
543 3539 602 3598 illis
626 3539 741 3598 Erasnd
763 3539 929 3613 axiomatis,
956 3537 994 3596 ad
1015 3537 1228 3598 reformandam
1253 3537 1346 3598 eccle-

134 3643 206 3702 siam
228 3643 443 3716 pertineutibus
465 3659 500 3702 ac
518 3649 637 3716 propter
660 3643 804 3702 excelsum
826 3641 913 3702 linem
936 3658 1007 3702 sane
1028 3642 1194 3718 laudandis,
1224 3642 1348 3701 viriliter

134 3762 341 3821 propugnasse.

222 3849 305 3922 Quod
332 3852 461 3924 quamvis
495 3849 577 3909 nobis
610 3855 700 3910 totam
733 3851 810 3908 illius
841 3851 930 3910 vitam
964 3848 1225 3922 contemplantibus
1259 3847 1346 3905 facile

135 3959 291 4028 appareat,
315 3953 539 4029 Vitebergenses
561 3951 642 4028 fugit.
688 3953 784 4024 Quare
806 3953 904 4012 durius
928 3967 978 4011 eos
998 3951 1035 4010 de
1051 3951 1102 4009 illo
1118 3951 1180 4009 viro
1198 3937 1346 4024 judicasse

135 4058 239 4116 mirum
263 4074 321 4118 non
344 4064 397 4117 est.
443 4054 641 4118 confitebatur
655 4057 726 4130 ipse,
749 4073 781 4114 se
797 4055 875 4114 orbis
888 4056 1004 4130 plausu,
1028 4053 1204 4113 eruditorum
1219 4067 1347 4127 mensu,

135 4161 274 4220 novitatis
290 4161 424 4234 cupidine
439 4157 617 4236 pellectum³
639 4159 677 4219 ad
696 4159 880 4219 Lutherauos
903 4159 1069 4230 transiisse,
1090 4158 1190 4230 itaque
1205 4157 1236 4214 hi
1250 4173 1348 4216 rursus

225 4431 250 4497 1)
269 4429 388 4482 Neander
405 4431 423 4482 l.
442 4446 464 4483 o.
485 4446 511 4495 p.

226 4517 253 4584 t)
272 4515 455 4580 Kampscbulte
474 4515 503 4566 de
523 4515 622 4566 Vioelio
641 4532 665 4581 p.
683 4519 724 4566 al.

224 4604 252 4671 3)
270 4603 435 4670 Duelliuger,
457 4603 498 4655 die
516 4601 690 4654 Reformation
707 4602 730 4666 1,
746 4605 786 4654 18.
