3176 5064
102 304 105 318 .
226 269 278 323 354
715 270 819 320 Pnnrrs
838 272 952 322 Puroms

482 361 490 369 ι
496 360 514 372 ι.
535 359 577 372 M*-
583 359 874 372 numum-mm·-

225 487 338 560 culpam
366 487 540 545 sustinebit?
589 485 708 546 Utinam
736 487 849 546 viveret
877 487 1015 561 uobisque
1047 487 1218 560 turpissimis
1246 487 1440 548 nebulonibus

224 592 302 650 vices
328 589 493 664 rependens
514 589 578 650 orbi
601 595 789 666 monstraret,
820 607 904 664 qnam
924 592 973 664 pie
996 591 1173 666 pulchroque
1197 597 1229 651 et
1250 594 1440 667 vosmetipsos

225 700 255 753 et
275 709 375 752 omnes
397 694 469 753 alios
491 691 753 753 reformasseust‘1

312 796 491 870 supereraut
516 803 547 856 et
575 814 628 870 per
657 798 728 857 satis
756 799 873 874 longum
902 803 1015 872 tempus
1046 804 1077 858 et
1104 798 1182 872 apud
1209 799 1305 859 varias
1335 806 1441 874 gentas

223 901 300 960 haud
330 902 428 976 pauci,
458 902 507 974 qui
535 902 659 975 primum
685 900 799 961 Erasmi
830 907 861 960 et
887 901 969 961 libris
991 908 1022 962 et
1044 902 1203 963 domestica
1230 903 1440 964 cousuetudine

224 1005 262 1064 ad
291 1005 524 1078 amplectandum
556 1006 701 1065 sincerum
737 1005 918 1081 evangelium
950 1009 1069 1080 ejusque
1099 1005 1266 1066 libertatem
1296 1008 1442 1082 perducti,

225 1109 314 1167 etiam
335 1113 524 1182 posteaquam
546 1109 619 1168 baec
642 1114 724 1168 tanta
745 1108 822 1168 bona
844 1110 900 1168 nisi
929 1116 1012 1170 extra
1032 1111 1185 1170 ecclesiam
1208 1112 1443 1172 Romanocatbo·

224 1213 309 1272 licam
339 1214 449 1272 servari
478 1229 535 1272 uon
566 1229 650 1286 posse
681 1214 902 1288 intellexerunt,
939 1215 1134 1287 gratissimam
1164 1215 1243 1274 illius
1273 1217 1328 1274 viri
1358 1217 1443 1276 velut

224 1317 321 1375 eximii
342 1316 458 1375 divinae
483 1317 680 1390 providentiae
703 1319 804 1391 organi
824 1319 994 1376 memoriam
1017 1335 1133 1393 semper
1153 1319 1347 1379 retinuerunt.
1391 1320 1441 1379 Ex

224 1437 346 1494 quorum
366 1437 487 1481 numero
506 1421 713 1481 nobilissimum
734 1422 886 1496 Polonum,
906 1422 1049 1482 Joaunem
1072 1439 1090 1482 a
1111 1423 1221 1496 Lasco,
1243 1423 1443 1500 producimus,

224 1525 272 1597 qui
292 1525 392 1596 iniqua
414 1524 591 1598 quorundam
613 1524 650 1585 de
672 1527 723 1585 illo
741 1526 852 1600 judicia
872 1526 917 1584 his
939 1527 1036 1588 verbis
1057 1527 1191 1601 repellit:
1215 1527 1309 1602 ,Nihil
1326 1527 1439 1603 dubito,

224 1627 294 1699 quin
323 1627 477 1700 Erasmus,
507 1630 533 1686 si
563 1645 641 1686 nune
670 1629 795 1702 viveret,
825 1631 946 1702 aequior
974 1631 1065 1688 multo
1095 1631 1179 1690 nobis
1208 1629 1322 1690 futurus
1351 1639 1442 1692 emet

225 1729 283 1790 Sed
308 1731 397 1791 habet
419 1733 540 1805 quisque
566 1732 706 1791 donorum
733 1748 849 1791 suorum
871 1734 999 1808 modum,
1030 1739 1064 1792 ut
1088 1750 1146 1794 non
1168 1736 1309 1808 possimus
1331 1736 1442 1810 ubique

223 1836 320 1894 omnia
356 1841 387 1895 et
421 1837 530 1895 multa
567 1836 683 1895 adhuc
719 1853 914 1912 superesse
947 1842 1044 1912 puto,
1079 1854 1168 1911 quae
1203 1856 1296 1898 nunc
1329 1840 1444 1900 etiam

224 1940 435 2013 ignoramus.
481 1939 616 1999 Nostrum
646 1946 693 2000 est
721 1940 757 1999 de
789 1941 825 1999 iis
855 1941 937 2000 uobis
967 1942 1121 2015 gratulari,
1153 1959 1229 2016 quae
1250 1943 1331 2002 Deus
1352 1951 1443 2018 prout

224 2043 282 2100 vult
300 2045 384 2116 juxta
406 2042 473 2104 fidei
493 2049 608 2104 nostrae
631 2061 795 2104 mensuram
818 2043 951 2104 conferre
973 2045 1004 2103 in
1026 2061 1077 2104 nos
1098 2045 1241 2120 dignatur.
1286 2049 1334 2106 Ita
1350 2052 1382 2106 et
1401 2047 1442 2110 de

224 2146 339 2206 Erasmi
367 2147 464 2222 donis,
492 2163 567 2222 quae
596 2164 665 2207 sane
694 2154 725 2208 at
753 2148 879 2223 plurima
906 2157 937 2208 et
962 2151 1087 2208 maxima
1107 2147 1196 2210 fuisse
1219 2167 1329 2226 negare
1353 2169 1443 2212 nemo

223 2255 332 2324 potest,
361 2252 503 2324 gratulari
533 2253 615 2311 nobis
643 2252 746 2312 merito
774 2252 926 2326 Deumque
955 2255 986 2314 in
1016 2253 1074 2312 illis
1104 2271 1263 2328 agnoscere
1291 2253 1443 2315 debemus.

224 2353 256 2412 Si
277 2355 346 2428 quid
375 2361 473 2416 autem
503 2357 625 2429 amplius
649 2372 701 2416 nos
723 2357 848 2416 assecuti
871 2356 955 2416 nobis
977 2357 1122 2431 videmur,
1152 2357 1183 2416 id
1205 2375 1318 2433 quoque
1341 2375 1359 2418 a
1379 2359 1442 2420 Do-

225 2459 302 2518 mino
325 2459 407 2518 uobis
430 2458 567 2520 donatum
590 2456 790 2535 cogitemus.‘¹

310 2561 345 2619 In
367 2562 464 2622 media
486 2563 610 2622 ecclesia
624 2562 897 2624 Romanocatholica
912 2563 1050 2625 Erasmm
1072 2567 1173 2626 unicus
1196 2568 1328 2628 veritatis
1351 2583 1442 2629 evau-

223 2666 336 2739 gelieae
365 2667 448 2725 tastis
478 2673 509 2726 et
537 2665 643 2726 vindex
671 2668 714 2727 ita
734 2666 803 2743 fuit,
833 2674 865 2727 ut
889 2685 983 2729 sermo
1006 2672 1069 2744 ejus
1091 2669 1297 2732 audacissimus
1319 2688 1371 2746 pro
1393 2673 1442 2731 in·

222 2769 305 2841 genti
331 2770 519 2844 aucwritats,
550 2787 607 2845 qua
629 2771 707 2832 inter
729 2777 848 2831 cunctas
870 2779 974 2846 gentes
997 2775 1096 2834 curiae
1119 2775 1250 2856 addictas
1277 2775 1441 2852 fruebatur,

224 2879 255 2932 et
277 2872 314 2932 ab
337 2873 467 2934 omnibus
490 2873 639 2934 audiretur
659 2882 690 2934 et
712 2875 750 2935 ab
773 2877 916 2936 acclesiae
938 2878 1121 2953 proceribus,
1142 2878 1237 2952 quoad
1258 2881 1342 2954 vixit,
1365 2881 1441 2941 tole·

223 2982 346 3037 raretur.
396 2978 551 3038 ‘limabant
578 2979 703 3054 scilicet,
731 2996 770 3039 ue
798 2996 904 3040 novum
926 2986 1038 3041 tautum
1060 2982 1257 3042 adversarium
1281 2985 1336 3044 sibi
1360 2987 1440 3044 cuci-

223 3087 334 3156 tarent,
363 3080 393 3140 id
421 3082 498 3155 quod
526 3089 556 3141 et
582 3083 760 3143 nicandrum
788 3089 889 3158 aperte
919 3083 1082 3146 comesum
1112 3102 1177 3146 esse
1205 3089 1437 3148 memoravimus.

222 3187 289 3260 Ipse
308 3185 461 3261 Erasmus,
485 3193 517 3246 ut
538 3187 672 3261 vidimus,
695 3188 876 3248 divinaverat
897 3189 959 3249 lora
979 3195 1026 3264 ut,
1047 3189 1097 3249 ubi
1110 3198 1175 3264 post
1195 3192 1303 3265 primas
1317 3192 1432 3252 illorum

222 3295 383 3365 temporum
412 3297 600 3365 tempestates
629 3293 790 3377 respiraret
817 3294 1035 3368 pharisaismus,
1073 3296 1197 3355 servitus
1227 3295 1435 3370 duplicaretur.

222 3394 304 3466 Quod
332 3394 382 3454 ubi
412 3397 523 3470 euenit,
551 3398 630 3457 inter
651 3397 745 3471 prima
766 3398 908 3472 pristinae
931 3397 1090 3459 debilitatis
1113 3401 1196 3472 quasi
1217 3401 1348 3474 piacula,
1378 3401 1437 3462 ite

222 3513 308 3557 mana
337 3500 418 3558 curia
447 3499 716 3560 condemnationem
747 3501 860 3560 Erasnd
890 3501 1053 3576 postulauit
1106 3504 1169 3576 Qua
1197 3520 1231 3564 re
1262 3505 1318 3578 ipsi
1346 3504 1435 3564 dura-

222 3609 317 3662 turam
362 3605 424 3676 eJus
460 3605 688 3677 magnitudinem
730 3605 813 3664 inviti
854 3605 1089 3682 celebraverunt,
1138 3608 1252 3668 etiamsi
1298 3625 1435 3681 maguum

221 3723 288 3766 eum
320 3707 416 3766 uocari
445 3709 476 3766 in
506 3707 647 3782 llispania
675 3709 789 3782 publico
818 3708 913 3769 edicto
935 3710 1057 3770 vetitum
1077 3717 1130 3771 ast.
1177 3711 1432 3773 Condemnationis

221 3829 291 3885 opus
317 3817 382 3886 post
410 3817 531 3871 mortem
554 3815 616 3886 eius
639 3811 786 3886 inceptum
808 3812 1004 3872 cardinalium
1028 3832 1099 3888 quos
1124 3815 1261 3890 diximus,
1291 3815 1438 3876 consulta·

221 3917 314 3990 tione,
342 3916 511 3989 apatribus
535 3917 712 3976 Tridentinis
735 3922 766 3977 et
786 3917 822 3977 ab
842 3917 950 3978 Indicis
972 3918 1095 3978 Romani
1114 3924 1145 3979 et
1167 3919 1290 3994 Hispani
1312 3921 1438 3995 scripto·

220 4019 299 4078 ribus
329 4017 491 4095 perfectum
520 4027 572 4080 est
622 4019 751 4081 Collecta
780 4021 896 4095 quidem
922 4021 1038 4082 Erasmi
1068 4039 1159 4097 opera
1186 4039 1223 4082 ex
1253 4023 1436 4084 bibliothecis

221 4123 375 4185 excludere
406 4127 495 4184 etiam
517 4130 586 4185 tunc
608 4141 664 4184 uon
687 4127 750 4186 ausi
778 4131 858 4201 sunt,
887 4127 968 4199 quasi
995 4127 1120 4200 puderet
1141 4143 1192 4187 eos
1216 4128 1268 4187 illa
1290 4129 1353 4188 sine
1375 4128 1436 4190 ullo

309 4294 334 4361 1)
355 4295 534 4346 Lanterbach's
551 4294 688 4361 Tagebucb
706 4311 732 4358 p.
746 4301 802 4346 147.
824 4322 856 4332 -
875 4293 984 4345 Lntberi
1000 4309 1061 4360 opp.
1077 4295 1162 4348 carm.
1180 4295 1218 4346 ed.
1232 4295 1290 4347 an.
1305 4294 1339 4361 (a.
1354 4298 1435 4364 1561)

219 4379 256 4429 v1
274 4385 333 4432 193.
370 4381 535 4432 Sackendoril
550 4381 590 4431 111
609 4398 635 4447 p.
649 4386 707 4434 lot.

307 4465 332 4531 2)
355 4467 462 4517 Jounuis
486 4485 501 4517 a
524 4469 607 4518 Lusco
630 4484 691 4532 opp.
709 4467 748 4519 ed.
767 4468 874 4532 Kuypar
891 4466 932 4528 n,
949 4471 1010 4517 584.
1053 4467 1091 4519 Ol.
1114 4465 1233 4518 Naaudar
1254 4467 1272 4517 l.
1290 4483 1312 4520 c.
1336 4484 1361 4532 p.
1384 4473 1432 4521 181

217 4551 326 4616 Dalton,
345 4553 476 4604 Jobauues
494 4570 509 4604 a
527 4555 609 4604 Lusco
629 4569 653 4618 p.
669 4557 725 4603 113.
