3194 5042
700 278 788 332 Carur
806 279 867 334 Vll.
1348 283 1396 338 191

88 489 92 498 ’
157 482 256 556 atque
278 479 458 555 intellegunt
480 480 517 539 de
539 499 574 540 ea
596 480 752 540 tolerantia
773 499 842 540 vere
865 482 1039 556 christiana,
1063 501 1122 560 qua
1144 484 1281 561 quisquis
1303 485 1399 546 imbu-

159 589 216 645 tus
239 589 285 646 est
312 587 530 646 sanctissimam
553 588 653 662 fidem,
683 606 771 666 quam
794 588 919 648 firmiter
947 587 1013 666 ipse
1035 593 1129 665 tenet,
1156 595 1276 668 propter
1302 591 1399 668 ipsam

163 693 353 755 sanctitatem
380 711 440 753 nou
467 694 533 753 vult
560 695 698 772 cuiquam
726 699 848 754 externa
874 696 904 754 vi
932 697 1062 772 obtrudi,
1091 698 1143 758 sed
1170 697 1262 758 libero
1285 703 1315 759 et
1338 699 1398 759 siu-

164 817 232 862 cero
254 801 354 860 animo
376 801 485 879 accipi3
510 806 641 862 errantes
660 821 728 862 cum
751 803 884 880 apostolo
903 821 937 863 ea
960 804 1081 864 caritate
1099 805 1299 882 amplectitur,
1323 825 1399 884 quae

165 907 278 982 ,omnia
301 909 417 982 suffert,
444 909 549 984 credit,
573 914 684 986 sperat,
714 911 868 987 sustinet‘;
898 929 948 970 eos
970 911 1111 990 denique,
1135 913 1187 991 qui
1209 913 1398 990 pertinaciter

164 1015 283 1076 veritati
305 1016 462 1090 resistunt,
490 1034 528 1076 ex
551 1017 685 1093 ejusdem
711 1018 838 1094 apostoli
865 1019 990 1078 concilio
1013 1019 1138 1094 devitat,
1167 1020 1219 1080 sed
1241 1039 1301 1080 nou
1328 1039 1397 1080 cum

164 1121 328 1182 Themistis
350 1122 467 1183 devita
489 1123 635 1184 tollendos
653 1129 744 1184 curat
791 1124 893 1185 Talem
911 1125 1097 1186 tolerantiam
1120 1145 1190 1186 vere
1206 1127 1395 1188 christianam

163 1229 297 1290 ridentes
319 1230 450 1291 Jesuitae
477 1249 638 1310 eorumque
666 1231 781 1292 sodales
809 1233 946 1292 omnibus
968 1233 1002 1292 in
1024 1234 1111 1294 terris
1134 1234 1334 1312 postulabant,
1362 1241 1397 1294 ut

164 1337 246 1397 idem
265 1338 329 1414 jus,
357 1339 435 1416 quod
458 1339 568 1399 Romae
595 1339 750 1418 usquead
777 1340 867 1400 linem
890 1341 1010 1418 Papalis
1032 1340 1117 1417 regui
1139 1342 1269 1418 vigebat,
1297 1342 1395 1402 ubivis

164 1444 308 1506 ecclesiae
330 1445 479 1506 Romanae
501 1447 716 1508 attribueretur.
763 1447 819 1506 His
842 1447 993 1524 magistris
1016 1465 1090 1508 usus
1112 1448 1185 1508 Pius
1204 1448 1256 1508 IX.
1280 1449 1395 1524 syllaba

165 1570 220 1612 suo
239 1553 385 1612 famosum
408 1553 494 1612 illum
517 1573 659 1614 canonem
679 1555 846 1632 pmposuit,
870 1573 958 1633 quem
981 1555 1129 1632 integrum
1152 1557 1207 1616 hoc
1230 1555 1293 1616 loco
1311 1575 1394 1634 repe-

164 1660 271 1720 timus:
305 1659 350 1734 ,Si
373 1661 442 1737 quis
464 1661 587 1736 dixerit,
614 1681 632 1721 a
655 1661 773 1722 Christo
796 1662 922 1722 Domino
945 1667 975 1722 et
998 1662 1148 1724 Salvatore
1169 1668 1270 1724 nostro
1292 1663 1394 1725 Eccle-

165 1766 227 1827 siae
254 1767 388 1828 collatam
417 1773 532 1828 tantum
560 1769 655 1829 fuisse
676 1773 853 1846 potestatem
881 1770 1026 1848 dirigendi
1054 1789 1107 1848 per
1130 1771 1254 1832 consilia
1276 1777 1306 1832 et
1329 1789 1395 1832 sua-

166 1875 278 1950 siones,
310 1894 370 1934 non
397 1894 466 1936 vcro
494 1876 583 1936 eham
607 1877 731 1953 jubendi
758 1895 812 1954 per
838 1877 933 1953 leges,
965 1895 1000 1938 ac
1022 1877 1123 1938 devios
1150 1883 1395 1958 contumacesque

165 1981 309 2042 exteriore
333 1983 445 2059 judicio
472 2002 507 2043 ac
536 1983 702 2044 salubribus
730 1984 833 2061 poenis
861 1985 1014 2044 coercendi
1042 1989 1131 2062 atque
1158 1985 1294 2061 cogendi,
1326 2005 1394 2045 ana-

165 2090 264 2149 thema
287 2091 346 2150 sit‘.
394 2090 487 2168 Cujus
506 2091 628 2151 canonis
651 2091 735 2169 quasi
757 2091 910 2167 ingenium
933 2096 963 2151 et
980 2092 1113 2150 animum
1136 2111 1225 2171 quam
1243 2095 1341 2152 astute
1363 2098 1394 2153 et

164 2201 300 2274 proterve
322 2197 463 2258 lesuitica
489 2217 558 2276 pars
586 2199 675 2258 etiam
702 2199 733 2256 iu
758 2197 915 2259 Germania
941 2217 1102 2275 propagare
1125 2199 1284 2274 studuerit,
1311 2201 1393 2260 brevi

164 2305 374 2365 enarravimus

271 2411 364 2472 Nemo
396 2413 527 2490 pmdens
558 2413 716 2490 ignorabit,
749 2412 821 2490 quid
848 2411 1040 2488 judicandum
1073 2413 1114 2473 sit
1144 2413 1181 2474 de
1213 2414 1393 2488 ,salubribus

164 2519 226 2578 illis
249 2520 365 2596 poenis‘
393 2521 488 2599 deque
511 2519 710 2582 eeclesiastico
735 2538 836 2580 earum
859 2520 1086 2596 infligendamm
1111 2521 1179 2598 jore
1200 2540 1219 2580 a
1240 2521 1294 2582 Pio
1317 2541 1394 2600 papa

165 2631 316 2704 tantopere
347 2627 465 2688 laudato
496 2633 527 2690 et
557 2628 728 2689 desiderato.
784 2627 917 2688 Salubris
949 2629 1029 2688 enim
1061 2647 1155 2706 poena
1186 2647 1256 2706 prae
1287 2631 1393 2690 ceteris

164 2753 254 2810 rogus
283 2736 449 2812 vocabatur,
481 2755 540 2814 quo
568 2756 606 2798 ex
633 2736 808 2796 clandestini
834 2735 940 2813 judicii
967 2735 1148 2814 inquisitorii
1176 2738 1323 2798 sententia
1349 2742 1394 2798 tot

164 2841 207 2918 pii
234 2841 368 2902 homines
396 2844 516 2902 cremati
549 2849 627 2904 sunt.
674 2844 807 2904 Salubris
840 2844 954 2904 scilicet
980 2863 1087 2922 poena,
1120 2845 1189 2922 quia
1216 2845 1265 2905 vel
1292 2845 1392 2904 miseri

165 2949 299 3009 homines
322 2955 395 3010 ante·
413 2955 537 3009 mortem
559 2955 669 3010 terrore
691 2951 834 3027 perculsi,
862 2952 971 3028 partim
993 2952 1079 3011 etiam
1106 2951 1138 3010 iu
1164 2956 1309 3011 tormenta
1331 2951 1391 3010 dati

164 3056 305 3133 pristinas
331 3058 493 3118 sententias
516 3062 735 3132 revocaverant,
763 3057 812 3116 vel
834 3057 985 3117 Pharisaei
1010 3057 1127 3134 judices
1149 3062 1392 3134 postsumptum

164 3165 201 3224 de
228 3165 267 3224 iis
295 3164 476 3242 supplicium
503 3183 557 3242 pro
584 3163 797 3224 cousuetudine
821 3163 881 3238 jam
910 3165 946 3223 ab
968 3163 1091 3223 Erasmc
1114 3163 1206 3222 relata
1232 3163 1302 3222 illos
1325 3181 1391 3224 sen·

165 3272 272 3332 tertias
300 3289 382 3346 suas,
414 3290 567 3332 revocasse
593 3271 823 3346 mentiebantur,
855 3275 890 3329 ut
916 3270 1025 3346 vulgus
1057 3274 1136 3330 certe
1164 3269 1322 3330 salutarem
1354 3269 1391 3330 iis

164 3397 288 3456 poenam
316 3379 409 3439 fuisse
436 3379 575 3440 crederet
621 3377 715 3452 Quam
738 3377 867 3456 graviter
889 3383 968 3438 esset
990 3377 1158 3452 ferendum,
1186 3377 1264 3454 quod
1292 3381 1392 3436 nostro

164 3487 264 3546 seculo
291 3486 413 3546 saevitia
439 3487 471 3546 iu
494 3485 655 3548 haereticos
683 3486 772 3546 ctiam
800 3485 855 3544 sub
878 3483 1033 3545 Borboniis
1056 3483 1167 3544 Italicis
1194 3489 1227 3544 et
1251 3483 1391 3562 Hispani-

163 3594 207 3653 cis
233 3594 271 3654 iis
298 3597 426 3668 tannim,
454 3612 529 3672 quas
556 3593 796 3668 memoravimus,
828 3592 991 3652 rationibus
1018 3591 1150 3652 exbiberi
1177 3596 1291 3670 posset,
1318 3591 1391 3652 Pius

163 3701 333 3761 canonizato
356 3702 443 3762 Petro
466 3703 582 3762 Arbues
604 3705 729 3762 testatus
756 3705 815 3776 est,
844 3699 980 3760 Civilitas
1002 3699 1145 3759 catholica
1166 3698 1249 3758 illius
1271 3699 1391 3758 nomine

162 3808 281 3869 disertis
299 3809 398 3868 verbis
415 3809 582 3869 declaravit
629 3807 794 3885 Magnificis
813 3807 950 3866 laudibus
968 3811 1053 3866 atrox
1071 3805 1124 3866 illa
1141 3811 1230 3883 atquc
1247 3805 1391 3865 horrenda

162 3915 321 3976 crudelitas
344 3917 531 3992 efferebatru,
555 3933 613 3994 qua
635 3933 695 3975 non
718 3919 834 3974 tautum
854 3913 1023 3974 Lutherana
1045 3913 1097 3974 sed
1120 3913 1209 3972 etiam
1231 3912 1390 3986 Erasmica

162 4042 251 4102 quam
282 4041 386 4084 vocare
413 4023 510 4099 licuit,
542 4022 710 4082 reformatio
737 4022 816 4100 apud
842 4021 1043 4082 Romanenses
1075 4025 1179 4097 gentes
1206 4037 1260 4098 per
1291 4019 1391 4080 secula

162 4149 323 4210 suppressa
345 4135 398 4190 est.
445 4130 494 4191 Sic
521 4129 635 4190 scilicet
657 4128 815 4189 Pontifices
843 4133 957 4189 servata
984 4127 1054 4188 fidei
1080 4127 1193 4187 unitate
1221 4127 1331 4204 optime
1353 4127 1391 4186 de

161 4237 249 4298 Italia
271 4237 427 4314 meurisse,
451 4237 530 4298 caeci
552 4255 654 4298 comm
676 4235 855 4311 adulatores,
881 4235 1012 4296 caritatis
1035 4233 1173 4295 historiae
1195 4239 1247 4295 aut
1268 4251 1390 4312 prorsus

161 4344 258 4420 ignari
285 4351 336 4406 aut
362 4345 462 4404 frivoli
489 4349 704 4422 contemptores
731 4343 868 4404 dictitant
893 4361 929 4403 ac
954 4361 1051 4420 nuper
1077 4342 1166 4402 etiam
1187 4341 1281 4402 leoni
1303 4339 1389 4401 ΧΠΙ.

161 4457 379 4529 persuaserunt
429 4453 561 4528 Curiam,
593 4451 729 4529 quamvis
756 4451 794 4510 ad
820 4455 986 4528 temporum
1012 4450 1194 4512 conditiones
1217 4467 1250 4510 se
1276 4467 1389 4510 accom-

161 4559 304 4642 modaret,
329 4565 429 4622 amen
453 4559 531 4642 quod
553 4559 591 4620 ad
613 4560 741 4622 rationes
764 4564 794 4622 et
815 4558 962 4642 principia
983 4557 1145 4640 pertineret
1167 4557 1290 4619 eandem
1313 4573 1389 4618 sem·
