3194 5042
682 273 770 328 Canna
788 273 848 327 Vll.
1329 275 1377 328 197

148 477 283 550 fecisset,
310 476 467 536 Emsrnum
495 477 528 535 in
555 477 703 552 prooemio
731 476 875 554 epistolae
901 476 1108 536 adhumanas
1133 475 1304 554 paraphrasi
1328 495 1379 536 ex-

148 584 276 660 plicatae
306 585 430 644 Romam
462 585 511 643 his
543 577 641 644 verbis
675 584 866 644 admonuisse
898 583 1138 644 nroraomrimus:
1177 583 1262 658 ,Vide
1293 601 1331 642 aa
1362 601 1379 642 e

148 692 243 751 Roma
273 692 435 768 degeneres
466 693 499 750 in
525 691 729 767 Babylonem‘.
776 691 965 752 Audiendum
996 691 1024 751 ei
1056 709 1123 752 esso
1154 691 1226 750 dicit
1252 689 1378 750 Paulam

147 798 316 876 apostolum
342 805 378 858 ut
399 799 592 877 praecipuum
619 799 771 876 religionis
794 799 968 876 magistrum
992 818 1030 859 ne
1055 799 1168 860 nesciat
1191 795 1262 876 quid
1284 797 1312 858 ei
1340 799 1380 858 sit

147 907 328 982 carendum
351 907 437 966 illum
456 907 701 968 animadvertisse
719 907 751 966 in
769 925 803 967 ea
826 907 999 967 facilitatem
1017 907 1163 985 quandam
1182 907 1268 984 cujus
1287 907 1380 966 soleat

147 1033 217 1074 esse
248 1031 348 1074 comes
375 1015 548 1089 credulitas,
580 1015 657 1074 hanc
684 1015 714 1074 in
742 1033 831 1075 causa
858 1014 952 1074 luisse
978 1019 1013 1073 ut
1039 1033 1057 1074 a
1084 1013 1320 1092 pseudapostolis
1347 1015 1378 1073 ia

147 1121 335 1181 Judaismum
368 1123 565 1199 pelliceret-ur.
622 1122 680 1184 Sed
716 1123 882 1200 apostolum
914 1139 1014 1182 curam
1052 1122 1191 1182 habuisse
1221 1127 1256 1182 ut
1287 1121 1379 1181 Roma

148 1229 311 1288 cananaea
333 1230 536 1306 resipisceret!
575 1227 632 1305 ,Ob
655 1229 712 1306 id‘,
735 1230 846 1308 inquit,
870 1235 943 1304 ,tam
967 1229 1093 1289 sollicita
1111 1229 1237 1288 deterret
1259 1247 1277 1288 a
1299 1229 1378 1288 fastu

149 1341 181 1395 et
202 1336 372 1412 insolentia,
398 1337 513 1396 aluxu
536 1342 640 1397 avocat
662 1337 699 1397 ad
723 1338 920 1412 sobrietatem,
949 1337 1160 1396 alibidinibus
1183 1337 1220 1395 ad
1243 1335 1377 1395 aestimo

149 1444 245 1518 amm,
272 1463 290 1503 a
313 1445 464 1505 ferocitate
486 1445 523 1504 ad
546 1445 745 1520 tolerantiam,
773 1463 791 1504 a
813 1444 946 1504 dissidiis
968 1445 1005 1503 ad
1028 1443 1224 1518 ooaoordiam,
1252 1462 1269 1502 a
1292 1442 1378 1501 bellis

148 1552 188 1610 ad
206 1570 316 1628 paoem.
362 1553 445 1612 Haeo
467 1557 513 1612 est
531 1552 645 1612 indoles
668 1571 736 1612 vere
755 1553 898 1628 Romana,
920 1571 1014 1630 aqua
1037 1533 1214 1626 degenerare
1231 1551 1265 1608 ht
1283 1555 1377 1626 turpe.

149 1659 229 1718 Vide
250 1677 289 1718 ne
311 1659 439 1719 eRoma
462 1660 621 1737 degeneres
644 1659 675 1719 in
695 1639 897 1736 Babylonem‘.
943 1659 1002 1720 Eos
1025 1659 1077 1738 qrai
1100 1659 1210 1718 Romae
1229 1657 1378 1718 Ciceronis

149 1767 284 1843 lingamm
303 1767 496 1842 mirabantur,
519 1767 653 1827 hortatur
675 1773 710 1827 ut
727 1769 822 1844 magis
845 1767 992 1828 delectent
1009 1767 1135 1826 Paulina
1157 1766 1306 1840 lactandia,
1329 1765 1378 1824 cui

150 1875 258 1934 salutis
290 1893 361 1934 suae
393 1893 540 1934 summam
572 1875 705 1935 debeant.
751 1875 847 1935 Simul
875 1881 973 1936 tamen
1002 1877 1091 1935 bonas
1123 1875 1238 1934 litteras
1265 1873 1297 1931 ia
1324 1890 1378 1932 suo

149 1983 246 2059 pretio
277 1999 396 2042 manere
428 1983 583 2058 significat
630 1982 728 2042 Etiam
759 1983 813 2042 has
845 1983 989 2061 quomodo
1021 1981 1152 2041 adhiberi
1184 1981 1310 2040 uoluerit
1340 1980 1378 2038 ad

150 2090 386 2166 impugnandum
420 2090 744 2150 antichristianismum
777 2109 845 2150 oum
881 2089 1011 2150 barbarie
1043 2094 1073 2148 et
1104 2087 1274 2166 sophisticis
1309 2087 1378 2146 arti·

151 2197 228 2256 ficiis
247 2198 437 2274 conjunctum
458 2203 593 2258 accurate
616 2215 763 2274 exponere
782 2197 958 2257 studuimus.
1003 2197 1145 2273 Magnum
1163 2196 1378 2255 reformationis

151 2305 368 2366 ecclesiasticae
386 2311 635 2384 praeparatorem,
658 2305 881 2382 praenuntium,
904 2305 1097 2382 flagitatorem
1120 2304 1185 2382 ipse
1208 2304 1379 2365 reformator

151 2413 302 2473 Lntheaus
334 2419 454 2490 secutus
486 2418 539 2474 est.
591 2412 648 2488 Qui
676 2431 769 2490 aluum
797 2417 831 2472 ut
859 2413 964 2473 fortius
992 2413 1115 2472 Erasmo
1142 2413 1290 2474 Romanae
1316 2431 1378 2472 oor-

151 2521 283 2598 ruptioni
310 2521 509 2598 evangelicam
541 2521 695 2582 urentatem
725 2526 886 2598 opponeret
917 2521 1017 2580 diuina
1043 2521 1227 2599 providentia
1258 2524 1378 2580 vocatus

151 2634 243 2703 esset,
267 2628 496 2690 vim'mendacii
519 2629 629 2690 Romae
652 2629 804 2706 regnantis
826 2635 857 2690 et
878 2629 1051 2707 tyrannides
1074 2649 1144 2690 mox
1166 2630 1204 2689 ad
1227 2629 1379 2690 offunden-

151 2737 236 2811 dum,
260 2755 349 2814 quem
373 2737 501 2812 sitiebat,
526 2739 701 2816 sanguinem
724 2757 897 2818 progressae
918 2739 1031 2816 largius
1054 2759 1143 2817 qrram
1163 2739 1305 2800 Ehasmus
1328 2755 1379 2796 ex·
1406 2779 1408 2784 κ

150 2849 254 2922 pertus
277 2849 330 2904 est.
377 2843 472 2918 Quare
495 2845 547 2904 illo
570 2847 676 2907 fortius
699 2865 734 2907 ac
752 2848 956 2908 vehementius
979 2847 1251 2908 manifestissimam
1270 2846 1380 2904 Romae

150 2952 406 3028 degenerationem
424 2953 455 3010 in
475 2951 703 3028 ,Babylonicum
721 2953 831 3013 fastum
850 2960 880 3013 et
898 2955 1091 3014 ferocitatem‘
1112 2952 1275 3026 castigavit.
1312 2949 1379 3009 Noa
1472 2967 1475 2976 ’

150 3059 249 3120 omnia
271 3061 442 3137 probamus,
466 3077 542 3136 quae
562 3061 643 3136 justa
665 3059 709 3118 ira
732 3061 871 3137 abreptus
893 3059 930 3120 de
953 3077 987 3119 ea
1009 3077 1041 3118 re
1064 3057 1274 3135 pronuntiavit.
1321 3055 1379 3115 Sed

147 3169 260 3245 justam
279 3167 344 3242 ejus
364 3167 439 3225 iram
458 3167 551 3227 larissa
574 3167 646 3226 satis
670 3185 817 3244 superque
835 3170 957 3226 constat.
1003 3165 1102 3225 Etiam
1120 3183 1212 3242 quum
1231 3179 1378 3223 commea-

150 3276 254 3336 tariolo
277 3274 403 3352 quodam
432 3275 603 3334 saevissime
626 3275 659 3334 in
682 3279 834 3351 ,papatum
857 3291 875 3331 a
897 3272 1012 3332 diabolo
1034 3272 1144 3332 Βοιιιιιθ
1171 3270 1377 3331 constitutum‘

151 3383 348 3456 inveheretur,
366 3381 597 3441 aoclumaatibus
615 3381 809 3441 nobilissimis
827 3379 1000 3457 aequalibus
1018 3397 1085 3438 eum
1104 3383 1206 3438 contra
1223 3377 1308 3438 Pauli
1323 3377 1377 3437 ΠΙ.

150 3491 325 3568 pravitatem
353 3507 422 3550 uere
449 3489 621 3549 diabolicam
650 3489 816 3548 surrexisse
843 3505 941 3546 rerum
968 3491 1116 3564 gestarum
1144 3485 1292 3547 euidentia
1318 3485 1378 3544 evi-

150 3599 246 3658 cimus
283 3603 313 3658 et
349 3597 595 3658 continuavimus.
655 3595 771 3670 Quanto
808 3613 877 3654 vero
917 3595 1042 3655 atrocior
1078 3613 1178 3672 pugna
1214 3593 1378 3672 spiritualis

150 3705 281 3765 Luthero
299 3705 438 3782 imposita
456 3709 530 3778 erat,
553 3707 634 3763 tanto
653 3703 748 3780 magis
771 3703 852 3762 hunc
871 3703 959 3762 etiam
982 3721 1016 3762 ea
1034 3721 1071 3762 cx
1090 3708 1173 3779 parta
1191 3702 1378 3774 admiramur,

151 3813 229 3889 qnod
262 3812 352 3871 simul
383 3817 482 3870 tamen
514 3809 625 3886 pressis
653 3810 768 3870 Erasini
800 3810 935 3886 vestigiis
963 3809 1089 3869 foederis
1120 3809 1199 3868 iuter
1230 3809 1378 3868 sincemm

152 3917 411 3976 Christianismum
444 3915 630 3993 spiritualem
658 3917 787 3993 jaciendi
816 3916 1039 3976 fundamentum
1072 3917 1103 3975 in
1136 3915 1261 3976 eeclesia
1291 3933 1378 3974 even·

150 4022 245 4097 gelica
267 4022 378 4098 posuit,
406 4023 527 4099 adjutus
549 4023 581 4081 in
610 4041 643 4083 ea
665 4042 698 4083 re
725 4024 854 4100 ingenuo
877 4029 965 4102 atque
993 4023 1118 4084 fecundo
1141 4021 1378 4083 Melanchtbonis

150 4127 277 4203 ingenio,
323 4129 413 4206 Apud
432 4130 724 4192 Romanooatholicos
747 4150 829 4207 vero,
853 4150 911 4210 quo
934 4131 1024 4191 latius
1047 4131 1111 4191 illio
1133 4131 1295 4190 inveterata
1317 4148 1379 4189 cor·

149 4233 248 4314 ruptio
279 4254 297 4295 a
323 4236 446 4298 lesuitis
478 4237 668 4315 potissimum
699 4237 889 4300 immoderate
920 4244 1006 4299 aucta
1038 4239 1185 4317 serpebat,
1217 4255 1252 4298 eo
1279 4238 1379 4297 minus

150 4344 294 4422 ejusmodi
312 4345 417 4406 foedus
441 4347 589 4413 sincerum
612 4365 647 4407 aa
669 4352 846 4426 perpetuum
869 4346 994 4407 stabiliri
1016 4347 1150 4425 potuisse
1168 4346 1378 4407 demonstrari·

149 4471 224 4513 mus.
275 4453 361 4514 Unde
387 4453 420 4514 in
447 4455 614 4533 praesentia
641 4455 688 4530 fit,
718 4461 752 4515 ut
779 4474 839 4514 una
865 4474 934 4516 cum
961 4455 1166 4532 progrediente
1192 4455 1379 4532 eomaptione

149 4561 206 4622 ista
228 4561 307 4623 inter
329 4563 463 4640 ejusdem
485 4563 615 4624 fautores
638 4567 668 4624 et
690 4563 873 4639 defensores,
900 4563 971 4624 licet
993 4569 1116 4624 externa
1137 4563 1229 4622 animi
1252 4561 1379 4640 politura
