3156 5056
263 305 315 360 238
754 306 859 355 Paarrs
878 306 987 356 Pelorus

260 523 390 596 scriptis,
416 537 435 579 a
457 521 598 596 Glapicue
625 521 767 596 laudatis,
796 521 955 594 praecipue
985 521 1016 578 in
1046 518 1145 578 libello
1172 519 1209 577 de
1237 519 1372 578 libertate
1400 517 1468 576 obri·
1541 593 1542 600 ἵ

261 627 369 700 mana,
395 626 543 685 docuerat.
589 626 647 685 Sed
676 626 706 684 id
734 625 857 684 maxime
887 626 989 683 mirum
1020 629 1099 697 erat,
1129 623 1206 696 qnod
1228 622 1332 696 Glapio
1355 621 1469 680 eandem

261 732 357 804 btcm,
375 745 462 803 quem
485 737 566 788 anto
588 731 692 789 ardore
710 730 780 788 viris
802 729 974 788 doctissimis
998 735 1029 788 et
1049 729 1094 803 ,in
1113 729 1270 788 Germania
1292 727 1370 785 omni
1392 741 1470 784 exce

259 835 357 907 ptione
381 834 553 907 maJoribus‘
584 836 724 893 committi
753 852 811 892 non
839 834 925 893 aliter
954 839 1042 906 atque
1065 833 1204 892 Erasmus
1233 831 1338 904 voluit,
1368 835 1469 900 umen,

259 940 341 1012 qnasi
366 955 414 998 res
436 939 583 997 levissima
605 945 696 1014 esset,
728 955 826 998 coram
847 938 985 996 Electore
1013 935 1109 997 subito
1131 935 1321 996 dirimendam
1347 934 1469 1006 sumpsit.

259 1043 299 1100 Et
328 1041 404 1114 qnod
437 1041 475 1100 ad
508 1043 586 1114 ipsos
619 1043 684 1100 illos
717 1042 980 1115 praestantissimos
1009 1042 1135 1101 arbitros
1164 1056 1321 1112 eorumque
1351 1036 1469 1098 officinm

259 1147 402 1220 pertinet,
433 1145 463 1204 id
495 1147 605 1221 omisit,
633 1147 711 1219 quod
731 1146 870 1204 Erasmus
893 1163 958 1204 cum
980 1145 1110 1205 Lnthero
1138 1161 1253 1218 semper
1278 1141 1471 1212 contenderat,

259 1257 350 1309 totam
373 1251 599 1310 controversiam
616 1266 652 1307 ex
667 1251 810 1322 scriptura
832 1265 916 1308 saera
940 1266 1004 1308 esse
1028 1249 1261 1322 componendam.
1294 1249 1385 1306 Immo
1406 1245 1470 1302 satis

259 1352 362 1413 invola
392 1355 428 1414 de
460 1356 522 1427 ejus
551 1356 724 1413 auctoritate
755 1353 906 1413 disseruit:
940 1371 1004 1413 esee
1027 1353 1107 1412 illam
1129 1355 1205 1412 sicut
1226 1354 1342 1410 mollem
1370 1365 1470 1420 oetam,

262 1474 337 1530 quae
360 1457 428 1515 duci
450 1463 481 1515 et
503 1457 584 1516 tendi
603 1463 702 1531 posset
723 1456 761 1516 ad
778 1459 901 1530 cuiusvis
923 1457 1088 1530 libidinem,
1110 1459 1165 1516 sibi
1180 1458 1205 1516 si
1219 1455 1264 1516 les
1280 1461 1372 1528 esset,
1391 1453 1470 1512 leoile

227 1643 228 1646 Ἴ
259 1559 323 1620 fore
352 1561 502 1634 opiniones
530 1562 617 1634 longe
647 1563 792 1621 acutiores
816 1569 847 1622 et
868 1563 960 1636 magis
981 1562 1143 1636 paradoxas
1166 1577 1202 1620 ax
1225 1561 1277 1620 ille
1298 1559 1471 1632 producere3

260 1667 340 1737 cnjus
359 1665 404 1722 rei
428 1667 560 1738 exempla
583 1665 724 1738 quaedam
746 1666 824 1724 bend
847 1665 1001 1726 admodum
1015 1668 1094 1725 seria
1108 1666 1228 1726 eddidit
1265 1664 1368 1737 Itaque
1386 1659 1471 1720 semel

261 1767 370 1826 lectum
399 1775 457 1841 est,
487 1775 520 1826 ut
550 1769 587 1828 ad
614 1769 798 1829 obtinendem
821 1770 987 1844 dogmatum
1010 1770 1213 1830 certitudinem
1235 1769 1365 1828 clavibus
1387 1765 1471 1824 Petro

260 1872 336 1931 datis
357 1873 549 1946 inniteretur;
579 1873 655 1945 quod
675 1874 818 1946 quomodo
841 1891 906 1932 cnm
925 1875 1036 1947 jndicio
1056 1875 1121 1945 illo,
1151 1872 1316 1932 aansare
1337 1869 1470 1944 principi-

259 1978 370 2050 busque
391 1995 481 2051 supra
499 1979 609 2052 Papam
630 1984 661 2038 et
677 1979 838 2038 Lntherum
860 1979 1077 2053 constituendo,
1100 1985 1180 2038 stare
1201 1983 1312 2052 posset,
1335 1975 1470 2034 sollicitus

259 2099 317 2140 non
348 2087 420 2140 erat.
465 2083 561 2142 Semel
592 2084 680 2142 etiam
710 2084 819 2157 injecto
848 2089 961 2142 terrore
991 2081 1109 2143 efficere
1137 2082 1247 2155 aliquid
1273 2086 1392 2140 conatus
1415 2085 1470 2138 est:

258 2187 415 2262 quaesivit,
436 2189 567 2260 quisnam
582 2189 711 2248 Lnthero
732 2189 879 2262 praesidio
902 2188 1016 2248 iuturus
1031 2193 1123 2263 esset,
1146 2189 1171 2246 si
1185 2186 1319 2248 Caesaris
1333 2185 1470 2258 Maiestas

258 2289 345 2348 bodie
375 2291 423 2350 rel
452 2307 517 2350 cras
539 2293 675 2352 vexillum
698 2294 826 2364 erigeret
849 2293 987 2352 adversus
1008 2292 1134 2352 rebelles
1144 2288 1165 2366 ¹,
1190 2290 1364 2364 praesertim
1385 2305 1470 2362 quum

257 2395 288 2451 in
308 2394 465 2453 Germania
487 2397 579 2468 major
600 2397 762 2470 principum
784 2413 852 2470 pars
876 2397 1068 2454 ecclesiastici
1084 2402 1189 2454 essent
1223 2395 1370 2454 Nonnulla
1383 2394 1471 2450 inter·

254 2499 329 2570 jecit
355 2499 403 2556 vix
430 2498 595 2572 eredibilia,
625 2517 699 2574 quac
723 2501 934 2560 dubitationem
956 2506 988 2559 et
1009 2501 1047 2560 de
1070 2501 1178 2558 ceteris
1200 2497 1306 2558 efferre
1329 2501 1470 2571 poterant

258 2601 305 2658 Sic
328 2600 364 2658 de
384 2601 514 2660 Lutbero
537 2603 618 2661 vultu
641 2603 679 2662 ad
703 2605 932 2664 ecclesiasticam
952 2605 1171 2664 sanctimoniam
1191 2603 1348 2676 composite
1371 2599 1472 2661 testari

259 2701 385 2780 coepit²,
413 2722 498 2777 qnam
519 2707 709 2767 vehementer
733 2707 878 2767 Caesarea
899 2709 1041 2781 Maiestas
1064 2708 1260 2780 desideraret,
1288 2712 1321 2764 nt
1342 2707 1410 2764 telis
1429 2705 1472 2762 vir

258 2824 324 2866 cnm
346 2809 472 2868 ccclesia
490 2812 712 2888 conciliaretur;
734 2815 839 2886 qnippe
856 2821 887 2872 et
900 2815 944 2872 illi
959 2815 1068 2888 scripta
1085 2815 1161 2888 ejus,
1184 2818 1341 2885 numquam
1361 2809 1473 2882 ,Capti-

258 2911 332 2972 vitas
355 2913 546 2986 Babylonica‘
569 2915 739 2991 prodiisset,
770 2918 953 2990 aliquetenus
975 2919 1126 2991 placuisse.
1171 2916 1331 2976 Praeterea
1352 2913 1473 2973 offendit

257 3015 458 3089 probissimum
472 3018 634 3080 Pontannm
657 3022 719 3094 ipsa
741 3022 792 3083 illa
813 3023 906 3083 intimi
929 3021 1050 3081 allectus
1072 3022 1243 3094 ostentatio,
1260 3037 1318 3092 qne
1337 3019 1474 3078 mcerdos

257 3122 368 3181 aulicus
398 3123 445 3182 vel
473 3124 568 3184 Deum
598 3131 709 3185 testans
736 3127 786 3186 vol
813 3127 960 3200 suspirans
984 3143 1033 3185 res
1055 3125 1195 3198 quasdam
1223 3124 1474 3198 pronuntiaverat.

256 3226 392 3298 Augebat
420 3230 627 3306 suspicionem,
662 3231 740 3304 quod
769 3231 847 3290 idom
878 3229 979 3289 eodem
1009 3235 1139 3302 tempore
1169 3245 1233 3287 enm
1265 3228 1330 3286 aliis
1359 3243 1474 3300 quoque

257 3329 437 3390 clandestina
459 3335 651 3394 conciliabula
664 3335 774 3396 babuit.
810 3335 906 3407 Quare
922 3351 1010 3408 quum
1026 3335 1173 3394 Pantanus
1188 3333 1322 3406 dixisset,
1341 3331 1476 3390 Electori

256 3433 419 3490 nuntiatum
450 3452 528 3510 usse,
557 3439 633 3512 apnd
657 3438 812 3498 Gaesarem
841 3439 972 3511 quotidie
1002 3439 1160 3498 consultari
1189 3436 1227 3494 de
1258 3436 1361 3496 eadem
1384 3449 1477 3494 cauea

257 3549 289 3591 se
318 3551 375 3593 non
405 3537 544 3614 admisso,
573 3541 667 3600 lesem
700 3549 744 3600 est
772 3543 891 3617 (impio,
921 3545 1113 3602 consultatum
1144 3559 1208 3606 essa
1241 3541 1408 3613 aliquoties,
1443 3554 1476 3597 se

257 3642 355 3696 mmen
379 3655 437 3698 une
463 3646 575 3702 tantum
597 3645 662 3702 vice
684 3646 865 3720 interfuisse,
893 3664 980 3720 quum
1005 3643 1148 3706 Pontifieii
1171 3647 1261 3720 legati
1283 3645 1478 3704 vehementer

257 3749 409 3818 urgerent,
436 3751 468 3806 ut
491 3745 599 3806 Caesar
618 3747 707 3807 libros
728 3749 850 3809 Lntheri
871 3767 926 3824 per
948 3752 1113 3811 smiversam
1135 3749 1321 3810 Germaniam
1344 3747 1478 3806 comburi

253 3849 385 3924 juberet,
416 3851 468 3910 sed
491 3849 646 3910 Caesarem
669 3853 795 3912 nondum
818 3857 1008 3914 consensisse.
1060 3854 1200 3914 Securum
1221 3869 1286 3914 esse
1305 3853 1478 3912 Electorem

348 4069 372 4132 1)
392 4069 573 4118 Foerstemann
591 4083 618 4132 p.
631 4071 672 4118 50.
709 4069 860 4132 Significatu
879 4069 980 4120 videbar
998 4070 1109 4135 Glapion
1126 4070 1290 4121 Franciscnm
1304 4085 1320 4118 e
1334 4069 1480 4135 Siokimgen

259 4161 284 4203 at
296 4154 452 4218 Huttcnum‚
475 4169 540 4219 quoe
558 4154 637 4218 paulo
654 4160 712 4220 post
729 4156 786 4220 ipss
805 4156 833 4204 iu
851 4157 954 4221 negotio
974 4156 1123 4206 Lutbarauo
1139 4157 1210 4208 adiit.
1242 4155 1320 4206 Addit
1335 4155 1403 4206 idem
1424 4157 1480 4205 fere

257 4239 325 4303 pnod
345 4241 373 4290 in
391 4241 432 4291 Jo.
450 4241 532 4290 Fabri
547 4239 646 4307 judicio
664 4243 775 4308 legitur,
795 4245 993 4306 ,Franoogallos
1012 4243 1134 4294 intestine
1147 4245 1298 4295 Germaniae
1312 4245 1381 4294 bella
1392 4243 1480 4293 liben-

256 4326 354 4376 tissime
380 4326 480 4376 visuros
503 4333 530 4376 et
551 4327 618 4378 nibil
640 4327 780 4379 libentius.⁴
817 4329 899 4394 (Haec
921 4331 997 4380 verba
1017 4335 1043 4379 et
1064 4330 1122 4395 ipsa
1140 4331 1222 4381 latine
1239 4332 1306 4381 inter
1322 4331 1482 4380 Gemanica

256 4413 360 4476 scripsit
377 4410 529 4479 Fontanus).

347 4498 373 4565 2)
396 4499 436 4549 Ita
460 4500 617 4551 Soukandorl
640 4502 735 4567 optime
762 4504 839 4552 vertit
861 4502 973 4554 Pontani
997 4505 1084 4554 rerba:
1119 4505 1178 4568 ,als
1202 4506 1248 4556 bat
1272 4521 1299 4555 cr
1321 4504 1370 4555 ruit
1391 4505 1483 4556 sinum

256 4584 408 4650 geistliohan
427 4587 532 4636 Gesiebt
549 4589 722 4652 engelangen‘
743 4595 789 4638 eto.
825 4631 828 4637 .
