3144 5092
198 220 250 273 122
744 220 832 274 Garun
846 220 879 273 V.

196 422 385 484 doctissimus
408 427 437 483 et
459 422 661 500 theologorum
684 423 926 500 religiosissimus
950 424 1088 502 quisque,
1112 427 1225 484 tantam
1246 443 1315 486 esse
1339 428 1441 504 maje-

197 536 315 606 statem,
352 535 464 591 tantam
496 530 707 592 sublimitatem
739 531 829 608 hujus
861 549 983 609 epemm
1020 531 1189 592 divinorum
1220 531 1441 611 dispositionis

196 639 394 714 harmonicae,
422 643 456 698 ut
480 638 661 716 Copemieus
688 644 757 698 ante
784 639 1049 716 promulgationem
1076 640 1167 716 hujus
1193 641 1292 718 operis
1314 642 1441 702 suffici-

197 752 279 808 enter
301 747 396 806 audiri
419 764 605 824 nequaquam
628 747 764 824 potuerit.
810 746 890 806 Petit
916 747 1017 825 111111
1043 747 1243 825 philosophia,
1271 750 1351 826 petit
1377 751 1440 810 Ce-

197 855 335 933 pcrnicus
358 855 532 914 beneficium
555 853 751 914 restitutionis
774 853 806 913 11
828 855 977 930 integnrm
1000 873 1018 914 a
1039 855 1187 934 principe,
1211 856 1294 916 salvo
1316 857 1440 918 bonore

194 962 341 1039 judicum,
374 962 492 1022 eosdem
520 962 599 1020 enim
630 961 699 1021 illes
730 979 840 1022 novum
864 962 1011 1038 judicium
1035 963 1232 1039 judicaturos,
1264 982 1343 1024 nova
1378 983 1439 1025 sua

197 1071 372 1130 documenta
393 1069 586 1129 ventilatores
609 1073 639 1130 et
661 1069 790 1146 patietur
812 1074 841 1130 et
863 1069 941 1129 ultra
963 1069 1109 1147 implerat.
1147 1070 1209 1131 Vos
1231 1072 1438 1132 1111111111-

197 1177 281 1256 polae
303 1181 382 1238 recte
405 1177 524 1255 quidem
547 1181 577 1237 et
599 1176 701 1237 ordine
723 1177 851 1252 facietis,
880 1177 906 1237 si
929 1178 1111 1254 exemplaria
1135 1178 1301 1238 reverantia
1320 1179 1438 1255 judicii

197 1303 257 1345 non
280 1285 369 1361 vulgo
387 1303 502 1344 senum
525 1285 692 1362 superatio,
720 1288 751 1344 at
773 1285 850 1346 illud
877 1285 997 1345 interim
1025 1285 1141 1360 scitota,
1168 1285 1252 1346 dates
1279 1305 1335 1346 vos
1364 1305 1438 1347 esse

197 1393 413 1470 philosophiae,
442 1393 518 1453 datis
541 1393 625 1452 bonis
647 1393 815 1452 auctoribus
839 1393 921 1452 velut
948 1381 1298 1454 tabelliones'mittendis
1322 1394 1361 1453 ad
1384 1396 1436 1471 ju-

198 1500 278 1560 dices
301 1499 535 1577 defensionibus;
559 1500 659 1578 itaque
682 1501 817 1560 vendetis
836 1500 1018 1577 exemplaria
1039 1500 1158 1560 nonnisi
1180 1501 1326 1577 theologis
1347 1519 1436 1562 sum·

198 1607 263 1682 mis,
281 1607 401 1667 nonnisi
414 1607 656 1685 philosophorum
671 1607 854 1682 clarissimis,
873 1607 1145 1668 mathematicorum
1163 1609 1435 1684 exercitatissimis,

197 1715 467 1792 metaphysicerum
485 1714 738 1792 profundissimis,
757 1715 794 1774 ad
812 1733 886 1794 ques
905 1715 978 1774 miln
998 1715 1153 1793 (lepernici
1171 1719 1352 1793 procuratori
1371 1719 1436 1778 alia

197 1823 246 1882 uia
273 1841 332 1882 nen
360 1827 441 1900 patet
467 1823 577 1898 aditus,
610 1823 658 1882 his
686 1822 806 1900 quidem
837 1827 872 1882 ut
899 1823 1070 1899 dispiciant,
1103 1823 1201 1884 sintne
1228 1824 1286 1884 ista
1312 1843 1435 1884 merum

197 1931 377 1991 luxuriantis
400 1930 513 2007 ingenii
536 1935 747 2005 commentum,
770 1949 809 1990 an
831 1930 943 2007 potius,
970 1948 1008 1990 ex
1031 1931 1097 2008 ipsa
1118 1935 1223 1990 natura
1246 1931 1434 2010 deprompta,

197 2039 285 2099 rebus
308 2038 539 2100 evidentissimis
562 2038 744 2115 comprobari
766 2038 895 2115 pessint;
919 2037 982 2098 illis
1005 2056 1073 2098 vere
1096 2043 1130 2097 ut
1152 2039 1329 2115 deliberent,
1355 2059 1434 2100 uum

198 2146 343 2207 immensa
364 2147 438 2207 haee
456 2164 578 2224 operum
597 2145 764 2205 divinorum
786 2145 880 2222 gloria
901 2144 934 2204 in
952 2145 1062 2222 mrlgus
1085 2147 1251 2224 spargenda
1271 2165 1310 2206 an
1328 2148 1433 2224 petius

198 2255 396 2316 contrahenda
418 2259 448 2314 et
471 2255 550 2313 lama
572 2254 637 2330 ejus
660 2269 785 2314 censura
807 2253 1000 2330 opprimenda
1022 2253 1079 2313 sit‘

306 2361 421 2436 Quanta
439 2361 718 2438 eucumspicientia,
743 2365 852 2438 quanta
875 2365 905 2420 et
927 2378 1060 2420 summae
1082 2361 1119 2421 de
1142 2379 1201 2439 qua
1222 2361 1363 2438 agebatur
1384 2364 1433 2422 rei

199 2474 229 2529 11
252 2470 298 2529 111
321 2469 416 2546 ipsius
445 2469 536 2528 efficii
563 2468 755 2544 conscientia,
783 2472 894 2545 quanta
921 2467 1124 2528 candidissimi
1151 2469 1242 2528 animi
1269 2469 1431 2530 excelsitas

199 2577 231 2635 in
258 2577 306 2636 his
333 2577 469 2636 omnibus
493 2575 620 2650 eluceat,
648 2593 735 2635 nemo
762 2580 808 2634 est
835 2575 887 2653 qui
914 2593 975 2634 nen
1001 2575 1107 2636 videat.
1149 2575 1326 2636 Plenissime
1352 2595 1431 2637 sem·

199 2702 252 2760 per
274 2682 420 2760 Keplerus
447 2683 568 2758 agnovit
591 2682 701 2757 omnia,
730 2699 924 2760 quaeeunque
947 2683 1010 2760 jam
1038 2702 1071 2743 eo
1098 2701 1195 2762 usque
1218 2683 1369 2744 Galilaeus
1391 2687 1430 2744 ad

199 2791 416 2850 defendendum
440 2789 595 2867 Cepcmici
619 2793 750 2866 systema
772 2789 948 2866 contulerat,
976 2795 1011 2850 ut
1033 2809 1110 2850 nova
1132 2791 1278 2867 ejusmodi
1300 2793 1429 2866 adderet,

199 2899 287 2959 etiam
310 2903 399 2976 atque
421 2898 510 2958 etiam
532 2898 620 2957 illum
647 2898 837 2972 excitaverat,
866 2899 919 2958 sed
946 2898 1000 2958 sibi
1031 2915 1148 2976 quoque
1174 2897 1206 2956 in
1229 2917 1264 2958 ea
1285 2917 1318 2958 re
1340 2917 1429 2976 pecu-

198 3007 272 3067 liare
294 3006 408 3084 aliquid
430 3005 574 3066 divinitus
597 3007 769 3066 mandatum
796 3023 863 3066 1111
890 3011 920 3066 11
941 3011 1021 3066 recte
1043 3005 1118 3065 vidit
1145 3009 1175 3065 et
1197 3023 1251 3066 suo
1271 3005 1338 3082 jure
1360 3025 1427 3084 pre-

199 3116 298 3176 fessus
321 3119 374 3174 est.
420 3114 541 3192 Spirant
563 3115 651 3174 verba
673 3115 738 3190 ejus
766 3113 941 3173 acerrimum
969 3113 1125 3173 universae
1146 3113 1327 3190 reipublicae
1348 3113 1426 3173 litte-

199 3223 293 3282 ranae
315 3223 394 3282 inter
416 3239 518 3282 omnes
545 3225 649 3298 gentes
676 3225 852 3298 propagatae
879 3220 1019 3281 studium.
1066 3219 1162 3294 Quare
1184 3220 1327 3281 italorum
1350 3221 1426 3280 haud

199 3330 287 3408 pauci
314 3329 453 3407 perlectis
479 3329 542 3389 illis
569 3329 764 3414 fortissimum
791 3332 821 3388 et
848 3327 1067 3388 nobilissimum
1090 3328 1152 3387 veri
1179 3333 1424 3406 propugnatorem
1545 3359 1546 3412 3

200 3437 257 3497 sibi
284 3436 370 3515 quasi
402 3437 515 3496 socium
547 3436 752 3496 advenientem
784 3435 994 3496 salutaverunt.
1044 3435 1197 3495 Blanehus
1230 3435 1364 3496 Venetus
1394 3454 1423 3496 se

199 3544 321 3622 Kepleri
344 3544 526 3621 pmoemium
549 3542 626 3602 illud
648 3542 813 3603 ostendisse
835 3542 909 3602 dicit
931 3561 991 3602 nen
1013 3543 1098 3602 mede
1121 3542 1301 3620 bibliopolis,
1324 3561 1423 3603 verum

199 3651 424 3712 litteratissimis
452 3669 568 3728 queque
596 3649 834 3727 doctissimisque
861 3649 946 3726 viris,
974 3650 1026 3728 qui
1049 3667 1151 3710 ornnes
1179 3668 1249 3710 mex
1276 3651 1309 3708 in
1333 3650 1423 3711 incre

199 3759 320 3819 dibilem
347 3759 439 3818 tetius
466 3757 564 3835 operis
591 3757 791 3818 curiositatem
817 3757 997 3835 proruerint3
1026 3775 1123 3834 neque
1150 3757 1242 3834 igitur
1267 3757 1423 3818 verendum

199 3885 278 3943 esse,
301 3885 340 3928 ne
363 3884 556 3944 quaeeunque
579 3866 661 3943 typis
683 3865 878 3940 mandaverit,
906 3870 991 3942 grata
1013 3865 1150 3925 omnibus
1172 3869 1202 3925 11
1224 3863 1424 3942 acceptissima

200 3975 268 4035 siut.
320 3974 496 4050 ,Incumbet
528 3973 639 4051 inquit,
676 3977 722 4048 ,ut
754 3972 1000 4052 quemadmodum
1031 3977 1146 4032 ceterae
1176 3971 1312 4032 nationes
1343 3972 1423 4032 libris

199 4083 393 4160 perfruuntur
419 4081 493 4156 tuis,
526 4081 570 4140 sic
596 4080 684 4140 Italia
714 4099 832 4158 queque
859 4098 897 4140 ex
923 4079 1069 4140 fructibus
1100 4079 1162 4139 tuis
1188 4079 1370 4157 voluptatem
1397 4085 1424 4139 et

199 4188 359 4248 utilitatem
390 4187 525 4266 capiat‘l
569 4187 628 4248 Hic
658 4205 760 4248 revera
791 4187 921 4264 animus,
953 4188 1025 4248 haec
1056 4205 1116 4247 vox
1147 4191 1209 4247 erat
1239 4205 1300 4246 nen
1332 4186 1423 4262 selum

200 4295 338 4372 Blanehi,
367 4295 420 4356 sed
443 4295 604 4355 multorum
626 4294 946 4372 praestantissimorum
968 4295 1000 4354 in
1023 4294 1110 4355 Italia
1131 4295 1274 4370 virerum,
1303 4311 1422 4372 querum

308 4521 335 4589 1)
352 4519 461 4588 Kepleri
479 4518 606 4588 epistolae
631 4519 773 4588 160411.
