3188 5086
225 295 277 350 136
709 293 811 344 Pauus
831 293 946 344 Puroaus

223 511 343 584 singulis
373 511 535 584 linguarum
565 508 806 580 historiarumque
834 505 1070 581 quaestiunculis,
1100 503 1152 564 sed
1178 505 1252 564 haec
1282 507 1379 566 omnia
1400 505 1438 566 ad

223 631 364 672 summum
380 612 523 687 quendam
538 611 625 671 finem
641 612 767 686 dirigere
783 611 900 670 studuit.
944 611 1022 670 Vera
1041 609 1204 670 eruditione
1227 609 1330 670 falsam
1350 628 1439 686 oppu-

223 735 314 793 guare
339 723 369 776 et
386 733 524 791 superare
547 717 590 774 sni
616 714 702 775 officii
725 715 819 789 duxit3
842 733 981 774 summum
1003 716 1123 790 bonum,
1146 732 1182 773 ox
1202 716 1345 788 scriptura
1367 715 1438 774 hau·

222 823 365 898 tiendum,
380 823 435 881 sibi
448 839 511 880 cum
524 821 647 880 indoctis
660 821 835 894 quibuslibet
847 826 878 879 et
889 819 1066 894 simplicibus
1081 835 1230 879 commune
1244 835 1308 880 esse
1322 836 1438 894 semper

224 927 411 1002 praedicavit.
457 927 519 984 Hoc
549 925 643 984 auimo
673 931 716 984 tot
745 930 899 998 tantosque
922 925 1038 984 labores
1060 924 1151 983 sacris
1173 925 1363 984 voluminibus
1384 926 1438 984 im·

223 1031 331 1104 pendit.
376 1031 442 1090 Jam
463 1030 556 1104 primo
571 1029 649 1087 illins
663 1029 754 1088 seculi
772 1045 848 1088 anno
862 1028 963 1088 Coleto
986 1029 1156 1103 scripserat,
1179 1045 1252 1102 ,uon
1272 1027 1330 1087 dici
1352 1045 1437 1102 posse

223 1153 308 1210 quam
342 1136 415 1196 velis
446 1137 584 1209 equisque
614 1140 752 1209 properet
785 1135 823 1194 ad
852 1151 949 1194 sacras
979 1136 1108 1208 litteras,
1141 1151 1226 1208 quam
1256 1135 1353 1192 omnia
1382 1135 1437 1194 sibi

223 1240 340 1300 fastidio
362 1243 432 1315 siut,
455 1256 529 1313 quae
551 1240 632 1298 illinc
655 1257 686 1299 se
709 1245 832 1298 avocent
855 1245 906 1298 aut
929 1240 1017 1298 etiam
1039 1244 1235 1312 remorentur;
1258 1238 1380 1299 liberum
1402 1256 1438 1298 sc

223 1352 283 1405 toto
312 1351 431 1419 pectore
459 1345 571 1404 divinas
597 1346 711 1404 litteras
734 1361 765 1403 se
790 1343 930 1418 adgredi.t
974 1343 1068 1402 Multo
1089 1349 1155 1417 post
1176 1360 1194 1402 c
1215 1343 1314 1402 Natali
1335 1344 1437 1403 Bedda

224 1451 261 1508 sd
288 1448 456 1523 legendnm,
488 1454 520 1506 ut
548 1465 644 1507 coram
665 1449 789 1507 ecclesia
806 1449 861 1507 sibi
883 1449 1051 1523 vilesceret,
1080 1448 1273 1507 recentiorem
1293 1447 1438 1521 quendam
1495 1475 1498 1480 ¹

223 1555 394 1626 scriptorem
423 1553 624 1611 scholasticum
647 1552 822 1627 admonitus,
850 1553 923 1611 baec
945 1552 1115 1626 respondet:
1145 1551 1252 1626 ,Quum
1274 1553 1438 1611 neotericos

223 1659 276 1716 hos
298 1658 452 1730 scriptores
473 1657 503 1714 in
526 1673 627 1715 manus
650 1673 744 1731 sumo,
774 1658 873 1716 nescio
895 1675 950 1730 quo
972 1662 1057 1730 pacto
1079 1657 1172 1716 miuus
1194 1657 1263 1716 mihi
1287 1657 1437 1732 displiceo,

224 1778 280 1820 nec
300 1762 351 1818 ulli
374 1761 441 1818 libri
463 1761 554 1834 magis
576 1778 622 1819 me
645 1761 784 1835 dejiciunt
808 1766 838 1819 et
859 1761 1063 1836 pudefacinnt,
1086 1777 1171 1834 quam
1193 1761 1437 1834 evangelistarum
1457 1819 1458 1822 ,

224 1871 256 1926 et
278 1864 490 1938 apostolorum‘
535 1864 574 1922 Et
595 1865 653 1923 alio
676 1866 756 1939 loco,
787 1867 835 1938 ,In
856 1864 939 1924 libris
962 1864 1164 1939 evangelicis:
1187 1866 1295 1941 iuquit,
1323 1865 1438 1940 ,dimna

224 1971 366 2044 sapientia
396 1987 427 2028 se
455 1971 529 2028 mire
551 1969 677 2028 demittit
700 1969 736 2028 ad
756 1975 870 2043 ceptum
887 1971 975 2028 etium
997 1968 1186 2044 infirmorum,
1217 1975 1249 2028 ut
1271 1987 1355 2029 nemo
1377 1977 1438 2029 tam

223 2075 355 2134 indoctus
370 2089 434 2132 esse
449 2075 554 2148 possit,
574 2074 643 2146 quin
657 2072 695 2132 ad
716 2075 914 2147 evangelicam
933 2073 1140 2147 philosophiam
1156 2075 1195 2132 sit
1208 2073 1317 2134 docilis.
1362 2074 1439 2134 Tan·

223 2187 284 2238 tum
313 2178 389 2237 adsit
423 2180 549 2252 unimus,
578 2179 760 2251 quantumvis
790 2177 882 2250 rudis,
908 2177 992 2237 modo
1022 2179 1160 2253 simplex,
1190 2177 1274 2237 modo
1296 2196 1384 2252 purus
1403 2195 1438 2238 ac

222 2299 330 2344 vacuus
357 2282 394 2342 sb
423 2283 458 2340 iis
488 2283 565 2340 curis
595 2287 626 2340 et
654 2281 876 2356 cupiditatibus,
907 2299 982 2355 quae
1012 2281 1191 2341 doctissimos
1214 2284 1303 2342 etiam
1326 2281 1439 2342 Christo

222 2387 350 2447 reddunt
379 2385 537 2447 indociles‘
587 2386 769 2461 Quapropter
803 2387 929 2445 lecturos
966 2387 1004 2446 ad
1033 2387 1210 2460 precandum
1239 2389 1380 2462 bortatur,
1407 2393 1439 2446 ut

223 2493 283 2569 ille,
304 2491 355 2564 qui
372 2507 424 2564 pro
447 2491 698 2563 contemptissimis
721 2491 809 2550 etiam
832 2490 994 2550 homiuibus
1010 2497 1138 2550 mortuus
1153 2497 1211 2566 est,
1238 2493 1387 2566 impertire
1402 2493 1439 2552 iis

225 2595 361 2668 dignetur
385 2594 518 2667 spiritum
541 2610 631 2651 suum.

311 2697 479 2772 Lugendum
516 2703 613 2756 eutem
651 2714 715 2757 esse
747 2699 919 2771 scripturam
947 2698 984 2756 ab
1013 2699 1145 2758 omuibus
1174 2706 1287 2776 censet,
1324 2701 1349 2760 si
1375 2698 1439 2759 fieri

224 2803 316 2876 possit
333 2801 421 2859 etiam
438 2801 582 2859 oTurcis.
616 2801 787 2860 Christianis
804 2807 834 2860 et
848 2819 982 2876 supremo
998 2807 1029 2861 et
1050 2801 1146 2863 infimo
1168 2804 1345 2878 locopositis
1364 2805 1440 2863 banc

224 2908 380 2968 lectionem
408 2911 441 2963 ut
467 2905 594 2964 divinum
624 2906 766 2978 quoddam
795 2907 978 2981 privilegium
1008 2908 1121 2980 pariter
1150 2925 1216 2968 esse
1238 2908 1439 2982 expetendam.

224 3011 259 3072 Id
280 3016 312 3069 ut
322 3011 481 3084 indicaret,
504 3027 590 3084 quum
604 3011 693 3069 libros
708 3027 774 3069 suos
789 3011 956 3070 clarissimis
969 3012 1040 3070 viris
1062 3013 1210 3072 dedicatos
1232 3031 1285 3087 pro
1300 3014 1442 3087 acceptis·

223 3117 303 3175 simis
325 3115 407 3175 donis
429 3113 466 3172 ab
488 3115 525 3172 iis
543 3115 644 3174 haberi
667 3115 792 3190 videret,
827 3116 949 3190 siugulis
971 3117 1129 3189 evangeliis
1150 3118 1369 3191 paraphrastice
1392 3134 1441 3177 ox·

224 3221 338 3294 plicatis
379 3220 493 3294 singula
532 3237 706 3278 summorum
741 3220 875 3293 Europae
916 3219 1081 3294 Principum
1124 3223 1241 3280 uomina
1280 3222 1440 3296 praemisit,

225 3324 347 3396 adjectis
377 3323 473 3382 verbis
507 3324 545 3382 ad
573 3339 753 3382 communem
782 3341 883 3397 pacem
914 3328 944 3382 et
966 3325 1138 3384 christianas
1160 3327 1281 3386 virtutes
1304 3326 1442 3386 colendas

225 3427 455 3485 admonentibus.
499 3427 544 3484 Ex
566 3428 669 3500 quibus
691 3428 828 3486 nonnulla
850 3429 898 3486 hic
922 3428 1049 3488 aderam.
1095 3431 1129 3488 In
1152 3431 1275 3504 epistola
1297 3431 1334 3490 ad
1352 3429 1442 3489 (laro-

224 3531 283 3588 lum
305 3531 340 3590 V.
370 3532 507 3603 leguntur
537 3530 622 3589 baec:
654 3531 736 3604 ,Non
763 3531 863 3590 doctor
891 3539 936 3591 est
966 3535 1108 3608 evangelii
1141 3534 1263 3608 Caesar,
1293 3535 1346 3594 sed
1375 3551 1445 3608 pro·

224 3639 381 3708 pugnatum
410 3633 517 3707 fateor,
546 3635 597 3692 sed
620 3635 737 3693 iuterim
759 3651 814 3708 par
834 3643 880 3694 est
900 3653 958 3695 non
980 3637 1116 3711 ignorare
1134 3637 1181 3713 id,
1207 3655 1261 3712 pro
1284 3655 1340 3712 quo
1360 3654 1444 3696 arma

224 3739 319 3798 sumis.
364 3737 494 3810 Legetur
516 3743 612 3796 autem
634 3755 743 3797 summo
764 3756 829 3797 cum
850 3739 961 3815 fructu,
983 3742 1009 3799 si
1026 3743 1146 3816 quisque
1166 3743 1221 3802 hoc
1237 3743 1332 3802 animo
1347 3747 1443 3801 sumet

223 3845 254 3903 in
277 3860 391 3916 manus,
422 3848 454 3901 ut
478 3842 573 3915 seipso
597 3843 737 3902 reddatur
764 3845 880 3918 melior3
911 3862 965 3904 nec
989 3847 1187 3920 evangelicam
1209 3848 1380 3921 scripturam
1402 3847 1442 3906 ad

223 3965 290 4007 suos
310 3947 508 4006 accommodet
529 3946 662 4021 affectus,
685 3949 737 4006 sed
757 3965 837 4007 suam
861 3950 950 4007 vitam
966 3966 1089 4023 suasque
1105 3951 1277 4023 cupiditates
1297 3951 1335 4009 ud
1355 3949 1443 4024 hujus

223 4052 353 4124 regulam
381 4051 525 4126 comigst.‘
570 4051 616 4110 hd
637 4051 825 4110 Franciscum
854 4069 954 4128 regem
984 4053 1096 4112 scribit:
1127 4055 1238 4128 ,Nihilo
1260 4055 1354 4113 minus
1376 4070 1443 4112 san·

223 4155 317 4228 guinis
345 4155 484 4214 Dominus
521 4157 646 4215 omnium
673 4157 759 4215 lesus
787 4157 917 4216 Christus
952 4155 1052 4218 effudit
1085 4175 1138 4232 pro
1175 4159 1351 4218 redimendis
1382 4157 1442 4216 illie

224 4257 383 4332 quamlibet
405 4263 589 4335 contemptis,
612 4277 697 4334 quam
719 4277 771 4335 pro
793 4263 908 4320 summis
924 4263 1096 4323 monarchis.
1143 4263 1293 4337 Quumque
1307 4263 1444 4321 venietur

224 4361 260 4419 cd
284 4361 390 4421 Christi
411 4363 553 4438 tribuual,
576 4381 632 4437 quc
655 4365 737 4424 brevi
759 4365 880 4424 sistendi
904 4371 971 4424 suut
991 4383 1090 4426 omues
1112 4367 1292 4440 quantumvis
1306 4371 1442 4439 potentes

222 4465 307 4539 hujus
336 4467 432 4524 mundi
463 4472 615 4541 satrapae,
645 4484 702 4526 non
732 4469 825 4526 minus
858 4476 958 4528 exacte
988 4471 1132 4530 rationem
1163 4471 1261 4545 exiget
1280 4469 1368 4544 judex
1390 4470 1442 4528 ille

222 4585 340 4632 severus
366 4588 417 4648 pro
441 4573 625 4646 pauperculis
659 4571 717 4630 illis
750 4589 835 4649 quam
866 4589 919 4652 pro
945 4575 1071 4654 satrapis
1099 4591 1134 4634 ac
1160 4575 1361 4652 magnatibus*
1406 4574 1443 4636 Ia
