3188 5086
695 311 788 368 (duur
805 313 855 368 m.
1344 319 1380 376 99

158 536 217 590 aut
237 529 332 604 potius
354 546 391 590 ex
404 545 478 604 rogo
492 527 626 590 nefandis
648 529 746 590 imm
766 531 899 591 mnibus
914 537 1058 608 extortas,
1077 533 1210 594 omnibns
1228 531 1381 596 reddere¹

158 633 297 708 Denique
317 639 387 694 aute
408 634 463 694 hos
483 640 601 694 eentum
622 634 686 694 iere
708 651 799 696 annos
820 641 912 695 toturn
927 635 1124 696 Guioeierdini
1146 656 1228 713 opus,
1250 639 1328 712 quod
1349 646 1382 699 et

158 739 231 798 aliis
247 739 399 812 permultis
419 739 490 798 loeis
509 754 528 798 a
550 739 719 799 censoribus
736 740 899 800 mutilutum
920 740 1030 816 iuerat,
1050 743 1196 815 integrum
1210 743 1379 804 Florentino

159 842 268 902 Italioa
293 843 393 916 Qus
414 842 523 902 editum
545 849 607 918 est,
637 843 689 903 sed
714 861 753 904 ne
774 851 843 904 tuno
864 845 981 918 quidem
1002 847 1065 904 sine
1088 847 1227 906 ementito
1245 845 1381 908 ottieinao

160 947 245 1022 qussi
277 946 469 1008 &mames
502 943 648 1007 nomine*
699 947 783 1008 Idem
822 949 979 1010 historicae
1012 951 1145 1010 veritatis
1181 955 1275 1010 metus
1304 951 1381 1024 apud

161 1053 264 1111 euriae
291 1056 451 1112 sectatores
475 1051 624 1125 hueusque
648 1057 757 1113 munet.
807 1053 843 1111 In
871 1053 991 1128 sobolis,
1020 1055 1177 1127 praecipue
1198 1053 1381 1114 secerdotum

160 1157 345 1231 seminariis,
371 1161 488 1216 veteres
514 1156 552 1217 de
582 1156 704 1216 hbtoma
724 1156 853 1230 Papetus
882 1155 1000 1217 inbutae
1019 1159 1134 1232 sedulo,
1156 1164 1295 1231 quantum
1317 1156 1381 1218 fieri

160 1265 277 1335 potest,
302 1266 507 1334 reooquuutur.
550 1260 659 1320 Posteu
678 1276 698 1320 a
716 1259 913 1320 sacerdotibus
941 1263 984 1320 ite
1004 1262 1145 1321 institutis
1169 1263 1216 1320 vel
1237 1263 1381 1322 cremiora

164 1363 320 1424 mendacia
342 1366 468 1425 misereo
488 1365 568 1439 plebi
588 1365 783 1425 venditantur.
827 1365 1021 1425 Nihilominus
1033 1367 1143 1426 veritas
1157 1367 1305 1439 bistonios,
1327 1383 1381 1440 per

162 1470 225 1530 triu
250 1471 347 1529 secula
376 1470 463 1530 latius
486 1471 626 1530 stultius
647 1471 812 1544 exploratu,
843 1469 931 1530 etism
959 1471 1038 1530 inter
1059 1477 1163 1544 gentes
1182 1470 1381 1532 Romanenses

162 1576 200 1634 iu
219 1573 369 1648 republica
389 1574 536 1634 baeturia
549 1573 730 1649 pedetentim
748 1573 941 1650 progreditur.
986 1575 1067 1646 Quae
1090 1592 1126 1634 eo
1148 1577 1256 1635 certius
1277 1577 1381 1635 mohix

162 1678 240 1754 erit,
278 1695 335 1753 quo
367 1679 531 1753 religiosius
557 1680 642 1753 hujus
672 1685 902 1754 propugnatores
932 1695 1045 1754 eorum,
1080 1696 1155 1753 quae
1183 1681 1215 1738 in
1241 1681 1381 1753 primatus

163 1783 358 1843 eoelesiastioi
387 1785 503 1844 ratione
530 1789 562 1843 et
589 1782 696 1843 etieetu
725 1800 794 1844 sere
821 1784 980 1844 christiana
1008 1790 1040 1842 et
1065 1782 1225 1842 laudabilia
1252 1783 1380 1860 fuerunt,

162 1904 309 1948 memores
342 1905 406 1948 esse
440 1889 572 1964 student,
604 1905 700 1962 neque
733 1887 802 1948 dum
840 1889 914 1948 bueo
939 1890 1190 1964 praetermittunt,
1220 1890 1300 1961 justa
1328 1889 1381 1949 sed

162 1992 258 2051 nimia
285 1993 331 2052 irs
356 1993 471 2067 abrepti
496 2009 534 2052 ee
562 1994 626 2053 sols
654 1991 733 2066 iere,
763 2008 839 2066 quse
860 1994 938 2051 matu
960 1999 991 2051 et
1012 1993 1232 2052 anhohristiaua
1254 1992 1382 2052 sdmixts

161 2103 245 2171 sunt,
266 2102 447 2158 oouoervaut.
492 2097 574 2169 Quod
595 2097 685 2156 etde
709 2097 914 2158 Guioeierdino
936 2113 973 2156 ex
994 2103 1079 2171 parte
1099 2097 1238 2172 dixerim,
1260 2097 1382 2157 duonum

162 2217 237 2261 sane
265 2199 435 2263 Pontificum
466 2201 619 2262 admodum
653 2201 842 2276 profanorum
873 2202 1021 2260 hominum
1051 2201 1238 2278 administro,
1279 2208 1310 2262 et
1342 2201 1380 2260 de

163 2306 480 2366 Patueooathotioorum
503 2307 635 2380 pluribus
659 2307 815 2366 novissime
841 2307 1023 2366 immunitate
1045 2323 1080 2366 ex
1103 2305 1229 2366 ecelesia
1250 2305 1382 2366 Romane

164 2409 302 2483 expulds.
350 2410 478 2482 Quorum
507 2413 634 2472 animum
664 2411 758 2471 refert
789 2411 866 2470 liber
896 2410 963 2486 ille,
995 2411 1042 2470 cui
1069 2411 1172 2470 titulos
1201 2417 1247 2470 est
1279 2411 1381 2485 lanus,

162 2517 325 2575 immensae
352 2515 525 2576 eruditionis
550 2517 733 2592 opuseulum,
758 2515 927 2576 duraturum
955 2516 1046 2590 ipsius
1069 2515 1265 2575 ardentissimi
1286 2519 1381 2574 certa-

161 2619 253 2680 minis
282 2625 506 2682 monumentum
562 2620 718 2696 Equidem,
748 2637 834 2694 quum
868 2619 915 2678 hio
948 2620 1120 2680 brevissime
1158 2625 1271 2678 mutum
1303 2620 1381 2679 illius

162 2725 306 2784 historiae
336 2727 474 2800 epitome,
500 2731 533 2784 ut
559 2725 751 2785 Erusmuee
773 2723 987 2784 reformationis
1008 2725 1084 2784 ratio
1108 2729 1139 2783 et
1161 2726 1209 2798 J'us
1229 2729 1380 2798 apparent,

163 2829 457 2890 commentationibus
478 2830 563 2908 meis,
576 2829 733 2889 inserenda
753 2830 807 2904 sit,
836 2835 973 2902 quantum
994 2834 1097 2903 potero
1119 2843 1239 2902 operum
1262 2826 1380 2886 daturus

162 2950 243 3008 suun,
272 2939 306 2993 ut
335 2941 365 2994 et
387 2935 449 2994 siue
468 2934 594 3008 partium
616 2933 710 2993 studio
731 2934 828 2992 lucem
849 2949 885 2991 uo
905 2933 1044 2992 tenebras
1065 2931 1273 2992 discernendos
1293 2947 1381 3004 prae-

160 3037 265 3112 beam,
301 3044 332 3098 et
364 3039 517 3113 explicetis
552 3037 701 3097 ordinibus
734 3044 896 3112 temporum
934 3053 992 3095 uno
1022 3037 1055 3094 in
1082 3041 1238 3109 conspeetu
1270 3035 1379 3107 omnia,

160 3143 248 3215 quasi
269 3141 308 3201 ed
329 3143 419 3202 vitam
438 3147 591 3217 resonata,
612 3142 738 3202 videndo
759 3140 920 3202 exhibeam.
1011 3125 1015 3134 ’

743 3401 796 3460 111.

253 3568 457 3644 Apostolorum
478 3573 577 3630 aeuo
594 3569 804 3630 sanctissimum
823 3567 951 3628 omnium
972 3581 1043 3626 vere
1066 3565 1246 3626 credentium
1261 3567 1382 3626 unitatis

157 3673 310 3733 duculum
338 3674 369 3732 in
396 3673 555 3734 eorundem
582 3672 640 3734 fide
672 3673 769 3746 potius
798 3688 833 3731 ee
859 3673 921 3731 vite
949 3687 1036 3745 quam
1065 3671 1096 3730 in
1126 3671 1215 3729 certis
1237 3671 1380 3730 eoelesiee

157 3777 371 3854 gubernandus
400 3776 561 3838 notionibus
586 3794 622 3838 oo
643 3777 751 3851 regulis
772 3775 944 3836 intuendum
973 3773 1178 3849 praebebatur.
1222 3773 1381 3846 Episcopo-

156 3899 228 3942 rum
251 3887 282 3942 et
303 3883 539 3957 prosbyterorum
560 3883 670 3942 nullum
691 3881 776 3940 initio
798 3880 954 3939 discrimen
975 3877 1066 3938 luisse
1089 3876 1257 3936 oum'liovo
1278 3875 1382 3934 Teste·

156 3991 263 4047 mento
284 3987 476 4061 Hieronymus
495 3988 579 4046 tostis
602 3992 658 4046 est.
701 3985 809 4044 Paulus
827 3983 866 4043 ad
884 4000 984 4044 omnes
1000 3981 1180 4041 Christianos
1195 3976 1382 4038 Colossenses

156 4091 282 4166 scribit,
303 4096 337 4151 ut
350 4091 528 4166 Archippum
549 4089 689 4164 implendi
712 4089 788 4162 quod
810 4087 969 4148 aDomino
991 4085 1139 4159 occeperit
1161 4082 1290 4140 muneris
1304 4097 1382 4140 eom-

254 4413 279 4480 1)
301 4413 339 4465 Gi.
354 4413 513 4480 Heideggeri
529 4411 639 4464 historia
656 4411 770 4476 Pupstus
789 4409 894 4460 Amstsl.
913 4411 979 4460 1682
1000 4423 1025 4472 p.
1037 4405 1192 4456 itt-598.

251 4517 279 4581 i)
297 4515 426 4582 Friburgo
443 4531 567 4582 appresso
585 4514 696 4566 Miehele
714 4513 801 4564 Kluoh
820 4517 896 4564 lili.
919 4515 957 4562 4⁰.
980 4509 1088 4576 Legitur
1105 4509 1162 4560 illio
1179 4504 1289 4558 historia
1305 4504 1380 4570 regni

150 4603 269 4670 Papum
287 4605 348 4654 tour.
368 4602 390 4654 1.
409 4620 435 4669 p.
451 4605 609 4655 ess-eso.
1166 4593 1170 4602 '

1117 4646 1277 4747 utw
