3194 5042
698 276 785 332 Csrur
803 276 837 330 V.
1329 277 1381 332 159

156 482 242 542 datru
254 481 383 542 libertas.
416 479 497 554 Quae
510 480 561 540 ubi
577 480 750 556 denegatur,
769 478 865 556 ipsius
882 477 1036 555 religionis
1054 478 1168 556 puritas
1186 483 1216 538 et
1234 479 1388 540 sinceritas

156 589 373 666 impediuntur;
405 587 456 648 ubi
488 588 671 662 conceditur,
704 587 840 664 quamvis
867 586 1003 664 publicae
1030 586 1135 646 salutis
1162 603 1251 646 eausa
1283 587 1389 646 frivola

156 715 255 756 rerum
278 695 446 756 divinarum
469 695 576 756 derisio
597 696 665 772 jure
692 695 894 772 prohibeatur,
922 699 1020 754 tamen
1047 694 1069 752 ii
1093 695 1148 754 hac
1169 694 1228 754 fide
1250 694 1388 772 amplecti

157 805 255 864 adhuc
278 822 338 863 nou
361 809 535 882 potuerunt,
558 803 717 880 quominus
740 801 892 862 dubitandi
916 802 965 862 vel
987 801 1113 878 negandi
1136 807 1309 878 argumenta
1335 820 1389 862 sua

158 912 236 972 serio
264 912 415 989 proferant
441 929 501 970 non
529 915 673 970 arcentur.
721 907 802 984 Quae
829 913 1002 986 argumenta
1024 927 1062 969 ne
1085 909 1117 968 in
1140 913 1251 970 secreto
1273 913 1389 969 tanturn

158 1023 369 1097 propagentur,
405 1019 458 1078 sed
489 1023 524 1078 ut
555 1017 653 1095 palam
686 1023 872 1094 exponantur
904 1022 933 1076 et
965 1016 1179 1093 dijudicentur,
1211 1017 1233 1076 ii
1260 1017 1389 1076 maxime

158 1133 259 1204 optare
291 1127 411 1201 debent,
448 1126 556 1202 quibus
592 1125 745 1202 religionis
781 1125 959 1184 christianae
991 1123 1100 1184 veritas
1132 1123 1296 1184 certissima
1335 1129 1388 1184 est.

158 1234 240 1294 Haec
276 1234 355 1294 enim
393 1233 456 1293 sola
492 1233 611 1310 quidem
649 1232 726 1292 ritae
757 1232 918 1308 religiosae
944 1231 1127 1310 experientia
1158 1231 1390 1310 apprehenditur

159 1359 257 1418 neque
284 1345 319 1400 ut
346 1340 620 1400 mathematicorum
642 1339 822 1400 theoremata
844 1357 941 1400 merae
963 1339 1194 1400 ratiocinationis
1217 1340 1246 1398 vi
1269 1339 1389 1400 demon-

160 1449 245 1509 strari
270 1453 379 1526 potest,
402 1453 604 1508 verumtamen
628 1453 658 1507 et
681 1447 828 1524 superatis
846 1448 954 1508 iterum
972 1448 1138 1525 iterumque
1156 1447 1389 1508 adversariorum

160 1557 341 1633 argumentis
369 1561 399 1616 et
426 1555 614 1614 manifestata
641 1556 815 1632 cognatione
843 1573 897 1615 sua
920 1571 992 1615 'curn
1019 1556 1168 1632 omnibus,
1197 1573 1390 1634 quaecunque

160 1665 192 1724 in
216 1669 322 1724 natura
344 1664 473 1722 humana
495 1681 636 1740 generosa
659 1667 689 1722 et
711 1663 811 1722 divina
834 1668 916 1738 sunt,
940 1662 1027 1723 etiam
1050 1663 1156 1723 rationi
1180 1681 1212 1724 se
1234 1664 1346 1741 probat.

269 1770 364 1845 Quare
392 1789 488 1848 noque
515 1771 605 1847 hujus
633 1789 739 1830 causae
767 1771 945 1844 timendum,
977 1789 1074 1849 neque
1100 1771 1191 1831 nimis
1223 1771 1390 1830 mirandum

161 1885 219 1954 est,
247 1879 327 1956 quod
354 1877 441 1938 multi
464 1879 521 1938 viri
545 1879 652 1938 eruditi
676 1879 867 1938 nuncetiam
890 1879 1034 1955 apertius,
1062 1897 1150 1956 quarn
1173 1878 1288 1938 Erasmi
1316 1883 1389 1938 tem·

161 2005 232 2064 pore
260 1986 456 2060 ciceroniani,
491 1985 682 2046 christianam
709 1984 882 2062 religionem
910 1986 1061 2063 rejiciunt,
1094 1985 1182 2045 multi
1209 2004 1269 2045 non
1296 1985 1389 2061 aliter,

161 2113 250 2172 quam
282 2093 335 2152 illa
366 2098 460 2153 aetate
486 2093 699 2170 Pompouatius
731 2111 800 2153 cum
832 2093 908 2168 suis,
941 2111 1020 2177 moa
1042 2092 1126 2151 illam
1153 2093 1297 2152 ruituram
1324 2111 1390 2153 esse

162 2201 368 2262 vaticinantur.
414 2201 498 2260 Idem
526 2200 595 2260 inde
621 2201 658 2260 ab
686 2219 720 2260 eo
747 2205 891 2278 tempore,
919 2219 977 2279 quo
999 2199 1164 2260 JulianusA
1186 2205 1301 2278 postata
1323 2200 1390 2260 fati·

162 2309 295 2369 dicorum
319 2327 439 2368 suorum
463 2307 580 2368 oracula
602 2307 727 2385 implere
750 2307 806 2368 sibi
829 2308 995 2383 videbatur,
1022 2307 1133 2368 frustra
1155 2313 1185 2367 et
1207 2309 1391 2386 praedictum

162 2421 207 2476 est
235 2423 265 2476 ct
292 2415 484 2493 praedicetur.
536 2415 601 2474 Viri
634 2415 741 2476 eruditi
769 2415 821 2493 qui
848 2415 918 2475 talia
946 2420 1121 2493 recoquunt,
1154 2415 1202 2476 vel
1229 2415 1300 2475 dum
1328 2417 1391 2476 veri

162 2524 374 2584 christianismi
397 2523 493 2600 ignari
517 2528 598 2598 sunt,
627 2523 692 2600 ejus
714 2523 779 2582 loco
802 2523 903 2583 fictum
927 2523 1075 2602 quendam
1097 2529 1271 2602 oppugnant
1294 2523 1391 2602 (sicuti

159 2633 221 2708 jam
248 2630 450 2691 Tertullianus
482 2631 615 2708 queritur
646 2649 755 2692 novum
789 2649 906 2708 semper
934 2631 1048 2690 idolum
1075 2649 1128 2709 pro
1157 2631 1391 2692 Christianorum

162 2739 223 2798 Deo
251 2739 288 2798 ab
314 2739 490 2798 adversariis
514 2739 687 2818 venditari),
715 2739 764 2798 vel
786 2739 919 2800 veritatis
943 2745 1056 2816 partem
1083 2739 1214 2820 aliquam
1241 2739 1391 2816 angustio-

162 2865 237 2920 rem,
266 2865 355 2924 quam
383 2865 441 2924 qua
465 2845 711 2906 Christianismus
738 2845 948 2924 comprehendi
975 2846 1082 2924 possit,
1112 2865 1165 2924 pro
1188 2851 1248 2907 tota
1270 2845 1392 2906 veritate

162 2955 279 3014 habent.
329 2953 447 3014 Etenim
481 2953 530 3031 (ut
556 2953 697 3014 Leibnitii
728 2953 826 3014 verbis
858 2954 990 3032 utamur)
1024 2954 1101 3014 sicut
1128 2954 1229 3014 eadem
1256 2955 1326 3012 urbs
1354 2970 1392 3013 ex

164 3061 290 3121 dirersis
317 3061 391 3122 locis
419 3066 550 3138 spectata
577 3060 636 3118 alia
662 3065 784 3138 apparet
812 3065 841 3120 et
868 3061 964 3138 optice
987 3061 1072 3138 quasi
1095 3060 1322 3137 multiplicatur,
1351 3059 1393 3118 ita

163 3169 282 3244 accidit,
301 3175 335 3228 ut
353 3169 517 3229 secundum
536 3168 701 3228 differentia
720 3167 797 3228 inter
815 3186 847 3227 se
865 3173 975 3246 puncta
993 3169 1077 3227 risus
1095 3167 1202 3227 dentur
1220 3167 1305 3245 quasi
1324 3166 1391 3226 toti·

164 3276 232 3336 dem
256 3277 422 3336 differentia
443 3277 595 3351 universa,
619 3293 695 3354 quae
718 3283 817 3336 tamen
834 3294 894 3336 nou
913 3276 975 3336 sint
993 3275 1041 3335 his
1060 3275 1150 3335 unius
1169 3275 1271 3334 muudi
1290 3291 1393 3334 sceno·

163 3384 321 3462 graphicae
348 3384 639 3461 repraesentationes.
690 3383 798 3443 Errant
829 3401 898 3443 vero
930 3383 982 3461 qui
1013 3383 1046 3441 in
1078 3399 1138 3442 uno
1169 3382 1392 3442 innumerorum

165 3491 284 3551 illorum
313 3496 489 3568 punctorum
517 3491 726 3566 consistentes,
754 3509 787 3551 se
815 3491 893 3551 solos
918 3491 1093 3551 universum
1121 3491 1202 3550 sanis
1230 3489 1393 3550 111111111-

165 3600 241 3660 tueri
264 3599 471 3676 imaginantur.
518 3599 558 3658 Hi
582 3597 700 3676 singula
723 3597 866 3677 quaedam
889 3617 958 3658 vera
985 3598 1099 3658 utiliter
1125 3597 1282 3658 inveniunt
1309 3597 1392 3678 (nam

164 3707 201 3766 de
228 3707 301 3766 viris
328 3725 397 3766 vere
420 3706 543 3766 eruditis
568 3705 686 3784 loquor,
714 3725 773 3766 non
795 3706 833 3766 de
855 3704 1021 3782 vaniloquis
1044 3704 1209 3784 gloriosis),
1238 3705 1393 3782 adipsum

165 3832 312 3874 summam
334 3815 488 3875 veritatem
511 3815 649 3874 accedere
677 3819 842 3891 nequeunt,
872 3813 922 3872 sed
951 3831 1092 3874 cavernae
1118 3812 1201 3873 illius
1224 3811 1393 3872 Platonicae

164 3921 278 3982 incolas
305 3922 472 3997 imitantur,
505 3922 570 4001 qui,
603 3922 674 3980 dum
701 3939 811 3998 paucas
844 3921 986 3999 quasdam
1017 3939 1117 3981 rerum
1148 3921 1267 3980 umbras
1299 3919 1393 3979 oculis

165 4029 432 4106 comprehendunt,
474 4029 698 4089 universitatem
736 4047 835 4088 rerum
871 4027 1118 4105 comprehendere
1154 4027 1210 4087 sibi
1247 4027 1393 4086 videntur.

166 4135 223 4210 Qui
247 4154 315 4195 vero
346 4137 489 4214 ampliore
512 4137 632 4212 ingenio
659 4154 761 4196 omnes
785 4136 870 4213 quasi
892 4135 1072 4212 reipublicae
1094 4133 1253 4195 litterariae
1276 4133 1394 4211 provin·

165 4244 226 4304 cias
254 4243 315 4318 vel,
350 4250 494 4321 quantum
522 4244 585 4303 fieri
614 4245 722 4321 potuit,
750 4241 810 4320 ipsi
837 4242 1000 4321 permetiri,
1030 4242 1079 4302 vel
1105 4261 1123 4300 a
1150 4241 1314 4319 permensis
1342 4259 1394 4302 ax-

166 4351 284 4429 quirere
316 4352 506 4426 studuerunt,
538 4351 561 4410 ii
593 4357 627 4410 ut
654 4351 796 4411 Erasmus
827 4355 858 4411 et
889 4350 983 4410 multo
1014 4353 1083 4427 post
1114 4349 1292 4424 Leibnitius,
1324 4348 1395 4410 licet

166 4458 357 4519 dubitationis
385 4477 445 4518 non
473 4464 610 4536 expertes
637 4458 760 4534 fuerint,
788 4462 889 4517 tamon
916 4457 1011 4533 magis
1038 4457 1193 4536 magisque
1220 4475 1394 4535 persuasum

167 4567 224 4626 sibi
252 4566 410 4642 habebunt,
438 4567 498 4626 nisi
526 4567 625 4643 agnita
653 4567 741 4626 unica
763 4571 793 4625 et
815 4565 916 4624 divina
938 4565 1117 4644 christianae
1138 4565 1326 4626 revelationis
1349 4565 1394 4624 in-
