3156 5056
658 335 751 388 Carnu
769 337 800 388 X
1287 335 1338 390 245

123 556 259 632 ,paulum
287 551 484 614 latinioribus‘
514 551 682 625 adjumento
708 550 813 627 luisse,
850 553 914 627 ipse
945 569 1016 612 sano
1048 551 1077 612 id
1106 568 1162 610 non
1193 551 1340 612 credebat.

122 661 221 734 Atque
245 659 374 734 ejusdem
399 657 516 732 generis
539 662 617 731 erat,
647 657 722 731 quod
743 657 773 716 in
796 657 896 716 libello
918 657 1040 732 quodarn
1063 655 1194 716 Pontifici
1217 656 1340 730 scripsit,

124 781 225 838 ‚quarn
255 765 286 823 iu
315 763 507 837 agricolarum
540 760 663 820 tumultu
698 767 741 821 tot
768 761 916 821 hominnm
945 761 1037 820 millia
1066 760 1212 820 trucidata
1243 765 1342 819 essent

123 869 203 944 apud
225 866 398 942 Germanos,
429 882 462 924 sc
492 865 679 925 vehementer
701 864 837 924 admirari
858 865 1011 924 Erasmum
1035 864 1129 924 adhuc
1152 864 1263 940 vivere,
1291 866 1340 939 qui

123 974 213 1034 totins
235 973 320 1048 hujus
344 972 481 1031 tumultus
503 971 638 1045 princeps
662 975 693 1028 et
713 970 920 1044 antesignanus
935 968 1052 1044 basset,
1074 971 1122 1043 qni
1138 975 1339 1045 tempestatem

124 1078 321 1138 saevissimam
344 1077 510 1150 excitasset,
533 1075 581 1149 qni
602 1073 696 1133 maiia
717 1072 863 1134 turbasset
885 1073 921 1133 ab
943 1070 1043 1133 imo.‘¹
1077 1073 1148 1133 Tam
1170 1074 1339 1133 mendacem

124 1184 269 1243 hominem
298 1181 445 1256 ipsiusque
476 1180 607 1239 veritatis
629 1195 758 1253 osorem,
790 1195 846 1252 quo
870 1179 962 1252 magis
983 1179 1102 1253 ingenio
1124 1182 1156 1238 et
1177 1177 1339 1240 eruditione

123 1286 303 1362 excellebat,
334 1302 369 1345 eo
398 1285 636 1359 periculosiorem
658 1283 722 1342 orbi
746 1281 903 1342 christiano
925 1281 1047 1357 putabat
1069 1283 1206 1342 Erasmus
1228 1287 1258 1342 ct
1279 1300 1339 1342 mo-

123 1391 225 1450 nacbis
254 1391 317 1448 istis
350 1389 561 1462 nocentiorem,
598 1387 701 1462 quibus
733 1387 860 1462 ipsorum
894 1387 1047 1462 stupiditas
1080 1387 1261 1461 aliquatenus
1289 1403 1336 1446 ex·

123 1496 266 1556 occationi
294 1501 380 1554 esset
440 1493 564 1567 Singulis
595 1493 764 1567 quibusdam
795 1493 894 1567 rebus,
924 1507 995 1566 quas
1022 1491 1169 1552 Alcandro
1199 1493 1337 1552 Erasmus

122 1602 292 1676 imputavit,
321 1615 403 1660 error
432 1598 575 1657 admixtus
607 1601 666 1673 est,
697 1602 786 1658 totum
816 1598 878 1672 ejus
904 1595 1045 1672 Judicinm
1072 1597 1152 1671 iusta
1181 1597 1336 1672 posteritas

123 1703 311 1765 confirmabit

212 1809 293 1868 Hace
310 1809 419 1883 omnia,
442 1807 582 1882 pleraque
606 1807 644 1866 ad
666 1807 805 1866 seriorem
823 1805 938 1881 quidem
961 1808 1109 1882 utriusque
1131 1806 1185 1866 viri
1208 1811 1335 1866 aetatem

122 1913 285 1989 spectantia
312 1913 363 1972 sad
394 1913 561 1972 neccssaria
588 1911 625 1970 ad
650 1911 882 1986 perspiciendam
904 1913 1024 1971 alterius
1047 1927 1111 1970 cum
1133 1911 1227 1970 altaro
1247 1911 1336 1970 ratio·

122 2033 203 2093 nem,
225 2018 394 2090 interjicere
416 2017 470 2075 hoc
492 2017 554 2075 loco
577 2016 661 2075 nobis
678 2017 770 2074 risum
794 2021 852 2090 est,
875 2021 909 2074 ut
928 2031 1053 2074 arcanae
1071 2015 1185 2073 cuidam
1206 2019 1335 2074 actorum

123 2121 376 2182 wormatiensium
402 2122 492 2194 parti,
523 2125 660 2194 qnantum
690 2118 755 2178 fieri
785 2124 896 2194 posset,
926 2120 1020 2178 lucem
1042 2117 1219 2178 afferremus.
1264 2117 1337 2178 Sunt

121 2227 201 2285 enim
221 2225 295 2300 illic,
315 2241 391 2299 qnae
413 2223 545 2300 perfecte
568 2242 653 2284 nemo
675 2225 842 2299 intellegat,
863 2223 1115 2283 uindicandum
1135 2240 1199 2282 cum
1221 2223 1336 2282 Erasmi

122 2331 252 2389 absentis
285 2329 404 2402 ingenio
437 2329 616 2388 Wormatiae
648 2331 805 2388 luctantem
839 2334 976 2388 accurate
1010 2327 1245 2388 consideraverit.
1303 2328 1337 2387 ld

122 2435 242 2509 egregio
266 2435 337 2494 vidit
359 2434 568 2509 Pallavicinus,
594 2434 655 2508 qui,
680 2433 729 2492 ubi
751 2433 872 2507 primum
897 2431 1074 2492 Alcandrnm
1098 2439 1129 2492 ut
1151 2431 1336 2492 fortissimum
1424 2509 1433 2522 “

123 2539 224 2598 curiae
246 2543 490 2614 propugnatorem
514 2537 640 2612 induxit,
666 2543 731 2612 post
756 2554 821 2596 eum
844 2539 980 2596 continuo
1003 2541 1035 2595 nt
1056 2537 1338 2596 vehementissimum

122 2645 187 2718 ejus
210 2645 287 2703 intra
311 2645 465 2704 ecclesiam
489 2643 685 2702 adversarium
708 2643 847 2702 describit
869 2637 1052 2716 Erasmumt,
1082 2647 1157 2702 totus
1183 2642 1214 2701 in
1237 2657 1274 2701 ea
1295 2661 1338 2718 re,

121 2765 195 2823 quas
229 2750 258 2808 in
292 2750 433 2808 Vaticano
467 2754 597 2809 servatus
630 2749 797 2824 invenerat,
838 2748 952 2807 litteras
988 2752 1111 2807 secutus.
1175 2747 1228 2807 His
1262 2747 1338 2806 enim

120 2853 273 2913 Aleander
301 2854 417 2913 Juliano
447 2853 582 2913 Mediceo
614 2853 763 2912 Cardinali
793 2871 847 2928 per
877 2869 999 2926 eumque
1030 2851 1142 2926 Papae,
1173 2852 1264 2912 Leoni
1291 2853 1337 2927 X,

121 2975 172 3018 res
190 2957 368 3018 Wormatiae
393 2965 490 3032 gestas
513 2959 646 3018 referens
668 2958 699 3016 in
722 2955 906 3031 exsequendo
927 2973 1046 3016 munere
1062 2973 1080 3014 a
1094 2957 1209 3016 nomine
1225 2962 1337 3016 tanturn

119 3067 260 3137 quantum
283 3063 320 3121 ab
343 3061 465 3122 Erasmo
489 3079 521 3122 se
543 3062 678 3137 impediri
701 3062 788 3121 etiarn
813 3066 901 3135 atque
924 3062 1013 3119 etiam
1035 3059 1169 3120 affirmat.
1215 3060 1336 3133 Saepius

121 3183 190 3227 enm
214 3168 390 3241 conjunctim
406 3184 469 3225 cnm
485 3168 638 3242 apostatis,
659 3182 729 3239 quoa
743 3170 840 3240 putat,
863 3165 1004 3224 ecclesiae
1022 3164 1165 3239 nominat3
1188 3164 1335 3237 ,Reuchli-

117 3271 230 3346 nianis,
253 3271 427 3330 Lntberanis
443 3275 494 3330 aut
507 3269 687 3330 Erasmistis‘
706 3263 762 3349 (sic
783 3270 944 3342 promiscue
967 3283 1019 3327 eos
1039 3260 1202 3348 enumerat)
1224 3269 1337 3342 pariter

117 3394 152 3435 se
181 3391 298 3434 exosum
328 3391 391 3434 esse
420 3377 501 3434 velut
522 3373 700 3450 transfugam
721 3373 862 3432 bonarum
885 3373 1049 3432 litterarum
1072 3377 1102 3431 et
1124 3376 1334 3432 assentatorem

117 3479 372 3556 ,Cortisanonum‘.
423 3479 489 3552 lpse
512 3495 569 3538 non
591 3479 677 3538 aliter
699 3495 783 3552 quam
807 3477 922 3536 obscuri
946 3477 1000 3535 viri
1029 3475 1170 3552 ,fomitem
1195 3478 1334 3536 malorum

117 3601 186 3644 esse
201 3583 367 3642 Erasmum‘
390 3582 519 3657 dictitat3
552 3583 632 3642 illum
649 3589 679 3641 et
692 3584 826 3642 turbasse
843 3587 874 3641 ot
888 3581 1006 3642 turbare
1022 3583 1114 3655 magis
1132 3599 1217 3656 quam
1233 3601 1332 3656 quem·

115 3705 207 3763 quarn
230 3689 316 3748 aliurn
339 3687 528 3747 Germaniam
553 3688 590 3746 ab
613 3691 678 3746 ortu
700 3687 795 3746 Rheni
819 3689 856 3746 ad
879 3686 1039 3761 Oceanum,
1066 3687 1146 3746 illurn
1169 3687 1334 3746 Flandriam

114 3793 251 3867 inprimis
278 3798 444 3866 tractusque
467 3791 561 3850 Rheni
584 3792 777 3867 subvertisse,
808 3791 845 3849 ad
868 3790 992 3850 eundern
1015 3791 1144 3849 Saxones
1166 3806 1331 3864 provocare,

112 3897 225 3972 passim
263 3897 499 3972 pronuntiantes,
538 3912 609 3957 uera
641 3896 699 3955 dici
733 3912 751 3954 a
784 3894 926 3969 blentina,
966 3895 1072 3969 quippo
1108 3894 1155 3968 qni
1191 3893 1331 3968 probetur

111 4001 154 4060 ab
179 4000 309 4060 Erasmo

207 4291 232 4356 1)
251 4291 320 4356 Epp.
339 4291 423 4354 XXV,
441 4297 473 4344 it
497 4292 525 4344 in
544 4309 583 4357 ep.
601 4291 632 4345 ad
651 4290 804 4342 Sadoletnm.
840 4287 880 4340 Oi.
897 4287 964 4350 XX,
984 4293 1025 4339 99.
1063 4286 1179 4338 Libellus
1198 4287 1230 4337 ab
1249 4287 1329 4338 amico

109 4381 198 4431 Roma
219 4379 327 4431 Etacmo
351 4379 445 4431 wana
469 4385 530 4430 erat.
575 4379 714 4444 Hucusque
742 4377 866 4427 neminem
896 4376 982 4427 inveni
1009 4375 1152 4436 dubitasse,
1181 4390 1214 4424 an
1242 4390 1330 4426 rarora

107 4465 239 4517 Alcandri
256 4465 342 4518 iacnt.
371 4465 408 4520 Gi.
425 4467 609 4532 Mannuchsili,
628 4467 665 4531 gli
678 4465 792 4518 scrittori
804 4463 906 4516 d'ltalia
918 4464 964 4528 1,r
984 4480 1009 4530 p.
1020 4468 1078 4514 416.
1089 4467 1148 4517 42³.
1176 4461 1329 4515 Alcandrum

109 4552 214 4605 similia
231 4560 257 4606 ct
276 4553 343 4606 alias
360 4553 457 4606 nnec·
473 4555 542 4607 intra
557 4553 705 4606 videbimus.

206 4639 232 4708 2)
251 4641 274 4704 Ι,
290 4647 332 4706 td,
347 4647 400 4694 ab
419 4641 534 4712 loquitur
553 4641 584 4694 dc
602 4639 738 4707 Alcandro,
755 4639 778 4706 l,
793 4644 834 4704 23,
847 4644 861 4690 t
872 4655 906 4701 ss,
926 4637 956 4690 da
972 4639 1088 4692 lirasmo.
