3156 5056
646 311 739 361 Carnu
757 311 816 361 vn.
1289 309 1339 362 193

121 507 256 584 miseram
291 527 460 600 ecclesiam,
491 542 576 600 quam
607 525 757 584 mendacio
788 523 945 584 defendere
975 525 1112 598 oportet‘
1164 525 1248 583 Hunc
1277 527 1341 598 ejus

127 631 254 688 animum
277 631 362 688 etiam
387 630 531 690 Saxouiae
554 631 708 688 Electores
730 631 836 702 quique
864 630 899 687 iis
926 647 945 688 a
967 629 1094 687 consiliis
1118 635 1202 687 erant
1227 646 1343 688 revere·

123 733 244 806 bantur,
281 736 410 807 quamvis
446 735 531 792 nimis
564 735 721 794 violentum
758 734 910 792 verborum
940 735 970 792 in
1002 749 1038 792 eo
1071 734 1209 805 impetum
1240 749 1341 806 saepe-

124 856 245 897 numero
275 840 481 938 improbarent.
544 839 592 898 Sic
622 839 667 896 vir
697 838 931 912 candidissimus,
963 837 1113 897 Pontauus
1142 839 1342 911 cancellarius,

122 943 267 1002 Joaunem
298 941 498 1015 Constantem,
528 943 605 1016 apud
633 959 718 1016 quem
749 943 891 1017 Georgius
921 943 986 1000 Dux
1015 947 1135 1016 propter
1162 942 1259 1000 illatas
1287 941 1343 998 sihi

122 1047 245 1118 iniurias
274 1053 393 1119 questus
422 1053 501 1120 erat,
541 1047 760 1106 commonefecit
790 1047 908 1120 litteris,
939 1062 1038 1120 ‚quam
1068 1047 1144 1105 hona
1172 1047 1342 1118 sinceraque

126 1156 225 1209 mente
245 1167 360 1224 semper
381 1150 484 1210 fuisset
506 1153 667 1223 Lutherus3
689 1157 771 1209 certo
793 1149 881 1210 fidum
903 1167 969 1209 eum
994 1167 1058 1208 esse
1082 1147 1214 1208 vimm‘1

214 1273 316 1344 Neque
344 1273 430 1331 aliter
452 1273 659 1332 Melanehthou
684 1273 721 1330 de
748 1273 834 1330 amici
858 1273 902 1330 sui
926 1273 1084 1345 asperitate
1108 1273 1219 1330 locutus
1243 1277 1288 1331 est
1312 1273 1342 1330 iu

123 1378 263 1436 oratioue
281 1377 372 1434 latina
387 1394 473 1450 qnam
494 1383 558 1450 post
580 1378 657 1436 illius
679 1383 799 1436 mortem
823 1378 853 1435 iu
876 1377 984 1449 templo
1006 1377 1114 1434 hahuit..
1151 1376 1286 1450 Apphcat
1307 1377 1343 1434 ad

129 1499 210 1553 eum,
233 1497 307 1554 quae
324 1482 433 1555 scripta
452 1489 519 1540 sunt
534 1483 571 1541 de
586 1483 636 1556 iis,
659 1483 708 1556 qui
724 1483 924 1555 Hierosolyma
939 1480 1081 1566 quondam
1097 1486 1343 1554 restauraverunt,

126 1587 227 1644 altera
248 1602 335 1643 manu
358 1603 409 1644 eos
431 1585 616 1660 aedificasse,
645 1588 739 1645 altera
762 1586 888 1661 gladium
910 1587 1046 1645 tenuisse.
1091 1585 1344 1658 vituperatoribus

129 1691 330 1765 ‚respondeo‘,
357 1692 464 1764 inquit,
494 1692 550 1765 ‚id‚
578 1691 653 1764 quod
675 1692 814 1750 Erasmus
837 1709 925 1765 saepe
949 1691 1035 1748 dixit:
1066 1689 1146 1750 Deus
1171 1689 1252 1748 dedit
1278 1689 1345 1746 huic

125 1799 290 1867 postremae
326 1797 416 1852 aetati
454 1803 574 1870 propter
606 1797 770 1855 morborum
805 1795 1031 1870 magnitudinem
1063 1811 1160 1853 acrem
1194 1794 1343 1852 medicum.

125 1899 277 1970 Quinque
308 1900 367 1957 tale
399 1917 538 1974 organum
566 1900 703 1958 adversus
730 1901 828 1959 hostes
860 1901 992 1958 veritatis
1022 1899 1162 1972 superbos
1193 1904 1223 1956 et
1252 1899 1344 1969 impu·

126 2002 231 2060 dentes
254 2003 388 2061 excitarit
408 1997 454 2082 (nt
476 2005 513 2062 ad
533 2005 691 2063 deremiam
713 2005 822 2077 inquit:
849 2003 928 2061 Ecce
952 2003 1018 2062 dedi
1041 2004 1132 2060 verba
1154 2017 1220 2060 mea
1240 2003 1270 2060 in
1293 2017 1343 2058 ore
1458 1994 1460 1998 ’

127 2111 193 2180 tuo,
223 2105 355 2165 destruas
383 2114 414 2166 et
443 2103 593 2188 aedifices)
624 2113 654 2166 et
682 2109 805 2166 voluerit
834 2109 876 2166 eis
905 2113 1050 2180 tamquam
1079 2107 1154 2164 hanc
1180 2105 1344 2177 Gorgonem

131 2211 274 2284 objicere,
297 2209 405 2270 frustra
428 2214 613 2286 expostulant
635 2213 678 2270 illi
700 2229 765 2270 curu
787 2212 859 2271 Deo.
904 2212 966 2269 Neo
989 2214 1066 2282 regit
1087 2210 1168 2268 Deus
1191 2209 1344 2268 eeclesiam

128 2315 262 2374 humanis
294 2318 434 2391 consiliis,
466 2333 521 2374 nec
551 2319 613 2375 vult
642 2334 752 2390 organa
782 2333 833 2375 sua
860 2333 977 2390 prorsus
1008 2317 1113 2374 similia
1143 2332 1216 2374 esse.
1270 2313 1345 2371 Illud

129 2427 227 2480 antem
251 2437 400 2480 commune
424 2429 482 2496 est,
505 2427 537 2479 ut
559 2421 718 2480 mediocria
738 2428 768 2479 ct
786 2421 942 2480 moderata
964 2421 1081 2494 ingenia
1101 2422 1226 2494 impetus
1241 2418 1345 2476 arden-

130 2526 222 2584 tiores
244 2526 337 2584 minus
359 2527 490 2598 probent.
526 2525 605 2584 Vidit
620 2525 764 2584 Aristides
778 2526 1001 2584 Themistoclem
1025 2525 1137 2597 ingenti
1158 2529 1236 2582 motu
1257 2523 1345 2581 animi

131 2646 179 2688 ros
201 2645 321 2701 magnes
344 2629 491 2702 suscipere
515 2635 546 2687 et
567 2629 693 2689 feliciter
714 2647 833 2703 gerere:
857 2631 910 2689 etsi
935 2635 1031 2688 eutem
1055 2628 1226 2687 felicitatem
1248 2633 1346 2700 gratu·

131 2735 247 2794 labatur
273 2735 466 2808 reipublicae,
497 2739 593 2792 tamen
617 2735 766 2794 incitatum
789 2736 867 2793 illius
890 2737 1017 2793 animum
1041 2751 1075 2792 ex
1099 2751 1135 2792 eo
1157 2750 1242 2792 eursu
1264 2749 1347 2790 revo-

131 2855 200 2898 care
224 2837 366 2897 studebat.
389 2869 429 2879 —
460 2839 522 2896 Nec
551 2855 607 2912 ego
636 2840 691 2898 hoc
711 2857 787 2912 nogo
805 2857 932 2914 peccare
953 2837 1096 2897 interdum
1117 2839 1348 2896 vehementiores

131 2945 270 3016 impetus:
293 2960 378 3002 nemo
397 2944 474 3000 enim
497 2944 528 3002 iu
549 2945 604 3002 hac
626 2955 747 3003 naturae
766 2943 933 3003 infirmitate
953 2943 1016 3001 sine
1039 2943 1105 3000 labe
1127 2949 1179 3000 est.
1226 2942 1346 2999 iuterim

132 3047 239 3120 siquis
262 3048 293 3105 in
316 3048 455 3120 ecclesia,
484 3055 517 3106 ut
539 3048 646 3106 Paulus
669 3051 775 3123 inquit,
803 3054 884 3106 recte
908 3049 1025 3120 militat,
1055 3049 1185 3106 retinens
1208 3045 1294 3103 fidem
1317 3049 1347 3101 et

133 3151 238 3208 bonam
267 3153 487 3228 conscientiam,
516 3153 581 3211 Ileo
611 3145 708 3227 pla'cet
737 3158 768 3209 et
796 3152 920 3210 anobis
942 3151 1125 3210 venerandus
1148 3156 1201 3207 est.
1245 3147 1347 3205 Talem

133 3253 222 3311 fuisse
246 3253 405 3318 Lutherum
425 3257 537 3314 scimus.
582 3257 646 3314 Jam
666 3257 731 3329 quis
755 3261 813 3330 est,
837 3257 883 3313 cui
903 3255 1017 3328 quidem
1039 3261 1123 3312 notus
1142 3253 1192 3311 ille
1208 3251 1275 3324 fuit,
1298 3251 1346 3323 qui

134 3359 259 3430 nesciat,
289 3365 397 3430 quanta
426 3360 605 3419 humanitate
633 3361 797 3434 praeditus,
831 3365 940 3432 quauta
970 3360 1054 3432 hujus
1085 3359 1116 3416 in
1147 3357 1348 3430 congressibus

134 3460 323 3520 familiaribus
346 3465 485 3536 suavitas,
507 3481 590 3538 quam
614 3455 731 3522 minime
754 3464 801 3521 hic
825 3464 1021 3522 contentiosus
1042 3465 1088 3521 vel
1108 3463 1234 3520 rixarum
1250 3463 1349 3519 ambus

134 3564 229 3623 fuerit.
269 3566 307 3624 Et
329 3567 495 3641 adjunctam
518 3575 615 3628 mmeu
638 3570 734 3628 omnia
753 3571 926 3643 gravitatem
942 3569 1105 3628 hahuerunt
1129 3584 1206 3636 eam,
1228 3583 1303 3639 quae
1319 3566 1349 3622 in

135 3669 187 3726 tali
210 3671 271 3728 viro
295 3687 359 3728 esse
382 3673 522 3732 deberet}
574 3674 655 3732 Haec
678 3675 792 3747 ahoque
814 3674 919 3732 similia
940 3673 1146 3733 Melanchthon
1169 3673 1206 3730 de
1229 3669 1350 3728 Lutheri

135 3774 230 3832 ammo
265 3774 376 3833 locutus
408 3777 545 3836 nonnulla
576 3777 612 3836 de
647 3779 684 3836 iis
719 3777 843 3850 addidit,
877 3793 951 3851 quae
983 3777 1059 3835 illius
1091 3775 1199 3849 ingenii
1233 3773 1350 3846 propria

137 3883 228 3935 erant.
275 3877 323 3936 Sic
352 3885 383 3938 et
412 3881 442 3938 iu
472 3881 619 3954 oratioue,
650 3897 734 3954 quam
757 3881 847 3938 multo
870 3898 932 3938 cum
957 3881 1036 3937 luctu
1062 3895 1117 3936 neo
1139 3879 1201 3934 sine
1224 3875 1350 3933 lacrimis

135 3981 250 4054 habuit,
281 3989 311 4040 et
340 3986 371 4042 iu
399 3983 521 4042 Lutheri
549 3987 609 4044 vita
637 3991 739 4058 postea
765 3985 893 4042 breviter
921 3983 1091 4040 adumbrata
1121 3979 1249 4054 ejusdem
1279 3981 1349 4037 ima·

135 4085 231 4158 ginem
265 4091 297 4144 ut
326 4088 466 4148 historiae
496 4091 619 4162 scriptor
647 4089 755 4161 primns
785 4088 944 4160 depingere
976 4103 1128 4160 aggressus
1158 4090 1208 4143 est.
1259 4081 1350 4154 Quem

135 4205 221 4260 quum
254 4189 336 4247 multi
365 4191 471 4249 deinde
502 4193 592 4250 secuti
623 4192 694 4264 siut,
723 4191 811 4249 etiam
841 4207 893 4248 uos
922 4205 976 4264 pro
1007 4187 1063 4247 fine
1093 4188 1176 4246 uobis
1205 4187 1350 4260 proposito

135 4291 213 4350 idem
236 4293 413 4352 conabimur.

226 4574 251 4639 l)
271 4571 429 4624 Seckeuderf
445 4575 462 4624 l.
476 4593 497 4625 o.
509 4575 535 4624 II
553 4580 590 4626 10.

181 4705 389 4750 Schlottmuuui
403 4707 507 4750 munus
519 4705 639 4750 redivivus.
