3194 5042
682 317 771 371 Orrur
788 317 822 370 V.
1315 318 1367 372 149

137 521 290 582 infallibili
314 521 427 598 judicio
454 539 508 580 suo
534 538 574 580 ex
600 519 766 600 pernicioso
789 519 1007 598 Gopernicanae
1033 521 1173 580 novitatis
1200 539 1297 581 encre
1322 539 1368 582 re-

138 630 287 689 traxisset.

246 735 396 814 Oppresso
420 735 551 796 Galilaeo
578 734 796 795 nobilissimum
818 735 915 796 italici
942 736 1046 814 populi
1073 736 1227 812 ingenium
1251 741 1367 796 tantum

138 844 240 904 damni
273 843 432 919 contraxit,
465 847 500 903 ut
526 862 565 922 ne
591 861 673 903 nuno
700 843 820 921 quidem
848 861 865 903 e
892 844 1066 920 gravissimo
1093 845 1193 904 morbo
1220 844 1308 922 plene
1335 862 1368 904 se

137 952 322 1012 recreaverit.
369 950 454 1026 Quod
481 951 618 1028 egregius
646 951 771 1028 scriptor
797 951 961 1026 Romanus,
988 951 1162 1012 Dominicus
1186 951 1280 1026 Berti,
1308 951 1367 1011 ola-

136 1061 256 1120 rissime
282 1077 379 1137 nuper
405 1057 652 1135 demonstravit3¹
679 1058 709 1117 id
735 1077 804 1118 vero
826 1076 887 1118 non
910 1059 982 1118 satis
1004 1059 1191 1119 intellexisse
1212 1059 1266 1118 ille
1287 1059 1367 1119 vide·

136 1173 200 1243 tur,
232 1185 420 1245 nequaquam
453 1165 549 1226 solum
582 1165 735 1243 singulum
768 1184 895 1226 errorem
922 1171 994 1226 tunc
1021 1166 1131 1226 Romae
1158 1167 1366 1244 praevaluisse,

137 1275 212 1353 quin
248 1275 347 1352 potius
384 1291 521 1350 magnam
555 1273 639 1332 illam
670 1273 816 1333 mendacii
848 1274 1048 1349 tyrannidem,
1085 1293 1161 1352 quae
1190 1275 1367 1352 jampridem

136 1383 233 1442 Aonio
256 1382 388 1442 Paleorio
415 1381 542 1458 aliisque
569 1385 614 1441 tot
641 1380 799 1458 praeclaris
827 1381 972 1442 libertatis
999 1381 1177 1442 christianae
1199 1401 1367 1460 propugna-

136 1490 251 1550 toribus
283 1489 420 1550 crematis
452 1489 575 1548 fraudata
606 1493 682 1564 erat,
718 1507 795 1549 noua
825 1493 972 1566 reportata
1002 1489 1124 1549 uictoria
1155 1491 1367 1550 corroboratam

137 1615 205 1658 esse
236 1596 361 1674 ideoque
387 1601 508 1656 auctum
536 1595 627 1656 simul
654 1596 860 1656 tristissimum
887 1597 964 1656 illud
990 1597 1143 1673 religionis
1169 1601 1200 1657 et
1227 1597 1367 1658 scientiae

136 1707 285 1765 humanae
311 1703 483 1778 discidium,
512 1704 590 1782 quod
613 1703 780 1764 Galilaeum
807 1705 931 1783 ejusque
958 1705 1068 1765 amicos
1095 1705 1285 1765 vehementer
1305 1723 1367 1765 me-

136 1813 233 1873 tuisse
260 1817 290 1872 et
317 1811 428 1872 frustra
449 1829 584 1872 amovere
607 1812 757 1872 studuisse
779 1812 916 1872 vidimus.
963 1813 1027 1873 Hoc
1049 1819 1135 1873 vatam
1157 1811 1269 1872 malum
1291 1830 1368 1872 nova

138 1939 209 1980 sane
231 1920 412 1979 incrementa
434 1918 513 1996 cepit
535 1937 553 2004 a
575 1917 720 1995 singulari
743 1919 795 1978 illo
818 1937 914 1980 errore
932 1920 1119 1980 Aristotelico
1142 1923 1171 1978 et
1189 1919 1367 1980 Ptolemaiou

137 2028 253 2088 nefasta
284 2026 451 2086 infallibilis
477 2026 583 2103 judicii
611 2026 803 2086 ecelesiastici
830 2026 1017 2087 simulatione
1043 2027 1221 2087 confirmato.
1272 2025 1366 2101 Quem

138 2153 265 2196 errorem
294 2135 384 2195 Curia
415 2133 522 2194 iisdem
553 2133 711 2194 violentiae
742 2134 876 2209 auxiliis,
909 2133 1017 2212 quibus
1045 2133 1210 2195 Galilaeum
1243 2135 1367 2212 ejusque

137 2243 248 2302 amieos
285 2245 485 2320 oppresserat,
522 2259 577 2320 per
613 2242 685 2301 satis
720 2241 844 2318 longum
880 2259 985 2300 aevum
1021 2241 1164 2301 tuebatur.
1225 2240 1366 2320 Sequenti

138 2351 238 2411 seculo
265 2350 400 2410 veritatis
428 2353 588 2409 assertores
615 2349 704 2408 tacite
726 2349 851 2410 tolerare
872 2349 1016 2427 paulatim
1039 2355 1138 2409 coacta
1160 2353 1213 2409 est.
1259 2348 1366 2410 Nostro

139 2459 260 2518 demum
288 2457 400 2532 seculo,
428 2449 569 2516 nimirum
597 2457 663 2534 ejus
690 2475 766 2517 anno
789 2457 941 2534 trigesimo
964 2458 1080 2536 quinto,
1108 2457 1233 2517 sublatis
1256 2475 1294 2517 ex
1316 2457 1366 2517 In-

137 2567 203 2626 dice
231 2564 400 2642 Gopernici,
427 2564 562 2642 Kepleri,
590 2564 740 2624 Fuscarini
767 2565 949 2641 nominibus,
978 2565 1067 2626 Curia
1093 2565 1226 2625 Romana
1253 2565 1279 2624 si
1305 2583 1366 2625 non

137 2674 235 2733 verbis
267 2677 297 2732 at
327 2691 360 2732 re
387 2673 523 2733 confessa
549 2677 608 2748 est,
641 2691 730 2752 quam
757 2673 883 2750 turpiter
909 2673 976 2751 ipsa
1002 2691 1056 2751 per
1083 2678 1198 2732 tannim
1225 2673 1366 2751 temporis

138 2781 267 2858 spatium
305 2785 433 2840 errasset
468 2785 498 2840 et
534 2785 694 2858 peccasset.
750 2779 844 2854 Quem
876 2799 945 2841 vero
976 2781 1109 2840 animum
1139 2781 1172 2840 in
1203 2782 1365 2857 veritatem,

137 2907 227 2966 quam
245 2888 330 2967 sequi
348 2879 512 2947 humanum
530 2905 626 2964 genus
644 2907 704 2948 uon
722 2888 844 2963 desinit,
864 2893 894 2948 et
912 2889 944 2947 in
961 2889 1174 2966 rempublicam
1192 2889 1365 2948 litterariam

137 2995 270 3056 verimtis
293 2995 392 3055 studio
414 2995 529 3070 nixam,
557 3012 653 3072 rusque
675 2993 713 3052 ad
735 2999 851 3054 nostros
874 2995 938 3054 dies
961 3013 1031 3072 prae
1054 3013 1087 3055 se
1109 2995 1223 3069 tulerit,
1252 2995 1366 3072 reliqua

138 3102 228 3180 hujus
251 3101 348 3180 operis
371 3107 454 3179 parte
476 3101 561 3162 nobis
584 3101 813 3162 examinandum
836 3106 889 3161 est

248 3209 389 3270 Summus
416 3209 464 3268 vir
486 3207 649 3282 Galilaeus,
678 3208 872 3286 (lopernioani
895 3209 1065 3284 systematis
1087 3207 1120 3267 in
1142 3207 1229 3267 Italia
1251 3227 1364 3286 praeco,

139 3318 249 3395 scripta
276 3317 421 3395 quaedam
443 3317 564 3395 Keplen'
591 3317 698 3392 nostri,
726 3317 830 3375 auditu
857 3316 913 3376 sibi
941 3317 1070 3392 cogmta,
1098 3316 1230 3376 nancisci
1253 3317 1364 3376 frustra

137 3425 302 3499 studuerat,
335 3443 411 3502 quae
443 3443 536 3502 quum
567 3425 604 3483 ab
635 3423 702 3500 ipso
734 3424 877 3501 scriptore
903 3423 996 3482 missa
1022 3423 1197 3501 accepisset,
1229 3424 1364 3483 intimam

136 3551 205 3592 orum
232 3551 266 3592 eo
296 3551 349 3610 per
376 3532 490 3592 litteras
518 3531 678 3591 amicitiam
702 3531 812 3608 junxit
857 3530 963 3590 Postea
990 3531 1036 3590 illi
1062 3530 1190 3590 nobilem
1218 3531 1364 3610 quendam

134 3641 274 3717 juvenem
300 3640 517 3700 commendavit
542 3639 625 3698 hisce
652 3639 764 3699 uerbis:
793 3639 933 3714 ,loannes
961 3638 1130 3716 Stephanus
1158 3639 1281 3699 Bossius
1304 3639 1365 3699 lde·

138 3747 331 3824 diolanensis,
359 3747 411 3825 qui
438 3747 492 3806 has
515 3745 569 3806 tibi
591 3747 707 3822 reddet,
734 3747 767 3806 in
789 3747 1000 3806 remotissimas
1024 3747 1096 3806 istas
1119 3747 1254 3822 regiones
1277 3747 1364 3824 profi-

136 3855 257 3914 ciscitur
279 3873 339 3914 non
358 3855 476 3914 divitias
495 3853 683 3932 perquirens,
708 3855 761 3914 sed
779 3854 939 3929 doctrinas,
963 3872 1019 3914 nec
1037 3853 1137 3913 studet
1154 3853 1364 3931 patrimonium

136 3962 187 4021 sed
209 3961 350 4022 uirtutem
372 3981 492 4039 augere,
516 3963 606 4021 immo
624 3961 751 4022 libenter
768 3961 977 4039 patrimonium
995 3961 1141 4038 impendit
1158 3967 1192 4020 ut
1211 3959 1364 4020 scientiam

136 4073 292 4146 comparet.
339 4069 501 4146 Praecipue
528 4069 693 4129 matheseos
722 4069 847 4129 scientia
868 4068 1013 4146 percellet
1035 4068 1159 4142 emrdiri,
1186 4068 1252 4127 ideo
1274 4067 1311 4126 ad
1334 4071 1364 4128 ta

136 4195 295 4254 properans
318 4195 366 4237 me
389 4195 577 4254 summopere
599 4177 776 4252 obsecravit,
799 4181 834 4236 ut
857 4194 890 4236 se
912 4176 967 4236 tibi
989 4176 1026 4235 de
1049 4175 1171 4235 meliore
1193 4179 1262 4235 nota
1285 4193 1363 4235 com-

136 4285 311 4346 mendarem.
367 4283 451 4360 Quod
487 4284 670 4360 longioribus
702 4285 800 4344 uerbis
831 4303 891 4344 non
922 4283 1055 4343 facturus
1087 4301 1168 4342 sum:
1207 4287 1252 4343 sat
1283 4282 1363 4343 enim

136 4392 225 4452 luerit
247 4411 306 4471 qua
328 4393 365 4453 dc
387 4411 477 4453 causa
499 4411 532 4452 se
554 4392 608 4452 tibi
632 4391 830 4452 commendari
853 4390 980 4452 voluerit
1002 4390 1165 4450 indicasse.⁴

243 4621 269 4690 1)
288 4621 313 4675 ll
330 4635 454 4692 processo
473 4619 598 4691 originale
617 4619 645 4673 di
663 4617 757 4674 Galilei
774 4635 799 4688 p.
815 4617 932 4674 oxxvt
946 4634 967 4672 s.
