3144 5092
655 334 742 388 Carrr
761 333 793 388 V.
1303 333 1337 386 75

102 537 292 612 mundanus,
329 541 398 614 post
434 537 572 598 undecim
604 555 698 598 annos
729 535 940 613 redintegravit
973 541 1003 596 et
1034 537 1070 596 ad
1102 537 1337 614 inexspectatum

43 659 55 672 ·
102 646 199 704 finem
218 645 365 722 perduxit.
404 644 488 704 Tunc
505 645 586 704 enirn
603 645 720 720 Patres,
739 644 820 705 omni
838 643 1089 704 conciliandorum
1109 643 1337 704 Protestantium

103 771 163 830 spe
190 752 316 828 abjecta,
344 751 463 830 plenius
492 771 581 830 quam
607 757 694 812 autea
721 752 758 812 de
785 752 1016 812 condemnandis
1039 751 1158 810 illerum
1182 751 1337 812 sententiis

102 865 138 920 et
177 859 362 920 stabiliendis
394 859 540 935 dogmatis
572 859 758 920 scholasticis
790 863 1011 919 consenserunt.
1068 857 1132 933 Qua
1162 858 1194 918 iu
1226 877 1258 918 re
1289 859 1337 918 vel

103 967 250 1043 majorem
282 985 371 1044 quarn
403 973 489 1026 antea
522 966 583 1026 vim
610 972 782 1044 pmesentes
811 967 943 1026 Pudenti
971 966 1101 1026 Jesuitae
1133 971 1336 1026 exercuerunt.

103 1074 168 1136 Sed
190 1092 229 1133 ne
251 1093 331 1134 nunc
354 1074 473 1152 quidem
496 1079 557 1133 tam
579 1075 710 1152 perlecta
728 1093 817 1152 quam
837 1074 1059 1152 exspectaveris
1078 1073 1251 1151 opinionum
1268 1093 1337 1134 con-

103 1182 208 1242 cordia
229 1187 299 1241 erat.
342 1181 381 1241 Ut
399 1181 524 1242 Jaeebus
543 1182 652 1242 Lainez
675 1181 790 1242 Jesuita
812 1183 844 1241 in
867 1183 983 1242 decreto
1007 1182 1136 1260 quodam
1158 1182 1190 1240 id
1209 1182 1337 1240 maxime

104 1291 253 1364 laudavit,
281 1289 359 1368 quod
387 1290 466 1366 ,ejus
494 1291 582 1349 rerba
604 1290 637 1348 in
660 1294 815 1368 utramque
838 1295 952 1367 partem
976 1290 1048 1350 satis
1071 1289 1120 1368 pie
1142 1295 1264 1367 possent
1286 1307 1337 1349 ex·

104 1398 201 1476 peni‘,
228 1397 271 1456 ita
298 1397 416 1474 saepius
444 1397 589 1456 formulae
615 1397 715 1457 unitas
742 1397 949 1474 ambiguorum
971 1399 1128 1457 verborum
1150 1415 1206 1474 ope
1228 1391 1337 1456 eonsti-

104 1511 173 1565 tuta
201 1511 254 1566 est.
300 1505 455 1565 Praeterea
481 1506 660 1565 exstiterunt
687 1505 765 1565 inter
787 1507 891 1565 Patres
914 1505 1193 1565 vehementissimae
1216 1505 1337 1564 alterca-

107 1613 219 1688 tiones,
251 1613 283 1671 in
312 1612 444 1672 Tridenti
476 1612 584 1690 plateis
616 1613 797 1690 sanguineae
825 1613 920 1688 rixae,
958 1631 997 1674 ex
1023 1618 1127 1672 mutua
1154 1612 1338 1672 diversarum

106 1721 245 1796 gentium
274 1711 471 1780 aemulatione
498 1739 533 1781 ac
561 1720 712 1780 simultate
739 1727 826 1780 ortae.
878 1719 976 1795 Quum
1004 1721 1152 1798 quondam
1180 1721 1338 1797 episeopus

107 1829 273 1890 Gaditanus
301 1833 402 1888 eontra
429 1828 527 1906 Papae
553 1828 720 1888 adulatores
747 1829 826 1888 idem
854 1829 994 1904 dixisset,
1028 1829 1107 1908 qued
1129 1827 1278 1888 Lutherus
1305 1829 1337 1886 in

107 1954 156 2010 eo,
180 1953 268 2012 quem
287 1935 527 2010 memoravimus,
551 1935 653 1995 libelle
673 1936 841 1996 ostenderat
859 1937 997 2014 quodque
1016 1937 1048 1994 in
1066 1935 1233 2013 praesentia
1252 1953 1337 1995 nemo

107 2043 249 2102 historiae
280 2041 496 2103 ecclesiasticae
527 2061 638 2119 gnarus
671 2043 857 2118 initiabitur,
889 2043 1031 2102 nimirum
1063 2043 1157 2102 larissa
1189 2043 1336 2120 quondam

107 2151 274 2228 pmeclares
297 2151 453 2228 episcopos
476 2155 506 2210 et
528 2150 631 2210 Patres
655 2150 810 2225 eeclesiae,
839 2169 914 2228 quos
937 2149 1041 2210 nullus
1063 2151 1145 2227 Papa
1167 2150 1337 2209 eonstituis-

109 2263 167 2332 set,
190 2257 392 2318 clamaverunt
413 2257 536 2335 praelati
559 2258 681 2336 quidam
698 2257 781 2317 Itali:
805 2257 912 2332 Exeat,
935 2260 1033 2317 exeat!
1058 2262 1147 2335 atque
1169 2257 1234 2316 alii:
1258 2257 1336 2316 Ana·

108 2366 208 2426 thema
236 2365 288 2443 sit;
316 2365 354 2424 od
381 2383 455 2443 ques
484 2365 676 2426 Granetensis
704 2382 865 2426 conversus
892 2365 1058 2442 respondit:
1091 2365 1257 2425 anathema
1283 2381 1336 2425 vos

109 2471 214 2533 estis!¹
260 2472 463 2533 Nihilominus
485 2473 517 2532 in
540 2473 671 2550 generali
695 2477 853 2548 conventu,
878 2491 971 2550 quum
994 2491 1067 2549 non,
1091 2472 1169 2533 siout
1192 2471 1336 2533 Constan-

109 2581 180 2656 tine,
203 2599 257 2658 per
279 2581 426 2655 nationes,
454 2581 506 2640 sed
529 2599 582 2658 per
605 2581 702 2658 capita
725 2581 865 2657 suffragia
888 2586 1125 2655 numerarentur,
1149 2579 1218 2640 Itali
1241 2599 1259 2640 a
1281 2580 1336 2640 Pa-

110 2707 164 2765 pae
186 2693 262 2747 nutu
285 2688 448 2766 pendentes
471 2688 654 2748 voluntatem
678 2707 762 2748 saram
785 2689 941 2750 universae
959 2689 1102 2748 ecelesiae
1122 2689 1336 2765 imposuerunt,

111 2801 290 2873 quapropter
316 2795 396 2854 haud
424 2796 516 2856 semel
539 2801 652 2856 ceterae
675 2797 810 2856 nationes
833 2815 1020 2874 summopere
1043 2797 1232 2856 exacerbatus
1257 2801 1335 2856 sunt.

110 2905 207 2963 Etiam
229 2903 384 2980 Principes
406 2903 468 2963 illis
492 2909 661 2964 constanter
684 2905 776 2964 obniti
799 2905 987 2979 videbantur,
1011 2905 1122 2982 quippe
1141 2904 1192 2982 qui
1212 2909 1242 2964 et
1261 2905 1336 2964 Oen-

111 3011 171 3071 oilii
193 3011 359 3072 libertatem
382 3015 482 3070 contra
504 3011 683 3086 legatorum
701 3011 858 3088 Papalium
880 3011 1089 3088 arrogantiam,
1112 3011 1183 3070 lieet
1205 3011 1336 3088 plerum-

111 3137 167 3196 que
194 3119 317 3194 lrustra,
345 3117 495 3177 vindicare
523 3118 688 3192 studerent,
716 3123 746 3178 et
773 3136 827 3194 pro
854 3117 963 3177 ficticia
984 3135 1085 3177 veram
1108 3117 1204 3194 ipsius
1229 3117 1336 3176 Curiae

111 3225 346 3286 reformationem
372 3225 506 3302 aliasque
527 3243 575 3284 res
598 3225 634 3284 ab
658 3224 777 3302 optimis
800 3225 984 3284 diversarum
1007 3223 1139 3300 gentium
1163 3223 1236 3282 viris
1259 3223 1336 3282 desi-

112 3333 225 3393 deratas
248 3333 411 3409 efflagitare
433 3351 492 3392 nou
515 3337 671 3392 cessarent.
717 3331 860 3409 Inprimis
883 3330 1087 3390 Perdinandus
1111 3329 1230 3405 Caesar,
1260 3329 1336 3389 Con·

113 3440 281 3500 stantiensis
314 3439 440 3501 Concilii
473 3439 608 3516 vestigiis
640 3439 764 3517 pressis,
808 3443 841 3499 ut
872 3439 971 3516 Papae
1001 3438 1138 3498 meliores
1170 3437 1335 3512 evaderent,

112 3554 224 3608 coetum
263 3547 463 3607 cardinalium
500 3552 530 3607 et
563 3547 708 3610 Conclnve
740 3547 956 3607 emendandum
988 3564 1055 3607 esse
1086 3545 1214 3622 monuit;
1253 3563 1336 3622 prae·

113 3661 188 3715 terea
219 3655 392 3733 postulavit,
430 3660 464 3716 ut
495 3656 670 3716 vernaculae
700 3655 821 3732 liuguae
854 3673 927 3715 usus
959 3655 992 3713 in
1024 3653 1126 3729 saorla,
1165 3658 1199 3712 ut
1235 3651 1333 3712 Laicis

113 3781 200 3822 coena
222 3763 342 3822 Domini
371 3765 426 3822 sub
453 3769 578 3840 utraque
605 3763 704 3840 speeie
731 3763 931 3840 praeberetur,
960 3761 1160 3820 sacerdotibus
1187 3761 1335 3820 matrimo

113 3869 195 3928 nium
223 3869 444 3944 concederetur,
471 3875 505 3928 nt
532 3869 607 3928 liber
633 3869 763 3928 missmis
791 3873 821 3928 et
847 3868 1026 3928 breviarium
1054 3873 1281 3928 retractarentur
1307 3873 1337 3928 ct

114 3977 334 4052 corrigerentur.
382 3975 497 4036 Similia
519 3975 624 4035 Poloni
647 3981 677 4035 et
700 3975 884 4052 ancogalli
907 3975 1088 4052 petivemnt,
1115 3975 1242 4052 Hispani
1266 3993 1337 4034 sane

114 4083 315 4159 episcoporum
345 4083 414 4158 jura
445 4083 588 4159 quaedam
616 4101 633 4141 a
661 4082 750 4142 Ornia
781 4083 944 4160 intereepta
971 4101 1144 4160 recuperare
1172 4082 1230 4142 nisi
1258 4087 1336 4141 sunt.

115 4187 217 4248 Omnia
244 4189 296 4247 illa
323 4189 386 4247 dari
415 4207 503 4266 posse
531 4189 613 4248 salva
636 4189 760 4249 ecclesia
782 4189 926 4250 catholica
950 4189 1036 4249 multi
1060 4209 1119 4248 non
1144 4195 1335 4266 negaverunt,

115 4295 176 4372 ipsa
195 4295 284 4355 Curia
306 4313 414 4374 negare
436 4297 488 4355 vix
511 4297 619 4374 potuit,
644 4296 696 4357 sed
719 4297 951 4375 inopportunum
973 4315 1040 4358 esse
1063 4297 1220 4357 eonoendit.
1266 4297 1337 4357 Pre

115 4455 284 4463 -—...—-

220 4544 245 4612 1)
264 4542 385 4598 Paleotto
403 4547 463 4599 aeta
480 4543 550 4614 apud
568 4543 713 4600 Mendham
731 4543 856 4600 Memeirs
875 4545 904 4600 ol
919 4545 964 4600 the
983 4545 1074 4602 Coneil
1092 4545 1121 4600 oi
1136 4544 1216 4599 Trent
1234 4561 1259 4616 p.
1275 4542 1335 4598 251.

117 4631 150 4689 Cl.
169 4631 262 4689 Ranke
281 4633 378 4690 Pibste
396 4633 411 4689 I
431 4634 491 4691 216.
