3188 5086
218 295 271 352 104
705 294 806 344 Parma
825 293 939 344 Paroars

303 511 386 571 Haec
413 513 509 571 omnia
531 515 628 570 mente
650 509 734 569 nobis
756 507 918 581 repetenda
938 511 1016 582 sunt,
1042 511 1076 566 nt
1103 505 1140 566 de
1159 506 1337 580 principatus
1358 503 1437 564 illius

217 616 374 690 originibus
397 621 478 676 recte
495 615 665 690 judicemus.
707 612 799 684 Quem
813 613 872 686 qui,
893 616 1030 686 corrupta
1044 613 1106 685 ejus
1127 611 1342 685 posterioribus
1364 615 1438 670 tem·

217 719 336 794 poribus
346 719 515 778 condicione
529 719 607 792 irati,
627 720 688 791 jam
703 717 786 776 initio
801 717 889 776 meris
904 717 1050 774 hominum
1063 715 1213 775 fraudibus
1229 715 1435 790 excogitatum,

217 825 305 883 immo
320 824 356 883 ab
372 825 434 897 ipso
449 823 564 882 diabolo
578 819 739 896 profectum
758 819 848 882 inisse
862 825 1050 894 putaverunt,
1073 819 1274 894 agnoscendae
1297 819 1436 880 historiae

217 929 335 988 veritati
357 945 415 986 non
437 928 531 985 minus
554 925 659 985 obsunt
681 941 767 998 qnam
793 925 831 1000 ii,
852 924 954 999 quibus
977 923 1178 984 Tridentiuum
1203 925 1249 982 vel
1263 923 1437 983 Vaticanum

218 1032 371 1092 concilium
400 1036 573 1105 potestatem
594 1029 683 1090 Petro
712 1029 843 1103 apostolo
868 1031 930 1104 jam
952 1029 989 1088 ab
1012 1029 1074 1102 ipso
1097 1027 1211 1088 Christo
1234 1027 1332 1087 datam
1353 1033 1436 1087 recte

218 1133 381 1196 definivisse
409 1135 499 1194 visum
526 1140 580 1194 est.
625 1135 690 1193 Nou
720 1131 838 1192 iortuito
860 1131 968 1192 iactum
990 1147 1057 1192 esse
1078 1147 1247 1206 censemus,
1275 1137 1309 1190 ut
1328 1131 1437 1190 iudea

219 1241 345 1299 secundo
369 1240 468 1299 seculo
490 1244 534 1298 tot
555 1238 798 1313 praestantissimi
821 1237 1044 1297 occidentalium
1065 1238 1213 1296 nationum
1228 1237 1282 1294 viri
1297 1241 1436 1309 tanquam

218 1345 249 1402 iu
280 1360 377 1404 arcem
408 1343 583 1403 christianae
609 1340 678 1401 fidei
705 1343 735 1400 in
764 1343 923 1415 principem
951 1342 1031 1400 illam
1060 1340 1139 1400 orbis
1171 1346 1313 1399 terrarum
1335 1338 1437 1398 urbem

219 1448 414 1522 suspicerent,
448 1452 570 1506 matrem
600 1447 755 1505 multarum
788 1446 990 1520 ecclesiarum,
1028 1445 1144 1504 divinae
1174 1445 1305 1504 veritatis
1338 1458 1436 1502 coram

219 1552 288 1624 ipsis
315 1550 415 1609 mundi
441 1550 564 1609 dominis
593 1551 674 1623 quasi
701 1551 732 1608 in
762 1567 813 1610 ore
845 1551 938 1609 leonis
969 1548 1142 1623 impavidam
1172 1564 1261 1621 saepe
1282 1546 1437 1623 vindicem,

218 1655 359 1714 memoria
396 1653 567 1713 nobilissimi
598 1655 793 1727 apostolorum
833 1654 910 1727 paris
944 1655 1134 1726 illustratam,
1172 1653 1221 1726 qni
1254 1652 1372 1726 iugenio
1407 1657 1439 1711 et

219 1775 339 1818 munere
361 1758 469 1817 divorsi
491 1758 574 1817 ambo
596 1759 656 1816 illic
679 1773 793 1816 cursum
814 1774 896 1816 sunm
920 1758 1045 1832 gloriose
1067 1755 1267 1830 perfecerant,
1290 1761 1334 1815 tot
1354 1754 1436 1814 derri-

220 1880 277 1937 que
308 1861 503 1922 comessorum
530 1867 744 1936 martyrumque
771 1863 1010 1936 procreatricem,
1039 1861 1088 1935 qni
1111 1862 1267 1920 morientes
1294 1855 1338 1942 (id
1359 1859 1435 1934 quod

220 1967 257 2026 de
276 1968 383 2028 Sancto
404 1967 563 2027 Laurentio
586 1959 735 2046 narratur)
757 1965 871 2040 precati
894 1971 990 2025 erant:
1013 1965 1060 2025 Da
1074 1964 1189 2025 Christe
1210 1964 1347 2024 Romanis
1368 1963 1436 2039 tuis,

220 2075 253 2130 ut
275 2069 435 2131 christiana
457 2071 516 2130 sint
537 2070 649 2130 civitas.
693 2071 770 2131 Urbs
791 2069 856 2145 illa,
879 2070 1008 2145 aparvis
1022 2070 1166 2144 quondam
1188 2067 1280 2128 initiis
1295 2069 1438 2143 proiecta,

219 2175 358 2249 paulatim
380 2175 509 2234 universi
530 2175 607 2235 orbis
629 2177 765 2250 populos,
788 2175 944 2235 fortissime
960 2173 1066 2249 partim
1081 2173 1262 2248 resistentes,
1286 2189 1437 2248 oppresse-

219 2285 267 2338 rat
292 2285 323 2338 et
352 2281 578 2340 conculcaverat.
630 2279 687 2338 Sed
713 2285 815 2339 tantae
842 2279 926 2338 simul
954 2277 988 2338 in
1009 2277 1120 2338 civibus
1143 2279 1206 2351 ejus
1227 2277 1349 2337 virtutes
1371 2275 1437 2335 illu-

215 2390 337 2457 nerant,
359 2389 392 2442 ut
414 2399 514 2443 earum
537 2383 676 2442 memoria
698 2383 786 2442 etiam
801 2383 853 2442 sub
868 2382 994 2442 Tiberiis
1017 2389 1048 2443 et
1068 2381 1233 2443 Neronibus
1251 2381 1283 2440 in
1305 2380 1437 2455 gentium

217 2493 317 2546 mente
336 2485 425 2546 infixa
444 2493 619 2549 remaneret.
662 2487 772 2560 Magna
791 2503 861 2546 vero
876 2503 925 2547 res
945 2493 989 2547 est
1004 2493 1036 2546 et
1053 2492 1214 2547 memoratu
1228 2486 1331 2561 digna,
1351 2503 1439 2560 quum

217 2589 393 2649 nobilissimi
415 2590 521 2664 quique
543 2590 621 2649 inter
643 2589 735 2650 victos
757 2591 874 2651 victoris
896 2591 1018 2651 virtutes
1041 2597 1209 2666 agnoscunt.
1243 2591 1345 2664 Neque
1361 2589 1438 2650 tanti

219 2692 356 2769 iacimus,
377 2694 453 2766 qnod
468 2693 604 2769 Polybius
620 2693 782 2770 confitetur,
804 2695 949 2755 Romanos
970 2712 1028 2756 uon
1050 2695 1176 2771 fortuna,
1199 2693 1252 2754 sed
1266 2692 1438 2754 fortitudine

218 2797 322 2873 animi,
360 2798 536 2874 constantia,
572 2797 645 2874 fide,
680 2799 767 2858 anxia
796 2799 945 2873 religionis
975 2816 1047 2859 cura
1074 2799 1228 2874 imperinm
1259 2797 1438 2860 obtinuisse:

218 2917 255 2960 ea
275 2899 441 2977 praedicat,
463 2919 582 2974 quornm
604 2904 756 2976 praeclara
778 2903 872 2963 adbuc
894 2904 1027 2977 exempla
1049 2903 1172 2964 viderat.
1216 2903 1275 2964 Sed
1296 2903 1327 2964 id
1349 2906 1440 2979 majo-

217 3004 258 3064 ris
286 3005 439 3082 momenti,
467 3005 543 3081 quod
563 3005 736 3066 Plutarchus
759 3014 789 3066 et
815 3007 891 3082 ipse,
921 3024 1069 3082 ,magnum
1097 3007 1169 3067 illud
1198 3023 1303 3068 nomen
1323 3007 1441 3084 populis

217 3108 418 3170 decantatnm‘
445 3110 628 3186 collaudans,
660 3110 749 3170 etiam
778 3111 809 3170 in
835 3111 1030 3186 acgeneribus
1060 3109 1127 3171 liliis
1150 3111 1302 3172 meliorum
1324 3117 1439 3186 patrum

217 3213 342 3289 vestigia
370 3215 509 3290 honorat,
548 3233 669 3290 quorum
698 3216 835 3276 virtutem
865 3222 910 3276 tot
938 3216 1016 3275 bona
1045 3215 1129 3275 bonis
1155 3233 1288 3292 parasse,
1317 3231 1440 3290 quorum

216 3316 369 3391 imperium
400 3320 528 3379 omnium
557 3321 746 3380 humanorum
776 3337 895 3394 operum
931 3319 1157 3394 pulcherrimum
1191 3335 1255 3380 esse
1285 3315 1438 3380 affirmat¹

173 3407 178 3419 “
217 3420 330 3480 Tantae
359 3421 451 3494 igitur
473 3423 608 3498 virtutes,
637 3441 712 3497 qnae
735 3424 767 3483 iu
788 3424 885 3485 media
912 3423 1021 3499 pagani
1043 3425 1152 3484 erroris
1173 3430 1203 3484 et
1225 3423 1442 3498 superstitionis

217 3522 344 3597 caligine
374 3525 518 3596 quondam
549 3525 731 3602 effulserant,
767 3545 854 3601 quum
890 3527 1043 3587 evanuisse
1071 3530 1132 3601 jam
1161 3527 1224 3589 fere
1261 3527 1440 3602 viderentur,

216 3625 313 3686 subito
347 3627 481 3700 puriores
515 3635 544 3688 et
575 3629 787 3703 praeclariores
820 3631 852 3690 in
885 3631 1023 3691 Romanis
1053 3632 1168 3692 Christo
1200 3632 1324 3692 addictis
1355 3631 1440 3706 qnasi

218 3736 340 3790 renatae
367 3737 441 3796 sunt.
485 3733 525 3792 Hi
552 3733 688 3792 nimirum
713 3751 766 3808 pro
793 3734 914 3796 meliora
943 3738 1110 3813 majoreque
1141 3737 1264 3812 quodam
1294 3751 1385 3812 regno
1408 3739 1440 3795 et

220 3834 252 3893 in
289 3835 456 3898 snbhmiorc
493 3837 598 3897 militia
638 3837 761 3897 invictos
795 3840 899 3899 heroes
928 3857 960 3900 se
992 3841 1220 3916 praestiterunt,
1255 3839 1342 3900 sicuti
1370 3839 1437 3898 ille:

218 3939 338 4016 ,Nihil,‘
368 3941 462 4016 inquit
491 3942 541 4018 ,de
568 3947 667 4002 nostra
695 3959 784 4003 cansa
813 3944 1012 4020 deprecamur,
1040 3945 1111 4020 quia
1132 3961 1188 4005 nec
1208 3945 1244 4005 de
1268 3943 1438 4003 condicione

216 4043 362 4106 miramur.
407 4045 518 4106 Scimus
541 4064 593 4106 nos
614 4047 784 4122 peregrinos
806 4048 838 4107 in
860 4055 941 4108 terra
962 4065 1067 4124 agere,
1089 4049 1168 4108 intra
1183 4053 1337 4109 extraneos
1350 4047 1438 4108 facile

218 4147 350 4208 inimicos
372 4149 515 4210 invenire.
560 4151 697 4212 Ceterum
718 4169 822 4227 genus,
845 4153 961 4229 aedem,
986 4169 1084 4229 spem,
1107 4153 1245 4230 matiam,
1266 4152 1438 4228 dignitatem

219 4251 252 4311 iu
274 4253 364 4313 coelis
387 4255 535 4316 habemns.
580 4255 710 4317 Dicimus
733 4263 763 4318 et
785 4259 882 4332 palam
912 4257 1035 4318 dicimus
1058 4263 1090 4317 et
1110 4257 1283 4318 verberibus
1302 4262 1440 4330 torquen-

302 4475 327 4542 1)
346 4475 384 4526 Oi.
402 4475 471 4540 apud
490 4475 628 4544 Polybium
653 4479 755 4542 praeter
779 4477 860 4527 multa
885 4476 938 4528 alia
963 4476 1021 4528 loca
1038 4475 1140 4530 Hister.
1158 4477 1203 4540 VI.
1224 4481 1274 4540 dd,
1300 4475 1438 4526 Plutarchi

212 4561 337 4612 Romulus
350 4563 425 4614 initio
446 4569 471 4612 et
488 4565 627 4630 praecipua
645 4563 758 4629 ejusdem
775 4563 997 4616 commentariolus
1015 4563 1047 4616 da
1065 4563 1168 4615 fortuna
1185 4565 1367 4616 Rornanorum.
