3188 5086
704 279 795 330 Cunus
813 279 858 332 vl.
1334 277 1386 333 155

167 488 468 550 Romanocatbolicae
498 491 639 549 ecclesiae
669 487 742 548 lines
764 487 871 548 factam
901 505 966 550 esse
989 493 1107 548 constat.
1153 489 1255 564 Neque
1278 486 1386 548 frustm

166 592 315 652 Erasmm
335 595 395 666 jam
419 599 487 653 ante
509 595 669 653 Lntherum
691 599 820 652 exortum
840 593 989 666 querelam
1016 592 1096 651 illam
1116 592 1201 652 Pacis
1222 595 1386 667 scripserat.

166 697 285 756 Narrat
313 699 375 756 illic
405 715 478 772 quae
506 700 566 772 jam
589 703 657 757 tunc
679 704 814 772 expertus
836 698 928 770 magis
950 698 1097 771 magisque
1122 701 1293 770 experturus
1312 702 1385 757 erat.

166 800 334 860 Irrnebant
357 803 388 859 in
411 819 477 860 enm
499 803 579 875 apud
596 817 696 861 omnes
719 806 835 875 gentes,
864 801 1025 874 quicunque
1049 801 1191 874 spirituali
1211 817 1297 874 quem
1318 817 1385 874 pro·

168 901 310 963 litabatur
344 906 556 964 christianismo
585 906 735 978 praeteriti
766 905 831 964 aevi
861 905 968 965 formas
991 909 1022 964 et
1044 906 1191 978 ingenium
1219 903 1384 978 praefracte

139 1007 371 1094 'objiciebant3
399 1008 549 1068 irruebant
571 1015 602 1067 et
629 1010 734 1083 singuli
762 1015 792 1068 et
814 1010 932 1081 junctae
961 1009 1115 1066 multorum
1137 1009 1265 1081 inprimis
1285 1024 1385 1066 mona-

169 1109 293 1169 chorum
321 1117 473 1188 catervae,
502 1113 737 1172 scholasticorum
766 1112 946 1170 doctissimus
972 1113 1091 1185 quisque
1111 1117 1153 1192 ,et
1179 1111 1384 1170 famosissimus

167 1229 234 1272 non
267 1215 361 1272 minus
398 1231 484 1288 qnam
519 1215 574 1274 viri
608 1216 758 1274 verissima
789 1215 911 1276 obscmi.
967 1215 1093 1286 Quorum
1130 1216 1255 1274 omnium
1286 1215 1384 1289 animi,

167 1316 245 1374 licat
265 1319 339 1377 alias
360 1320 439 1378 inter
460 1336 491 1378 se
514 1319 751 1392 fflscordantium,
779 1317 815 1378 de
838 1317 1007 1392 quibusdam
1029 1319 1204 1391 manaeimis
1226 1318 1312 1377 rebus
1333 1319 1383 1377 ad-

167 1433 277 1478 versus
305 1421 459 1480 Erasmum
489 1423 718 1482 consentiebant.
769 1422 850 1493 Quod
878 1427 910 1480 ut
940 1422 1104 1494 ostendam,
1132 1421 1279 1482 Sorbonae
1301 1421 1383 1480 Pari-

170 1523 293 1596 siensis,
316 1541 427 1583 summa
449 1531 517 1583 tnnc
540 1543 593 1598 per
614 1526 714 1584 orbem
734 1525 908 1584 auctoritate
937 1525 1108 1584 scholastica
1130 1525 1269 1598 fruentis,
1291 1541 1384 1598 pauca

170 1629 285 1685 tautum
316 1627 453 1701 suffragia
486 1629 669 1702 memorabo,
703 1645 738 1686 ex
770 1630 851 1702 larga
883 1629 1019 1687 similium
1052 1629 1266 1688 anathematum
1299 1629 1384 1700 eopia

172 1729 339 1804 excerpta}
382 1731 442 1789 Isto
465 1732 578 1790 scilicet
603 1730 701 1790 libello
729 1731 807 1790 haud
836 1733 926 1791 multo
944 1737 1010 1806 post
1032 1731 1251 1790 condemnatum
1275 1731 1382 1790 Lntbe·

169 1849 237 1892 rum
269 1835 410 1895 incitante
432 1835 514 1894 Beda
545 1837 641 1894 omnia
674 1836 737 1895 fere
771 1836 979 1908 comprehensa
1012 1843 1093 1910 sunt,
1126 1851 1200 1908 qnae
1230 1853 1285 1908 per
1311 1837 1382 1895 satis

170 1935 290 2010 longum
314 1943 426 2011 tempus
445 1940 492 1996 vel
513 1941 577 2012 ipsa
591 1939 721 1998 Sorbona
741 1942 789 1998 vel
811 1940 862 1998 alii
882 1939 960 1998 idem
983 1940 1143 1998 sentientes
1158 1939 1279 1998 Erasmo
1293 1940 1382 1997 etiam

172 2046 262 2112 aque
284 2041 373 2100 etiam
396 2043 509 2100 crimini
531 2041 681 2102 dederant.

258 2161 334 2220 Illud
360 2163 451 2235 igitur
477 2163 631 2237 collegium
653 2163 828 2235 declaravit,
858 2161 1010 2220 Erasmnm
1034 2167 1154 2234 ,contra
1173 2165 1220 2234 jus
1237 2165 1380 2238 naturale,

172 2264 299 2324 divinum
323 2270 352 2324 at
375 2267 530 2324 humanum
552 2267 764 2340 praetendisse,
786 2283 925 2340 nusquam
949 2266 1135 2324 sacerdotalis
1158 2273 1208 2325 aut
1230 2268 1379 2342 episcopa-

170 2369 208 2427 lis
229 2367 318 2428 officii
338 2385 416 2446 esse,
435 2371 586 2443 Principes
608 2371 748 2430 inducere
771 2371 809 2429 ad
831 2371 1067 2443 exstirpationem
1087 2371 1316 2445 haereticorum,
1338 2373 1380 2430 ita

170 2488 225 2530 nec
250 2474 299 2546 pie
326 2491 381 2532 nec
405 2476 517 2534 utiliter
538 2475 716 2548 profectibus
739 2475 849 2533 consuli
872 2474 1115 2548 Christianorum,
1145 2491 1245 2533 varum
1267 2476 1381 2535 fortitu-

170 2574 245 2634 dinis
271 2577 360 2636 robur
386 2578 418 2636 in
448 2577 628 2638 adremarios
655 2576 724 2637 fidei
762 2577 915 2637 enervari‘
966 2579 1025 2652 Ipsi
1054 2579 1148 2637 ordini
1176 2579 1231 2638 boc
1256 2581 1378 2653 placuit:

171 2680 240 2754 ,Est
267 2682 440 2740 catholicum
470 2689 501 2740 et
530 2681 587 2741 fide
612 2683 781 2757 tenendum,
809 2699 868 2741 non
890 2684 983 2742 solnm
1005 2683 1095 2741 licere
1117 2683 1169 2742 sed
1191 2689 1222 2742 et
1243 2689 1378 2758 oportere

169 2785 332 2844 haereticos
354 2787 520 2859 pertinaces
544 2793 673 2846 extremo
696 2787 837 2860 supplicio
858 2788 976 2860 punire,
1005 2787 1120 2860 quando
1142 2788 1216 2846 citra
1235 2790 1378 2861 jacturam

169 2893 200 2946 et
225 2890 383 2961 periculum
411 2890 588 2962 reipublicae
615 2891 645 2949 id
666 2890 728 2949 fieri
753 2895 866 2964 potest‘
910 2891 1023 2949 Eodem
1045 2889 1163 2950 decreto
1185 2891 1313 2964 theologi
1334 2893 1378 2949 illi

168 2991 320 3051 Erasmum
346 2998 467 3067 propter
495 2993 637 3052 rainatas
664 2995 775 3052 fabulas
794 2996 946 3052 nonnullas
969 2994 1136 3066 historicas,
1169 2995 1269 3066 quales
1291 3011 1378 3066 snpra

166 3097 346 3171 notammns,
375 3097 652 3172 condemnaverunt,
678 3097 736 3156 fide
764 3099 858 3155 teneri
884 3097 1033 3169 jnbentes,
1063 3095 1222 3169 symbolum
1241 3098 1377 3168 apostoli·

167 3217 245 3274 cum,
262 3202 339 3274 quod
358 3200 473 3276 dicitur,
496 3219 566 3261 uere
586 3203 624 3260 ab
646 3201 715 3274 ipsis
738 3200 877 3274 apostolis
900 3216 964 3258 esse
987 3199 1190 3273 compositum,
1211 3199 1316 3258 librum
1339 3199 1375 3260 de

165 3305 284 3364 coelesti
319 3305 484 3364 hierarchia
519 3307 696 3379 aDionysio
722 3305 900 3378 Areopagita
932 3319 1001 3362 vere
1034 3304 1233 3377 conscriptum.
1283 3302 1376 3362 Iidem

165 3409 311 3480 publicata
337 3411 407 3490 alia·
427 3411 652 3484 ,conclusione,‘
682 3426 757 3483 quae
779 3409 940 3482 dicebatur,
970 3407 1178 3484 decreverunt,
1209 3407 1376 3484 ,Erasmum

165 3513 194 3570 in
218 3512 305 3570 editis
327 3513 476 3586 colloquiis
504 3515 665 3587 perniciose
697 3515 890 3587 eloquentiam
915 3530 996 3572 anam
1016 3519 1184 3574 convertere
1207 3513 1245 3572 ad
1267 3514 1376 3573 instau-

164 3615 270 3674 randos
289 3623 320 3675 et
342 3617 549 3690 quodammodo
564 3619 712 3677 hominum
734 3620 836 3676 animis
859 3619 1041 3678 instillandos
1064 3618 1240 3678 damnandos
1261 3634 1376 3676 errores

165 3721 351 3794 Asianorum,
374 3721 630 3796 Vniclevistsrnm,
661 3723 930 3796 Jouiniunisternm,
952 3722 1233 3796 Lamperianiorum,
1256 3721 1376 3780 Salden-

164 3824 252 3897 sium,
275 3823 506 3899 Beguardornm,
529 3826 761 3884 Lutberanorum
784 3830 815 3883 et
837 3826 957 3883 aliorum
974 3827 1128 3883 multorum
1143 3821 1374 3882 haereticorum!

164 3926 264 4000 Neque
288 3927 477 3987 illustrissimi
506 3929 615 3988 ordinis
646 3929 767 3987 decreta
794 3929 872 3985 intra
900 3929 1028 3999 parietas
1051 3927 1201 3984 delituisse
1224 3925 1375 3996 qnisquam

163 4033 316 4102 putaverit
369 4033 587 4106 Spargebantnr
624 4049 678 4105 per
704 4049 804 4090 omnes
833 4037 942 4104 terras,
972 4029 1172 4088 acclamabant
1202 4029 1238 4086 iis
1268 4029 1374 4102 ubique

162 4135 374 4209 triumphantes
406 4142 436 4195 et
470 4137 627 4209 jnbilantes
664 4134 869 4194 monachorum
904 4133 1050 4206 cobortes,
1079 4130 1248 4192 fidelissima
1275 4133 1373 4192 curiae

162 4239 286 4312 auxilia,
305 4239 396 4298 etiam
418 4239 497 4313 plebi
520 4240 556 4298 de
579 4243 715 4312 suggestu
738 4237 906 4309 saepissime
928 4236 1100 4294 tumultuose
1124 4237 1373 4296 renuntiabantur.

248 4530 274 4599 1)
294 4533 361 4599 Opp.
380 4533 427 4588 IX.
449 4550 473 4598 p.
487 4539 539 4585 814
552 4550 585 4586 ss.
