3202 5058
252 309 288 364 48
736 315 837 368 Pharus
856 316 971 366 Paruum

252 529 406 604 sodalibus,
429 531 479 602 qui
502 546 533 588 se
553 530 704 604 vocabant,
726 531 863 590 meliores
881 537 912 589 et
927 530 1084 590 nobiliores
1099 547 1130 590 se
1146 537 1304 616 gesserant.
1332 531 1372 589 Hi
1386 531 1462 590 enim

252 629 302 715 (de
325 635 466 693 universis
490 634 569 709 dico,
597 651 655 694 non
678 635 715 694 de
737 634 858 708 singulis
881 636 990 709 pietate
1019 629 1155 715 sinceris)
1176 641 1373 709 nuncupatum
1394 651 1463 708 pau-
1571 697 1572 704 ,

249 741 371 812 perlatis
399 746 494 798 votum
524 741 595 798 satis
624 745 719 798 astute
748 754 863 812 semper
892 741 1059 819 eluserunt,
1089 740 1339 813 frequentissimae
1361 741 1391 798 iu
1415 757 1463 800 eos

251 839 297 923 (ut
318 845 360 902 ait
390 842 523 902 Clemens
546 838 628 923 XIV)
656 843 764 916 ,factae
792 849 859 902 sunt
889 844 926 903 de
955 846 1045 904 nimia
1072 846 1253 918 potissimum
1282 850 1462 904 terrenorum
1571 859 1572 872 ¹

250 941 389 1008 bonorum
422 947 579 1022 cupiditate
614 943 849 1020 accusationes3‘
883 949 1034 1024 Tiberina,
1068 949 1099 1008 id
1130 949 1205 1022 quod
1232 947 1363 1022 pluribus
1392 951 1463 1008 locis
1571 993 1572 1010 r

249 1053 393 1112 collaudat
417 1052 546 1126 Tacitus,
568 1049 666 1110 firmus
687 1052 825 1112 adsersus
844 1055 1011 1128 pecuniam,
1034 1071 1053 1112 a
1076 1054 1283 1126 captandarum
1306 1054 1463 1112 haeridita·
1571 1061 1572 1072 ¹

247 1165 307 1217 tum
347 1159 396 1216 vel
430 1158 527 1230 specie
560 1157 743 1216 abhorrebat.
798 1157 935 1217 Ceterum
970 1158 1100 1231 eiusdem
1133 1159 1262 1232 tyrannis
1308 1174 1399 1231 parua
1433 1165 1463 1216 et
1571 1207 1572 1236 ,

246 1263 359 1322 modica
384 1259 473 1320 fuisse
495 1261 588 1320 videri
614 1268 725 1336 potest,
754 1263 779 1320 si
808 1275 872 1320 cum
893 1261 1071 1321 Jesuitamm
1093 1262 1244 1336 tyrannide
1271 1267 1462 1334 comparetur.

247 1369 329 1427 Haec
360 1367 438 1426 enim
468 1383 526 1425 non
551 1383 606 1440 per
635 1373 694 1425 tres
723 1373 754 1426 et
775 1369 878 1441 viginti
902 1385 1006 1442 anuos,
1037 1367 1089 1426 sed
1111 1385 1165 1441 per
1186 1369 1286 1426 secula
1306 1366 1462 1440 manebat,
1571 1375 1572 1392 ¹

246 1479 358 1530 terrore
392 1488 443 1528 suo
473 1487 531 1530 uon
562 1486 648 1528 unam
678 1472 795 1546 urbem,
829 1472 882 1531 sed
911 1489 1045 1546 maguam
1066 1472 1186 1530 humani
1208 1472 1325 1546 generis
1347 1477 1462 1544 partem

246 1578 398 1636 attonitam
426 1576 542 1649 caepim
576 1577 685 1650 tenuit;
719 1576 857 1636 caedibus
884 1594 943 1636 non
972 1567 1149 1650 singulorum
1182 1577 1234 1635 sed
1263 1578 1460 1635 universarum

245 1681 375 1754 gentium
402 1679 611 1746 delectabatur,
641 1680 713 1738 elias
736 1681 874 1740 adversus
896 1683 970 1739 alias
992 1682 1057 1754 plus
1079 1681 1169 1740 semel
1192 1682 1349 1752 instigans,
1372 1681 1462 1753 inpri-

246 1787 300 1844 mis
324 1785 510 1844 Germaniam
529 1784 720 1844 rebellantem
743 1779 787 1865 (id
809 1785 886 1858 quod
902 1803 996 1858 nuper
1010 1786 1122 1844 monuit
1143 1779 1361 1864 Doellingerus)
1384 1785 1461 1842 exci-

246 1896 308 1949 tato
345 1890 408 1948 diro
446 1890 567 1963 triginta
602 1905 741 1948 annorum
775 1889 852 1949 bello
892 1896 951 1948 tam
990 1891 1118 1963 graviter
1146 1890 1304 1963 percussit,
1340 1895 1373 1947 ut
1411 1905 1459 1947 res

244 1995 380 2069 publicae
404 1996 466 2068 eJus
484 2011 539 2068 per
560 1994 676 2067 longum
705 1994 774 2052 inde
797 2011 900 2053 aevum
922 1995 1102 2054 miserrimae
1126 2001 1157 2052 et
1178 1995 1360 2067 turpissimae
1378 1997 1460 2068 jaee-

244 2106 319 2158 rent
363 2099 465 2172 Neque
494 2099 618 2157 societas
650 2099 828 2157 Jesuitamm
856 2100 1045 2172 perpetravit·
1060 2104 1172 2157 tantum
1201 2097 1325 2173 flagitia,
1358 2115 1459 2156 verum

245 2205 334 2264 etiam
357 2204 520 2277 sophisticis
543 2208 574 2261 et
596 2203 787 2278 seandalosis‚
810 2219 881 2276 quas
903 2203 1090 2277 probissimus
1112 2203 1193 2276 Papa
1215 2203 1300 2276 dixit,
1320 2203 1459 2261 doctrinis

244 2308 405 2369 defendere
421 2310 526 2382 omnia,
548 2308 634 2366 immo
650 2309 776 2380 pessima
790 2325 931 2382 quaeque,
955 2308 1069 2381 caedes,
1091 2307 1216 2382 fraudes,
1238 2309 1377 2382 perjuria,
1392 2307 1459 2366 red·

243 2413 314 2472 dere
337 2413 414 2470 boua
429 2413 597 2484 conabatur,
619 2411 705 2484 idque
728 2413 834 2484 partim
856 2419 916 2470 tam
939 2412 1053 2485 callide,
1071 2418 1103 2470 ut
1122 2412 1231 2470 ordinis
1247 2412 1458 2485 gubernatores

242 2516 389 2576 horrenda
418 2515 559 2589 ejusmodi
587 2514 763 2586 sophismata
791 2532 843 2588 pro
872 2515 965 2574 lubitu
992 2515 1040 2574 vel
1066 2518 1098 2574 in
1124 2534 1206 2574 usum
1229 2533 1309 2574 suum
1332 2522 1458 2590 vertere,

241 2623 289 2680 vel
315 2627 348 2678 ut
375 2619 450 2678 male
472 2619 622 2678 intellectu
652 2625 682 2678 et
704 2636 722 2678 a
744 2620 1000 2680 calumniatoribus
1022 2637 1161 2694 peruersa
1182 2621 1306 2694 reiicere
1329 2627 1457 2694 possent.

242 2727 290 2784 Sic
319 2725 407 2784 etiam
429 2729 495 2797 post
518 2724 697 2782 immortales
718 2722 843 2783 Pascalii
872 2725 986 2784 litteras
1017 2723 1113 2783 fucum
1147 2725 1245 2784 iacere
1279 2725 1457 2798 simplicibus

241 2829 344 2889 animis
375 2843 531 2900 eorumque
555 2827 632 2886 haud
659 2845 766 2901 paucos
793 2831 824 2888 in
851 2831 960 2889 ordinis
983 2831 1101 2889 servitio
1131 2831 1260 2888 retinere
1280 2846 1340 2887 non
1361 2829 1456 2888 desie-

241 2941 322 3007 runt,
346 2931 440 2991 studio
461 2932 641 3006 propagandi
662 2933 747 3005 regni
771 2933 860 2992 divini
882 2951 914 2992 se
936 2935 1044 2993 moveri
1065 2935 1146 3008 aliis,
1168 2934 1291 2993 fortasse
1314 2933 1456 3006 sibiipsis

240 3043 459 3113 persuaserunt,
493 3037 617 3110 denique
646 3036 793 3096 Christum
828 3043 859 3096 ct
890 3038 984 3097 Belial
1020 3045 1080 3097 tum
1119 3055 1235 3112 prorsus
1268 3038 1456 3112 singulariter

239 3145 426 3204 commiscere
454 3148 658 3217 perrexerunt,
686 3149 719 3202 ut
739 3143 869 3216 religiosi
890 3143 1073 3202 historiarum
1099 3149 1343 3218 perscrutatores,
1371 3142 1455 3215 quid-

238 3267 306 3310 nam
325 3251 356 3308 in
379 3249 500 3323 singulis
522 3249 635 3307 illorum
659 3248 830 3322 coelestem,
859 3223 994 3320 quidnam
1018 3247 1192 3308 infernalem
1216 3249 1347 3320 spiritum
1367 3247 1454 3305 redc-

238 3354 327 3426 leret,
355 3359 493 3411 accurate
517 3352 695 3426 distinguere
716 3353 764 3410 vix
787 3352 849 3410 susi
872 3352 938 3410 siut.

325 3456 379 3514 His
401 3457 489 3529 igitur
508 3456 639 3513 omnibus
662 3457 843 3528 aliquatenus
865 3457 1027 3530 perspectis
1049 3455 1181 3515 Clemens
1203 3455 1279 3514 XIV.
1302 3456 1378 3513 solos
1401 3471 1453 3513 eos

238 3556 407 3632 Pontifices,
429 3558 589 3630 quitantia
611 3557 724 3616 damnis
746 3558 886 3618 obluctati
908 3565 1019 3628 essent,
1039 3577 1074 3619 er
1092 3577 1162 3620 vero
1184 3559 1359 3618 christianae
1382 3559 1452 3617 reli-

236 3663 331 3738 gionis
353 3669 386 3722 et
408 3663 550 3721 ecelesiae
576 3663 694 3736 iugenio
717 3664 811 3737 egisse
832 3664 906 3722 vidit
932 3681 1089 3737 eorumque
1112 3666 1229 3738 incepta
1250 3680 1451 3722 consmnmare

236 3770 292 3830 sibi
325 3767 484 3842 proposuit
539 3766 643 3839 ltaque
682 3767 862 3826 sollemniter
901 3768 1074 3844 declaravit,
1111 3767 1188 3844 ‚fieri
1224 3775 1277 3826 aut
1319 3769 1367 3827 vix
1400 3773 1453 3826 ant

236 3875 315 3934 nullo
344 3873 430 3932 modo
458 3865 560 3946 posse,
590 3877 622 3929 ut
649 3871 702 3930 illa
732 3873 873 3932 societate
901 3874 1043 3932 incolume
1066 3879 1203 3933 manente
1226 3889 1319 3932 vera
1340 3889 1397 3946 pax
1415 3888 1452 3930 ac

235 3981 408 4039 diuturna
430 3977 572 4038 ecclesiae
595 3977 818 4039 restitueretur.‘
852 3976 973 4037 Addidit
994 3985 1028 4036 ut
1051 3995 1086 4037 ex
1103 3977 1244 4038 cathedra
1259 3978 1333 4036 haec
1347 3975 1451 4034 verba:

236 4085 370 4159 ,Maturo
401 4083 540 4156 consilio,
570 4098 606 4141 ex
635 4087 718 4142 certa
739 4083 861 4141 scientia
885 4088 915 4141 et
937 4081 1117 4156 plenitudine
1138 4083 1291 4156 potestatis
1314 4081 1452 4154 apostoli-

235 4205 302 4263 cae,
335 4203 423 4260 saepe
456 4188 564 4246 dictam
597 4186 766 4246 societatem
799 4187 1006 4260 exstinguimus
1039 4193 1069 4246 et
1102 4188 1322 4261 supprimimus}
1367 4184 1451 4256 Quod

235 4293 385 4352 decretum
407 4291 554 4365 ingentem
576 4291 752 4351 Jesuitarum
776 4309 932 4364 eorumque
956 4293 1132 4350 asseclarum
1155 4290 1284 4350 furorem
1305 4287 1451 4360 conflavit,

234 4413 287 4470 per
314 4396 480 4454 universum
508 4395 572 4455 fere
602 4395 705 4456 orbem
733 4401 764 4454 ct
789 4411 843 4470 per
871 4397 956 4468 plura
984 4397 1077 4455 lustra
1107 4398 1310 4469 pertinentem.
1367 4393 1451 4452 Tunc

235 4518 335 4560 eorum
364 4500 515 4574 permulti,
548 4499 671 4560 fortasse
694 4501 828 4574 plurimi,
854 4501 1055 4574 jusjurandum
1077 4517 1159 4560 snum
1180 4501 1325 4572 ridentes,
1352 4498 1449 4558 rebel-

233 4605 276 4664 ies
312 4605 450 4664 adsersus
483 4603 582 4662 sedem
615 4603 774 4663 &manum
809 4611 1006 4666 surrexerunt.
1061 4605 1095 4664 ld
1127 4603 1202 4678 quod
1235 4604 1338 4676 Lojola
1371 4603 1448 4662 olam
