<?xml version="1.0" encoding="UTF-8"?>
<!DOCTYPE html PUBLIC "-//W3C//DTD XHTML 1.0 Transitional//EN"
    "http://www.w3.org/TR/xhtml1/DTD/xhtml1-transitional.dtd">
<html xmlns="http://www.w3.org/1999/xhtml" xml:lang="en" lang="en">
 <head>
  <title>
</title>
<meta http-equiv="Content-Type" content="text/html;charset=utf-8" />
  <meta name='ocr-system' content='tesseract 3.04.00' />
  <meta name='ocr-capabilities' content='ocr_page ocr_carea ocr_par ocr_line ocrx_word'/>
</head>
<body>
  <div class='ocr_page' id='page_1' title='image "./erasmusredivivu00schlgoog_0129.png"; bbox 0 0 3188 5086; ppageno 0'>
   <div class='ocr_carea' id='block_1_1' title="bbox 227 281 951 340">
    <p class='ocr_par' dir='ltr' id='par_1_1' title="bbox 227 281 951 340">
     <span class='ocr_line' id='line_1_1' title="bbox 227 281 951 340; baseline -0.003 -2"><span class='ocrx_word' id='word_1_1' title='bbox 227 283 279 340; x_wconf 81' lang='lat'>112</span> <span class='ocrx_word' id='word_1_2' title='bbox 715 281 816 337; x_wconf 73' lang='lat' dir='ltr'>Prima</span> <span class='ocrx_word' id='word_1_3' title='bbox 833 281 951 336; x_wconf 77' lang='lat' dir='ltr'>Parente</span> 
     </span>
    </p>
   </div>
   <div class='ocr_carea' id='block_1_2' title="bbox 218 495 1445 4325">
    <p class='ocr_par' dir='ltr' id='par_1_2' title="bbox 222 495 1445 1927">
     <span class='ocr_line' id='line_1_2' title="bbox 224 495 1445 575; baseline -0.004 -15"><span class='ocrx_word' id='word_1_4' title='bbox 224 497 565 575; x_wconf 85' lang='lat' dir='ltr'>peccatis,p1incipium</span> <span class='ocrx_word' id='word_1_5' title='bbox 586 496 739 558; x_wconf 89' lang='lat' dir='ltr'>babuisse‘</span> <span class='ocrx_word' id='word_1_6' title='bbox 766 497 970 572; x_wconf 84' lang='lat' dir='ltr'>contenderet,</span> <span class='ocrx_word' id='word_1_7' title='bbox 993 495 1077 556; x_wconf 90' lang='lat' dir='ltr'>multi</span> <span class='ocrx_word' id='word_1_8' title='bbox 1098 513 1163 556; x_wconf 86' lang='lat' dir='ltr'>oum</span> <span class='ocrx_word' id='word_1_9' title='bbox 1185 496 1309 572; x_wconf 85' lang='lat' dir='ltr'>Hugune</span> <span class='ocrx_word' id='word_1_10' title='bbox 1330 496 1445 556; x_wconf 84' lang='lat' dir='ltr'>Floria·</span> 
     </span>
     <span class='ocr_line' id='line_1_3' title="bbox 224 599 1443 674; baseline -0.002 -11"><span class='ocrx_word' id='word_1_11' title='bbox 224 603 305 664; x_wconf 89' lang='lat' dir='ltr'>censi</span> <span class='ocrx_word' id='word_1_12' title='bbox 332 619 397 664; x_wconf 90' lang='lat' dir='ltr'>eam</span> <span class='ocrx_word' id='word_1_13' title='bbox 427 601 604 663; x_wconf 88' lang='lat' dir='ltr'>sententiam</span> <span class='ocrx_word' id='word_1_14' title='bbox 630 599 764 661; x_wconf 82' lang='lat' dir='ltr'>frivolam</span> <span class='ocrx_word' id='word_1_15' title='bbox 791 618 856 661; x_wconf 89' lang='lat' dir='ltr'>esse</span> <span class='ocrx_word' id='word_1_16' title='bbox 888 608 919 662; x_wconf 86' lang='lat' dir='ltr'>et</span> <span class='ocrx_word' id='word_1_17' title='bbox 946 600 1064 660; x_wconf 79' lang='lat' dir='ltr'>disertis</span> <span class='ocrx_word' id='word_1_18' title='bbox 1085 601 1170 660; x_wconf 90' lang='lat' dir='ltr'>Pauli</span> <span class='ocrx_word' id='word_1_19' title='bbox 1194 600 1317 674; x_wconf 81' lang='lat' dir='ltr'>apostoli</span> <span class='ocrx_word' id='word_1_20' title='bbox 1345 601 1443 660; x_wconf 85' lang='lat' dir='ltr'>verbis</span> 
     </span>
     <span class='ocr_line' id='line_1_4' title="bbox 224 704 1443 782; baseline -0.002 -16"><span class='ocrx_word' id='word_1_21' title='bbox 224 707 401 768; x_wconf 74' lang='lat' dir='ltr'>sennanim</span> <span class='ocrx_word' id='word_1_22' title='bbox 418 707 650 782; x_wconf 74' lang='lat' dir='ltr'>judicaverunt.¹</span> <span class='ocrx_word' id='word_1_23' title='bbox 695 704 791 764; x_wconf 85' lang='lat' dir='ltr'>Grave</span> <span class='ocrx_word' id='word_1_24' title='bbox 815 711 846 765; x_wconf 88' lang='lat' dir='ltr'>et</span> <span class='ocrx_word' id='word_1_25' title='bbox 868 705 1067 765; x_wconf 85' lang='lat' dir='ltr'>calamitosum</span> <span class='ocrx_word' id='word_1_26' title='bbox 1089 711 1239 764; x_wconf 87' lang='lat' dir='ltr'>certamen</span> <span class='ocrx_word' id='word_1_27' title='bbox 1259 705 1345 780; x_wconf 94' lang='lat' dir='ltr'>illud,</span> <span class='ocrx_word' id='word_1_28' title='bbox 1367 706 1443 780; x_wconf 91' lang='lat' dir='ltr'>qnod</span> 
     </span>
     <span class='ocr_line' id='line_1_5' title="bbox 226 808 1440 888; baseline -0.002 -17"><span class='ocrx_word' id='word_1_29' title='bbox 226 817 384 888; x_wconf 87' lang='lat' dir='ltr'>propterea</span> <span class='ocrx_word' id='word_1_30' title='bbox 405 809 539 886; x_wconf 82' lang='lat' dir='ltr'>inprimis</span> <span class='ocrx_word' id='word_1_31' title='bbox 561 809 677 871; x_wconf 78' lang='lat' dir='ltr'>suevici</span> <span class='ocrx_word' id='word_1_32' title='bbox 699 809 854 884; x_wconf 83' lang='lat' dir='ltr'>Caesares,</span> <span class='ocrx_word' id='word_1_33' title='bbox 876 809 974 884; x_wconf 88' lang='lat' dir='ltr'>magni</span> <span class='ocrx_word' id='word_1_34' title='bbox 996 815 1026 869; x_wconf 88' lang='lat' dir='ltr'>et</span> <span class='ocrx_word' id='word_1_35' title='bbox 1046 808 1193 884; x_wconf 85' lang='lat' dir='ltr'>praeclari</span> <span class='ocrx_word' id='word_1_36' title='bbox 1215 825 1252 868; x_wconf 85' lang='lat' dir='ltr'>ex</span> <span class='ocrx_word' id='word_1_37' title='bbox 1272 815 1357 884; x_wconf 87' lang='lat' dir='ltr'>parte</span> <span class='ocrx_word' id='word_1_38' title='bbox 1375 809 1440 880; x_wconf 85' lang='lat' dir='ltr'>viri,</span> 
     </span>
     <span class='ocr_line' id='line_1_6' title="bbox 224 912 1442 990; baseline -0.004 -14"><span class='ocrx_word' id='word_1_39' title='bbox 224 932 290 976; x_wconf 90' lang='lat' dir='ltr'>cum</span> <span class='ocrx_word' id='word_1_40' title='bbox 326 913 510 990; x_wconf 82' lang='lat' dir='ltr'>pontificibus</span> <span class='ocrx_word' id='word_1_41' title='bbox 544 912 651 974; x_wconf 90' lang='lat' dir='ltr'>deinde</span> <span class='ocrx_word' id='word_1_42' title='bbox 679 912 823 988; x_wconf 88' lang='lat' dir='ltr'>inierunt,</span> <span class='ocrx_word' id='word_1_43' title='bbox 853 912 981 986; x_wconf 86' lang='lat' dir='ltr'>quamvis</span> <span class='ocrx_word' id='word_1_44' title='bbox 1017 929 1076 972; x_wconf 93' lang='lat' dir='ltr'>uon</span> <span class='ocrx_word' id='word_1_45' title='bbox 1103 912 1166 972; x_wconf 89' lang='lat' dir='ltr'>sine</span> <span class='ocrx_word' id='word_1_46' title='bbox 1198 912 1324 986; x_wconf 92' lang='lat' dir='ltr'>ipsorum</span> <span class='ocrx_word' id='word_1_47' title='bbox 1357 914 1442 987; x_wconf 88' lang='lat' dir='ltr'>culpa</span> 
     </span>
     <span class='ocr_line' id='line_1_7' title="bbox 222 1015 1442 1093; baseline -0.002 -14"><span class='ocrx_word' id='word_1_48' title='bbox 222 1019 378 1080; x_wconf 83' lang='lat' dir='ltr'>inferiores</span> <span class='ocrx_word' id='word_1_49' title='bbox 399 1017 605 1093; x_wconf 75' lang='lat' dir='ltr'>discesserint,</span> <span class='ocrx_word' id='word_1_50' title='bbox 627 1017 752 1092; x_wconf 87' lang='lat' dir='ltr'>posteris</span> <span class='ocrx_word' id='word_1_51' title='bbox 774 1025 872 1076; x_wconf 69' lang='lat' dir='ltr'>nmen</span> <span class='ocrx_word' id='word_1_52' title='bbox 887 1015 1049 1077; x_wconf 77' lang='lat' dir='ltr'>feliciorem</span> <span class='ocrx_word' id='word_1_53' title='bbox 1063 1016 1211 1092; x_wconf 89' lang='lat' dir='ltr'>pugnandi</span> <span class='ocrx_word' id='word_1_54' title='bbox 1226 1033 1358 1091; x_wconf 87' lang='lat' dir='ltr'>campum</span> <span class='ocrx_word' id='word_1_55' title='bbox 1372 1033 1442 1090; x_wconf 91' lang='lat' dir='ltr'>ape-</span> 
     </span>
     <span class='ocr_line' id='line_1_8' title="bbox 223 1120 1441 1196; baseline -0.002 -13"><span class='ocrx_word' id='word_1_56' title='bbox 223 1123 290 1184; x_wconf 90' lang='lat' dir='ltr'>rnit.</span> <span class='ocrx_word' id='word_1_57' title='bbox 335 1122 494 1184; x_wconf 82' lang='lat' dir='ltr'>Pnaeteriti</span> <span class='ocrx_word' id='word_1_58' title='bbox 524 1121 603 1182; x_wconf 90' lang='lat' dir='ltr'>enim</span> <span class='ocrx_word' id='word_1_59' title='bbox 632 1121 771 1196; x_wconf 86' lang='lat' dir='ltr'>temporis</span> <span class='ocrx_word' id='word_1_60' title='bbox 791 1137 934 1181; x_wconf 85' lang='lat' dir='ltr'>memores</span> <span class='ocrx_word' id='word_1_61' title='bbox 963 1126 1064 1195; x_wconf 87' lang='lat' dir='ltr'>postca</span> <span class='ocrx_word' id='word_1_62' title='bbox 1087 1120 1176 1181; x_wconf 88' lang='lat' dir='ltr'>etiam</span> <span class='ocrx_word' id='word_1_63' title='bbox 1196 1120 1230 1180; x_wconf 91' lang='lat' dir='ltr'>in</span> <span class='ocrx_word' id='word_1_64' title='bbox 1250 1120 1337 1180; x_wconf 86' lang='lat' dir='ltr'>Italia</span> <span class='ocrx_word' id='word_1_65' title='bbox 1357 1138 1441 1195; x_wconf 88' lang='lat' dir='ltr'>prse-</span> 
     </span>
     <span class='ocr_line' id='line_1_9' title="bbox 226 1224 1442 1302; baseline -0.003 -14"><span class='ocrx_word' id='word_1_66' title='bbox 226 1227 380 1288; x_wconf 85' lang='lat' dir='ltr'>clarissimi</span> <span class='ocrx_word' id='word_1_67' title='bbox 401 1225 471 1301; x_wconf 79' lang='lat' dir='ltr'>uiri,</span> <span class='ocrx_word' id='word_1_68' title='bbox 498 1225 612 1302; x_wconf 88' lang='lat' dir='ltr'>Dante,</span> <span class='ocrx_word' id='word_1_69' title='bbox 637 1225 813 1300; x_wconf 87' lang='lat' dir='ltr'>Petrarcba,</span> <span class='ocrx_word' id='word_1_70' title='bbox 837 1225 888 1285; x_wconf 88' lang='lat' dir='ltr'>alii</span> <span class='ocrx_word' id='word_1_71' title='bbox 910 1224 1090 1298; x_wconf 85' lang='lat' dir='ltr'>reipublicae</span> <span class='ocrx_word' id='word_1_72' title='bbox 1111 1231 1142 1284; x_wconf 88' lang='lat' dir='ltr'>et</span> <span class='ocrx_word' id='word_1_73' title='bbox 1157 1225 1300 1285; x_wconf 88' lang='lat' dir='ltr'>ecclesiae</span> <span class='ocrx_word' id='word_1_74' title='bbox 1320 1226 1442 1284; x_wconf 87' lang='lat' dir='ltr'>salutem</span> 
     </span>
     <span class='ocr_line' id='line_1_10' title="bbox 224 1329 1442 1406; baseline -0.004 -12"><span class='ocrx_word' id='word_1_75' title='bbox 224 1332 261 1394; x_wconf 85' lang='lat' dir='ltr'>ab</span> <span class='ocrx_word' id='word_1_76' title='bbox 286 1330 511 1406; x_wconf 72' lang='lat' dir='ltr'>imperatoribus</span> <span class='ocrx_word' id='word_1_77' title='bbox 533 1329 714 1391; x_wconf 80' lang='lat' dir='ltr'>Germanicis</span> <span class='ocrx_word' id='word_1_78' title='bbox 744 1335 993 1404; x_wconf 85' lang='lat' dir='ltr'>exspectaverunt</span> <span class='ocrx_word' id='word_1_79' title='bbox 1043 1330 1123 1402; x_wconf 83' lang='lat' dir='ltr'>Quae</span> <span class='ocrx_word' id='word_1_80' title='bbox 1152 1329 1269 1402; x_wconf 88' lang='lat' dir='ltr'>quidem</span> <span class='ocrx_word' id='word_1_81' title='bbox 1297 1345 1364 1404; x_wconf 86' lang='lat' dir='ltr'>spes</span> <span class='ocrx_word' id='word_1_82' title='bbox 1391 1345 1442 1389; x_wconf 89' lang='lat' dir='ltr'>eos</span> 
     </span>
     <span class='ocr_line' id='line_1_11' title="bbox 223 1434 1442 1513; baseline -0.002 -17"><span class='ocrx_word' id='word_1_83' title='bbox 223 1435 345 1513; x_wconf 87' lang='lat' dir='ltr'>ielsllit,</span> <span class='ocrx_word' id='word_1_84' title='bbox 373 1435 425 1494; x_wconf 88' lang='lat' dir='ltr'>sed</span> <span class='ocrx_word' id='word_1_85' title='bbox 455 1452 503 1496; x_wconf 90' lang='lat' dir='ltr'>res</span> <span class='ocrx_word' id='word_1_86' title='bbox 532 1434 634 1495; x_wconf 87' lang='lat' dir='ltr'>civiles</span> <span class='ocrx_word' id='word_1_87' title='bbox 663 1434 785 1494; x_wconf 84' lang='lat' dir='ltr'>fortiore</span> <span class='ocrx_word' id='word_1_88' title='bbox 811 1434 895 1508; x_wconf 89' lang='lat' dir='ltr'>qnasi</span> <span class='ocrx_word' id='word_1_89' title='bbox 917 1434 1055 1494; x_wconf 73' lang='lat' dir='ltr'>edvems</span> <span class='ocrx_word' id='word_1_90' title='bbox 1084 1449 1207 1508; x_wconf 89' lang='lat' dir='ltr'>regnum</span> <span class='ocrx_word' id='word_1_91' title='bbox 1228 1435 1334 1508; x_wconf 86' lang='lat' dir='ltr'>papale</span> <span class='ocrx_word' id='word_1_92' title='bbox 1354 1450 1442 1494; x_wconf 90' lang='lat' dir='ltr'>mann</span> 
     </span>
     <span class='ocr_line' id='line_1_12' title="bbox 224 1537 1442 1615; baseline -0.002 -15"><span class='ocrx_word' id='word_1_93' title='bbox 224 1556 331 1615; x_wconf 86' lang='lat' dir='ltr'>egere,</span> <span class='ocrx_word' id='word_1_94' title='bbox 360 1545 441 1599; x_wconf 88' lang='lat' dir='ltr'>recte</span> <span class='ocrx_word' id='word_1_95' title='bbox 471 1539 618 1600; x_wconf 83' lang='lat' dir='ltr'>videbant.</span> <span class='ocrx_word' id='word_1_96' title='bbox 669 1539 765 1612; x_wconf 81' lang='lat' dir='ltr'>Atque</span> <span class='ocrx_word' id='word_1_97' title='bbox 789 1540 849 1613; x_wconf 87' lang='lat' dir='ltr'>jam</span> <span class='ocrx_word' id='word_1_98' title='bbox 879 1556 915 1600; x_wconf 86' lang='lat' dir='ltr'>ex</span> <span class='ocrx_word' id='word_1_99' title='bbox 941 1555 978 1598; x_wconf 92' lang='lat' dir='ltr'>eo</span> <span class='ocrx_word' id='word_1_100' title='bbox 998 1545 1129 1612; x_wconf 88' lang='lat' dir='ltr'>tempore</span> <span class='ocrx_word' id='word_1_101' title='bbox 1151 1537 1280 1598; x_wconf 79' lang='lat' dir='ltr'>strictior</span> <span class='ocrx_word' id='word_1_102' title='bbox 1300 1538 1442 1613; x_wconf 88' lang='lat' dir='ltr'>quaedam</span> 
     </span>
     <span class='ocr_line' id='line_1_13' title="bbox 224 1641 1442 1718; baseline -0.001 -15"><span class='ocrx_word' id='word_1_103' title='bbox 224 1642 517 1704; x_wconf 85' lang='lat' dir='ltr'>administrandarum</span> <span class='ocrx_word' id='word_1_104' title='bbox 552 1659 649 1702; x_wconf 90' lang='lat' dir='ltr'>rernm</span> <span class='ocrx_word' id='word_1_105' title='bbox 682 1641 861 1716; x_wconf 87' lang='lat' dir='ltr'>publicarum</span> <span class='ocrx_word' id='word_1_106' title='bbox 898 1642 975 1703; x_wconf 89' lang='lat' dir='ltr'>ratio</span> <span class='ocrx_word' id='word_1_107' title='bbox 1006 1642 1212 1716; x_wconf 74' lang='lat' dir='ltr'>civitatumque</span> <span class='ocrx_word' id='word_1_108' title='bbox 1242 1642 1442 1718; x_wconf 88' lang='lat' dir='ltr'>conformatio,</span> 
     </span>
     <span class='ocr_line' id='line_1_14' title="bbox 224 1745 1441 1822; baseline -0.002 -14"><span class='ocrx_word' id='word_1_109' title='bbox 224 1764 285 1808; x_wconf 90' lang='lat' dir='ltr'>non</span> <span class='ocrx_word' id='word_1_110' title='bbox 307 1764 326 1807; x_wconf 92' lang='lat' dir='ltr'>a</span> <span class='ocrx_word' id='word_1_111' title='bbox 344 1746 504 1807; x_wconf 84' lang='lat' dir='ltr'>christiana</span> <span class='ocrx_word' id='word_1_112' title='bbox 525 1745 641 1821; x_wconf 91' lang='lat' dir='ltr'>quidem</span> <span class='ocrx_word' id='word_1_113' title='bbox 663 1746 821 1821; x_wconf 86' lang='lat' dir='ltr'>religione,</span> <span class='ocrx_word' id='word_1_114' title='bbox 852 1746 944 1806; x_wconf 85' lang='lat' dir='ltr'>seda</span> <span class='ocrx_word' id='word_1_115' title='bbox 972 1747 1101 1808; x_wconf 86' lang='lat' dir='ltr'>clericali</span> <span class='ocrx_word' id='word_1_116' title='bbox 1123 1747 1212 1808; x_wconf 88' lang='lat' dir='ltr'>medii</span> <span class='ocrx_word' id='word_1_117' title='bbox 1233 1748 1299 1808; x_wconf 84' lang='lat' dir='ltr'>aevi</span> <span class='ocrx_word' id='word_1_118' title='bbox 1323 1747 1441 1822; x_wconf 87' lang='lat' dir='ltr'>ingenio</span> 
     </span>
     <span class='ocr_line' id='line_1_15' title="bbox 227 1849 1005 1927; baseline 0 -15"><span class='ocrx_word' id='word_1_119' title='bbox 227 1851 342 1927; x_wconf 88' lang='lat' dir='ltr'>aliena,</span> <span class='ocrx_word' id='word_1_120' title='bbox 364 1851 442 1926; x_wconf 90' lang='lat' dir='ltr'>apud</span> <span class='ocrx_word' id='word_1_121' title='bbox 460 1849 556 1911; x_wconf 80' lang='lat' dir='ltr'>varias</span> <span class='ocrx_word' id='word_1_122' title='bbox 576 1857 679 1927; x_wconf 70' lang='lat' dir='ltr'>genms</span> <span class='ocrx_word' id='word_1_123' title='bbox 700 1850 841 1925; x_wconf 84' lang='lat' dir='ltr'>panlotim</span> <span class='ocrx_word' id='word_1_124' title='bbox 862 1856 932 1911; x_wconf 89' lang='lat' dir='ltr'>nata</span> <span class='ocrx_word' id='word_1_125' title='bbox 951 1857 1005 1912; x_wconf 89' lang='lat' dir='ltr'>est.</span> 
     </span>
    </p>

    <p class='ocr_par' dir='ltr' id='par_1_3' title="bbox 218 1953 1441 4325">
     <span class='ocr_line' id='line_1_16' title="bbox 313 1953 1441 2032; baseline 0 -16"><span class='ocrx_word' id='word_1_126' title='bbox 313 1956 377 2016; x_wconf 83' lang='lat' dir='ltr'>Hoc</span> <span class='ocrx_word' id='word_1_127' title='bbox 400 1972 470 2016; x_wconf 88' lang='lat' dir='ltr'>vero</span> <span class='ocrx_word' id='word_1_128' title='bbox 493 1956 561 2016; x_wconf 92' lang='lat' dir='ltr'>dum</span> <span class='ocrx_word' id='word_1_129' title='bbox 580 1953 626 2032; x_wconf 90' lang='lat' dir='ltr'>fit,</span> <span class='ocrx_word' id='word_1_130' title='bbox 644 1957 706 2030; x_wconf 81' lang='lat' dir='ltr'>jam</span> <span class='ocrx_word' id='word_1_131' title='bbox 735 1971 810 2014; x_wconf 86' lang='lat' dir='ltr'>nova</span> <span class='ocrx_word' id='word_1_132' title='bbox 827 1956 911 2030; x_wconf 84' lang='lat' dir='ltr'>qnasi</span> <span class='ocrx_word' id='word_1_133' title='bbox 929 1955 1010 2016; x_wconf 85' lang='lat' dir='ltr'>acies</span> <span class='ocrx_word' id='word_1_134' title='bbox 1028 1955 1168 2016; x_wconf 66' lang='lat' dir='ltr'>mucrene</span> <span class='ocrx_word' id='word_1_135' title='bbox 1181 1956 1292 2016; x_wconf 88' lang='lat' dir='ltr'>Romae</span> <span class='ocrx_word' id='word_1_136' title='bbox 1311 1957 1441 2030; x_wconf 80' lang='lat' dir='ltr'>tyranni·</span> 
     </span>
     <span class='ocr_line' id='line_1_17' title="bbox 222 2042 1441 2136; baseline -0.001 -16"><span class='ocrx_word' id='word_1_137' title='bbox 222 2059 289 2120; x_wconf 91' lang='lat' dir='ltr'>dem</span> <span class='ocrx_word' id='word_1_138' title='bbox 320 2042 660 2135; x_wconf 78' lang='lat' dir='ltr'>pmeesut‚&#39;1iberalior</span> <span class='ocrx_word' id='word_1_139' title='bbox 688 2059 778 2134; x_wconf 86' lang='lat' dir='ltr'>ipsius</span> <span class='ocrx_word' id='word_1_140' title='bbox 808 2059 989 2120; x_wconf 88' lang='lat' dir='ltr'>hierarchiae</span> <span class='ocrx_word' id='word_1_141' title='bbox 1018 2076 1102 2135; x_wconf 88' lang='lat' dir='ltr'>pars,</span> <span class='ocrx_word' id='word_1_142' title='bbox 1138 2062 1219 2136; x_wconf 89' lang='lat' dir='ltr'>cujus</span> <span class='ocrx_word' id='word_1_143' title='bbox 1245 2065 1441 2135; x_wconf 78' lang='lat' dir='ltr'>propugnator</span> 
     </span>
     <span class='ocr_line' id='line_1_18' title="bbox 223 2163 1441 2240; baseline 0 -16"><span class='ocrx_word' id='word_1_144' title='bbox 223 2163 383 2240; x_wconf 75' lang='lat' dir='ltr'>Cyprianus</span> <span class='ocrx_word' id='word_1_145' title='bbox 405 2163 548 2238; x_wconf 85' lang='lat' dir='ltr'>quondum</span> <span class='ocrx_word' id='word_1_146' title='bbox 563 2169 665 2224; x_wconf 77' lang='lat' dir='ltr'>comba</span> <span class='ocrx_word' id='word_1_147' title='bbox 678 2165 759 2224; x_wconf 92' lang='lat' dir='ltr'>illam</span> <span class='ocrx_word' id='word_1_148' title='bbox 775 2164 936 2224; x_wconf 88' lang='lat' dir='ltr'>exstiterat.</span> <span class='ocrx_word' id='word_1_149' title='bbox 981 2163 1062 2236; x_wconf 81' lang='lat' dir='ltr'>Quae</span> <span class='ocrx_word' id='word_1_150' title='bbox 1081 2181 1150 2239; x_wconf 89' lang='lat' dir='ltr'>pars</span> <span class='ocrx_word' id='word_1_151' title='bbox 1164 2165 1213 2238; x_wconf 89' lang='lat' dir='ltr'>pie</span> <span class='ocrx_word' id='word_1_152' title='bbox 1228 2165 1338 2224; x_wconf 83' lang='lat' dir='ltr'>servari</span> <span class='ocrx_word' id='word_1_153' title='bbox 1360 2165 1441 2224; x_wconf 85' lang='lat' dir='ltr'>vole·</span> 
     </span>
     <span class='ocr_line' id='line_1_19' title="bbox 223 2268 1439 2344; baseline -0.001 -15"><span class='ocrx_word' id='word_1_154' title='bbox 223 2268 275 2330; x_wconf 86' lang='lat' dir='ltr'>bat</span> <span class='ocrx_word' id='word_1_155' title='bbox 300 2269 453 2342; x_wconf 87' lang='lat' dir='ltr'>primatum</span> <span class='ocrx_word' id='word_1_156' title='bbox 480 2268 658 2342; x_wconf 90' lang='lat' dir='ltr'>Romanum,</span> <span class='ocrx_word' id='word_1_157' title='bbox 684 2268 737 2328; x_wconf 92' lang='lat' dir='ltr'>sed</span> <span class='ocrx_word' id='word_1_158' title='bbox 767 2273 800 2327; x_wconf 93' lang='lat' dir='ltr'>nt</span> <span class='ocrx_word' id='word_1_159' title='bbox 829 2269 906 2328; x_wconf 88' lang='lat' dir='ltr'>inter</span> <span class='ocrx_word' id='word_1_160' title='bbox 937 2283 1037 2344; x_wconf 75' lang='lat' dir='ltr'>pmes,</span> <span class='ocrx_word' id='word_1_161' title='bbox 1066 2269 1147 2328; x_wconf 84' lang='lat' dir='ltr'>salva</span> <span class='ocrx_word' id='word_1_162' title='bbox 1169 2269 1284 2343; x_wconf 82' lang='lat' dir='ltr'>aequali</span> <span class='ocrx_word' id='word_1_163' title='bbox 1312 2269 1439 2329; x_wconf 90' lang='lat' dir='ltr'>omnium</span> 
     </span>
     <span class='ocr_line' id='line_1_20' title="bbox 224 2371 1439 2448; baseline -0.002 -14"><span class='ocrx_word' id='word_1_164' title='bbox 224 2373 424 2448; x_wconf 83' lang='lat' dir='ltr'>episcoporum</span> <span class='ocrx_word' id='word_1_165' title='bbox 447 2372 598 2447; x_wconf 85' lang='lat' dir='ltr'>dignitate.</span> <span class='ocrx_word' id='word_1_166' title='bbox 631 2371 667 2431; x_wconf 95' lang='lat' dir='ltr'>Id</span> <span class='ocrx_word' id='word_1_167' title='bbox 689 2389 775 2446; x_wconf 89' lang='lat' dir='ltr'>quum</span> <span class='ocrx_word' id='word_1_168' title='bbox 797 2373 900 2432; x_wconf 86' lang='lat' dir='ltr'>summi</span> <span class='ocrx_word' id='word_1_169' title='bbox 914 2373 1028 2432; x_wconf 89' lang='lat' dir='ltr'>illorum</span> <span class='ocrx_word' id='word_1_170' title='bbox 1048 2379 1208 2448; x_wconf 89' lang='lat' dir='ltr'>temporum</span> <span class='ocrx_word' id='word_1_171' title='bbox 1224 2373 1279 2432; x_wconf 86' lang='lat' dir='ltr'>viri</span> <span class='ocrx_word' id='word_1_172' title='bbox 1293 2379 1439 2448; x_wconf 79' lang='lat' dir='ltr'>tenerent,</span> 
     </span>
     <span class='ocr_line' id='line_1_21' title="bbox 226 2476 1438 2551; baseline 0 -14"><span class='ocrx_word' id='word_1_173' title='bbox 226 2477 323 2537; x_wconf 90' lang='lat' dir='ltr'>auimo</span> <span class='ocrx_word' id='word_1_174' title='bbox 346 2493 415 2536; x_wconf 82' lang='lat' dir='ltr'>vere</span> <span class='ocrx_word' id='word_1_175' title='bbox 437 2476 594 2536; x_wconf 84' lang='lat' dir='ltr'>christiano</span> <span class='ocrx_word' id='word_1_176' title='bbox 617 2476 655 2536; x_wconf 90' lang='lat' dir='ltr'>ad</span> <span class='ocrx_word' id='word_1_177' title='bbox 676 2476 868 2537; x_wconf 86' lang='lat' dir='ltr'>resistendum</span> <span class='ocrx_word' id='word_1_178' title='bbox 883 2478 983 2538; x_wconf 89' lang='lat' dir='ltr'>curiae</span> <span class='ocrx_word' id='word_1_179' title='bbox 997 2477 1227 2551; x_wconf 76' lang='lat' dir='ltr'>impellebantur.</span> <span class='ocrx_word' id='word_1_180' title='bbox 1269 2478 1387 2539; x_wconf 85' lang='lat' dir='ltr'>Etenim</span> <span class='ocrx_word' id='word_1_181' title='bbox 1400 2476 1438 2538; x_wconf 92' lang='lat' dir='ltr'>ab</span> 
     </span>
     <span class='ocr_line' id='line_1_22' title="bbox 222 2581 1439 2658; baseline 0.003 -20"><span class='ocrx_word' id='word_1_182' title='bbox 222 2581 272 2655; x_wconf 88' lang='lat' dir='ltr'>iis,</span> <span class='ocrx_word' id='word_1_183' title='bbox 301 2581 351 2653; x_wconf 90' lang='lat' dir='ltr'>qui</span> <span class='ocrx_word' id='word_1_184' title='bbox 372 2585 493 2640; x_wconf 86' lang='lat' dir='ltr'>externo</span> <span class='ocrx_word' id='word_1_185' title='bbox 516 2581 658 2640; x_wconf 89' lang='lat' dir='ltr'>ecclcsiae</span> <span class='ocrx_word' id='word_1_186' title='bbox 682 2581 804 2655; x_wconf 90' lang='lat' dir='ltr'>imperio</span> <span class='ocrx_word' id='word_1_187' title='bbox 826 2584 955 2642; x_wconf 89' lang='lat' dir='ltr'>contenti</span> <span class='ocrx_word' id='word_1_188' title='bbox 981 2581 1217 2643; x_wconf 76' lang='lat' dir='ltr'>reformationem</span> <span class='ocrx_word' id='word_1_189' title='bbox 1238 2583 1270 2642; x_wconf 90' lang='lat' dir='ltr'>in</span> <span class='ocrx_word' id='word_1_190' title='bbox 1291 2584 1387 2658; x_wconf 87' lang='lat' dir='ltr'>capite</span> <span class='ocrx_word' id='word_1_191' title='bbox 1407 2587 1439 2643; x_wconf 87' lang='lat' dir='ltr'>et</span> 
     </span>
     <span class='ocr_line' id='line_1_23' title="bbox 222 2683 1438 2762; baseline 0.002 -18"><span class='ocrx_word' id='word_1_192' title='bbox 222 2684 254 2744; x_wconf 91' lang='lat' dir='ltr'>in</span> <span class='ocrx_word' id='word_1_193' title='bbox 267 2683 405 2742; x_wconf 85' lang='lat' dir='ltr'>membris</span> <span class='ocrx_word' id='word_1_194' title='bbox 427 2690 608 2760; x_wconf 72' lang='lat' dir='ltr'>respuerent</span> <span class='ocrx_word' id='word_1_195' title='bbox 631 2699 680 2744; x_wconf 91' lang='lat' dir='ltr'>res</span> <span class='ocrx_word' id='word_1_196' title='bbox 701 2685 831 2744; x_wconf 86' lang='lat' dir='ltr'>internas</span> <span class='ocrx_word' id='word_1_197' title='bbox 852 2686 968 2762; x_wconf 77' lang='lat' dir='ltr'>neglegi</span> <span class='ocrx_word' id='word_1_198' title='bbox 986 2692 1017 2746; x_wconf 90' lang='lat' dir='ltr'>et</span> <span class='ocrx_word' id='word_1_199' title='bbox 1030 2686 1211 2762; x_wconf 88' lang='lat' dir='ltr'>pessumdari</span> <span class='ocrx_word' id='word_1_200' title='bbox 1226 2693 1307 2747; x_wconf 89' lang='lat' dir='ltr'>reete</span> <span class='ocrx_word' id='word_1_201' title='bbox 1322 2687 1438 2748; x_wconf 88' lang='lat' dir='ltr'>intelle·</span> 
     </span>
     <span class='ocr_line' id='line_1_24' title="bbox 224 2785 1438 2864; baseline 0.004 -18"><span class='ocrx_word' id='word_1_202' title='bbox 224 2785 342 2862; x_wconf 81' lang='lat' dir='ltr'>gebant</span> <span class='ocrx_word' id='word_1_203' title='bbox 384 2787 419 2847; x_wconf 95' lang='lat' dir='ltr'>Id</span> <span class='ocrx_word' id='word_1_204' title='bbox 444 2789 601 2862; x_wconf 79' lang='lat' dir='ltr'>praedpue</span> <span class='ocrx_word' id='word_1_205' title='bbox 630 2793 696 2862; x_wconf 88' lang='lat' dir='ltr'>post</span> <span class='ocrx_word' id='word_1_206' title='bbox 725 2794 856 2849; x_wconf 87' lang='lat' dir='ltr'>exortum</span> <span class='ocrx_word' id='word_1_207' title='bbox 885 2805 1020 2864; x_wconf 90' lang='lat' dir='ltr'>magnum</span> <span class='ocrx_word' id='word_1_208' title='bbox 1041 2789 1212 2851; x_wconf 87' lang='lat' dir='ltr'>Pontificum</span> <span class='ocrx_word' id='word_1_209' title='bbox 1235 2793 1359 2852; x_wconf 89' lang='lat' dir='ltr'>schisma</span> <span class='ocrx_word' id='word_1_210' title='bbox 1379 2807 1438 2851; x_wconf 91' lang='lat' dir='ltr'>non</span> 
     </span>
     <span class='ocr_line' id='line_1_25' title="bbox 221 2892 1439 2970; baseline 0.005 -20"><span class='ocrx_word' id='word_1_211' title='bbox 221 2892 388 2966; x_wconf 86' lang='lat' dir='ltr'>perspicere</span> <span class='ocrx_word' id='word_1_212' title='bbox 418 2908 477 2952; x_wconf 92' lang='lat' dir='ltr'>non</span> <span class='ocrx_word' id='word_1_213' title='bbox 497 2897 641 2966; x_wconf 79' lang='lat' dir='ltr'>poteram.</span> <span class='ocrx_word' id='word_1_214' title='bbox 686 2893 782 2966; x_wconf 81' lang='lat' dir='ltr'>Quare</span> <span class='ocrx_word' id='word_1_215' title='bbox 804 2899 906 2954; x_wconf 89' lang='lat' dir='ltr'>contra</span> <span class='ocrx_word' id='word_1_216' title='bbox 927 2894 1006 2970; x_wconf 90' lang='lat' dir='ltr'>illos,</span> <span class='ocrx_word' id='word_1_217' title='bbox 1033 2894 1109 2970; x_wconf 92' lang='lat' dir='ltr'>quod</span> <span class='ocrx_word' id='word_1_218' title='bbox 1130 2896 1313 2956; x_wconf 76' lang='lat' dir='ltr'>historiarum</span> <span class='ocrx_word' id='word_1_219' title='bbox 1337 2911 1439 2956; x_wconf 75' lang='lat' dir='ltr'>narm-</span> 
     </span>
     <span class='ocr_line' id='line_1_26' title="bbox 220 2997 1438 3076; baseline 0.002 -20"><span class='ocrx_word' id='word_1_220' title='bbox 220 3001 302 3056; x_wconf 87' lang='lat' dir='ltr'>tores</span> <span class='ocrx_word' id='word_1_221' title='bbox 334 3012 423 3072; x_wconf 89' lang='lat' dir='ltr'>saepe</span> <span class='ocrx_word' id='word_1_222' title='bbox 454 2997 627 3073; x_wconf 89' lang='lat' dir='ltr'>omiserunt,</span> <span class='ocrx_word' id='word_1_223' title='bbox 660 3014 717 3056; x_wconf 93' lang='lat' dir='ltr'>non</span> <span class='ocrx_word' id='word_1_224' title='bbox 749 3003 861 3057; x_wconf 66' lang='lat' dir='ltr'>mutum</span> <span class='ocrx_word' id='word_1_225' title='bbox 894 3015 946 3058; x_wconf 91' lang='lat' dir='ltr'>sna</span> <span class='ocrx_word' id='word_1_226' title='bbox 971 3002 1052 3076; x_wconf 89' lang='lat' dir='ltr'>jura,</span> <span class='ocrx_word' id='word_1_227' title='bbox 1087 3000 1139 3061; x_wconf 88' lang='lat' dir='ltr'>ssd</span> <span class='ocrx_word' id='word_1_228' title='bbox 1167 3001 1256 3061; x_wconf 88' lang='lat' dir='ltr'>etium</span> <span class='ocrx_word' id='word_1_229' title='bbox 1283 3001 1438 3061; x_wconf 85' lang='lat' dir='ltr'>coelestem</span> 
     </span>
     <span class='ocr_line' id='line_1_27' title="bbox 221 3099 1439 3175; baseline 0.002 -14"><span class='ocrx_word' id='word_1_230' title='bbox 221 3101 364 3162; x_wconf 88' lang='lat' dir='ltr'>ecclesiae</span> <span class='ocrx_word' id='word_1_231' title='bbox 392 3101 520 3162; x_wconf 86' lang='lat' dir='ltr'>indolem</span> <span class='ocrx_word' id='word_1_232' title='bbox 539 3099 688 3162; x_wconf 85' lang='lat' dir='ltr'>vindicare</span> <span class='ocrx_word' id='word_1_233' title='bbox 710 3103 899 3175; x_wconf 90' lang='lat' dir='ltr'>studuerunt,</span> <span class='ocrx_word' id='word_1_234' title='bbox 931 3105 1103 3166; x_wconf 86' lang='lat' dir='ltr'>militantem</span> <span class='ocrx_word' id='word_1_235' title='bbox 1123 3105 1277 3165; x_wconf 86' lang='lat' dir='ltr'>ecclesiam</span> <span class='ocrx_word' id='word_1_236' title='bbox 1299 3105 1439 3164; x_wconf 74' lang='lat' dir='ltr'>auium·</span> 
     </span>
     <span class='ocr_line' id='line_1_28' title="bbox 220 3206 1438 3282; baseline 0.001 -16"><span class='ocrx_word' id='word_1_237' title='bbox 220 3207 329 3280; x_wconf 85' lang='lat' dir='ltr'>pbante</span> <span class='ocrx_word' id='word_1_238' title='bbox 352 3206 572 3282; x_wconf 83' lang='lat' dir='ltr'>distinguentes.</span> <span class='ocrx_word' id='word_1_239' title='bbox 617 3207 699 3267; x_wconf 86' lang='lat' dir='ltr'>lllam</span> <span class='ocrx_word' id='word_1_240' title='bbox 721 3208 852 3282; x_wconf 88' lang='lat' dir='ltr'>aspirare</span> <span class='ocrx_word' id='word_1_241' title='bbox 875 3213 987 3268; x_wconf 85' lang='lat' dir='ltr'>tantum</span> <span class='ocrx_word' id='word_1_242' title='bbox 1010 3209 1110 3268; x_wconf 86' lang='lat' dir='ltr'>dicunt</span> <span class='ocrx_word' id='word_1_243' title='bbox 1132 3209 1170 3269; x_wconf 91' lang='lat' dir='ltr'>ad</span> <span class='ocrx_word' id='word_1_244' title='bbox 1192 3211 1349 3270; x_wconf 87' lang='lat' dir='ltr'>coelestem</span> <span class='ocrx_word' id='word_1_245' title='bbox 1371 3225 1438 3282; x_wconf 90' lang='lat' dir='ltr'>per-</span> 
     </span>
     <span class='ocr_line' id='line_1_29' title="bbox 221 3308 1438 3389; baseline 0.002 -21"><span class='ocrx_word' id='word_1_246' title='bbox 221 3308 393 3384; x_wconf 82' lang='lat' dir='ltr'>tectionem,</span> <span class='ocrx_word' id='word_1_247' title='bbox 422 3317 563 3386; x_wconf 88' lang='lat' dir='ltr'>perpetuo</span> <span class='ocrx_word' id='word_1_248' title='bbox 601 3311 794 3372; x_wconf 89' lang='lat' dir='ltr'>dimicandum</span> <span class='ocrx_word' id='word_1_249' title='bbox 825 3313 853 3371; x_wconf 88' lang='lat' dir='ltr'>ei</span> <span class='ocrx_word' id='word_1_250' title='bbox 885 3328 950 3372; x_wconf 90' lang='lat' dir='ltr'>esse</span> <span class='ocrx_word' id='word_1_251' title='bbox 985 3329 1050 3372; x_wconf 88' lang='lat' dir='ltr'>cum</span> <span class='ocrx_word' id='word_1_252' title='bbox 1090 3315 1179 3389; x_wconf 72' lang='lat' dir='ltr'>mmo,</span> <span class='ocrx_word' id='word_1_253' title='bbox 1213 3313 1289 3387; x_wconf 89' lang='lat' dir='ltr'>quod</span> <span class='ocrx_word' id='word_1_254' title='bbox 1318 3320 1349 3373; x_wconf 93' lang='lat' dir='ltr'>et</span> <span class='ocrx_word' id='word_1_255' title='bbox 1380 3314 1438 3387; x_wconf 91' lang='lat' dir='ltr'>ipsi</span> 
     </span>
     <span class='ocr_line' id='line_1_30' title="bbox 223 3413 1438 3488; baseline 0.004 -16"><span class='ocrx_word' id='word_1_256' title='bbox 223 3413 397 3487; x_wconf 58' lang='lat' dir='ltr'>adhaeream</span> <span class='ocrx_word' id='word_1_257' title='bbox 422 3414 648 3488; x_wconf 89' lang='lat' dir='ltr'>triumphantem</span> <span class='ocrx_word' id='word_1_258' title='bbox 677 3415 790 3475; x_wconf 90' lang='lat' dir='ltr'>demum</span> <span class='ocrx_word' id='word_1_259' title='bbox 824 3417 977 3476; x_wconf 86' lang='lat' dir='ltr'>ecclesiam</span> <span class='ocrx_word' id='word_1_260' title='bbox 1008 3417 1071 3477; x_wconf 88' lang='lat' dir='ltr'>sine</span> <span class='ocrx_word' id='word_1_261' title='bbox 1094 3419 1154 3477; x_wconf 89' lang='lat' dir='ltr'>nlla</span> <span class='ocrx_word' id='word_1_262' title='bbox 1175 3419 1289 3476; x_wconf 87' lang='lat' dir='ltr'>macula</span> <span class='ocrx_word' id='word_1_263' title='bbox 1311 3417 1438 3476; x_wconf 80' lang='lat' dir='ltr'>futuram</span> 
     </span>
     <span class='ocr_line' id='line_1_31' title="bbox 221 3515 1437 3596; baseline 0.003 -20"><span class='ocrx_word' id='word_1_264' title='bbox 221 3531 287 3576; x_wconf 84' lang='lat' dir='ltr'>esea</span> <span class='ocrx_word' id='word_1_265' title='bbox 308 3522 340 3576; x_wconf 89' lang='lat' dir='ltr'>et</span> <span class='ocrx_word' id='word_1_266' title='bbox 359 3515 504 3590; x_wconf 88' lang='lat' dir='ltr'>‚absolute</span> <span class='ocrx_word' id='word_1_267' title='bbox 519 3518 550 3576; x_wconf 92' lang='lat' dir='ltr'>in</span> <span class='ocrx_word' id='word_1_268' title='bbox 571 3533 608 3577; x_wconf 91' lang='lat' dir='ltr'>ea</span> <span class='ocrx_word' id='word_1_269' title='bbox 629 3523 817 3593; x_wconf 90' lang='lat' dir='ltr'>regnaturum</span> <span class='ocrx_word' id='word_1_270' title='bbox 833 3517 995 3579; x_wconf 62' lang='lat' dir='ltr'>Christum</span> <span class='ocrx_word' id='word_1_271' title='bbox 1027 3521 1129 3596; x_wconf 87' lang='lat' dir='ltr'>ltaque</span> <span class='ocrx_word' id='word_1_272' title='bbox 1145 3523 1171 3580; x_wconf 91' lang='lat' dir='ltr'>si</span> <span class='ocrx_word' id='word_1_273' title='bbox 1185 3519 1340 3581; x_wconf 84' lang='lat' dir='ltr'>Pontifices</span> <span class='ocrx_word' id='word_1_274' title='bbox 1354 3537 1437 3580; x_wconf 91' lang='lat' dir='ltr'>suum</span> 
     </span>
     <span class='ocr_line' id='line_1_32' title="bbox 220 3620 1437 3702; baseline 0.003 -22"><span class='ocrx_word' id='word_1_275' title='bbox 220 3635 344 3696; x_wconf 90' lang='lat' dir='ltr'>regnum</span> <span class='ocrx_word' id='word_1_276' title='bbox 369 3635 461 3694; x_wconf 87' lang='lat' dir='ltr'>regno</span> <span class='ocrx_word' id='word_1_277' title='bbox 484 3620 591 3681; x_wconf 81' lang='lat' dir='ltr'>Christi</span> <span class='ocrx_word' id='word_1_278' title='bbox 614 3623 745 3682; x_wconf 85' lang='lat' dir='ltr'>omnibns</span> <span class='ocrx_word' id='word_1_279' title='bbox 766 3625 893 3684; x_wconf 87' lang='lat' dir='ltr'>numeris</span> <span class='ocrx_word' id='word_1_280' title='bbox 915 3624 1047 3699; x_wconf 85' lang='lat' dir='ltr'>perlecto</span> <span class='ocrx_word' id='word_1_281' title='bbox 1069 3627 1260 3702; x_wconf 88' lang='lat' dir='ltr'>aequiparent</span> <span class='ocrx_word' id='word_1_282' title='bbox 1282 3631 1313 3684; x_wconf 92' lang='lat' dir='ltr'>et</span> <span class='ocrx_word' id='word_1_283' title='bbox 1335 3626 1437 3684; x_wconf 81' lang='lat' dir='ltr'>trium·</span> 
     </span>
     <span class='ocr_line' id='line_1_33' title="bbox 220 3725 1437 3804; baseline 0.003 -20"><span class='ocrx_word' id='word_1_284' title='bbox 220 3725 338 3801; x_wconf 86' lang='lat' dir='ltr'>pbantis</span> <span class='ocrx_word' id='word_1_285' title='bbox 367 3725 510 3784; x_wconf 88' lang='lat' dir='ltr'>ecclesiae</span> <span class='ocrx_word' id='word_1_286' title='bbox 531 3728 600 3801; x_wconf 88' lang='lat' dir='ltr'>jma</span> <span class='ocrx_word' id='word_1_287' title='bbox 630 3733 783 3804; x_wconf 90' lang='lat' dir='ltr'>usurpent,</span> <span class='ocrx_word' id='word_1_288' title='bbox 810 3733 870 3788; x_wconf 87' lang='lat' dir='ltr'>tum</span> <span class='ocrx_word' id='word_1_289' title='bbox 893 3730 981 3804; x_wconf 93' lang='lat' dir='ltr'>impio</span> <span class='ocrx_word' id='word_1_290' title='bbox 1011 3735 1043 3790; x_wconf 89' lang='lat' dir='ltr'>et</span> <span class='ocrx_word' id='word_1_291' title='bbox 1069 3731 1288 3790; x_wconf 87' lang='lat' dir='ltr'>antichristiano</span> <span class='ocrx_word' id='word_1_292' title='bbox 1321 3730 1437 3789; x_wconf 81' lang='lat' dir='ltr'>conubii</span> 
     </span>
     <span class='ocr_line' id='line_1_34' title="bbox 219 3829 1437 3909; baseline 0.005 -21"><span class='ocrx_word' id='word_1_293' title='bbox 219 3843 327 3889; x_wconf 68' lang='lat' dir='ltr'>omnes,</span> <span class='ocrx_word' id='word_1_294' title='bbox 353 3829 416 3904; x_wconf 91' lang='lat' dir='ltr'>pios</span> <span class='ocrx_word' id='word_1_295' title='bbox 444 3830 584 3890; x_wconf 75' lang='lat' dir='ltr'>msistere</span> <span class='ocrx_word' id='word_1_296' title='bbox 612 3829 740 3906; x_wconf 84' lang='lat' dir='ltr'>debere;</span> <span class='ocrx_word' id='word_1_297' title='bbox 773 3849 832 3906; x_wconf 89' lang='lat' dir='ltr'>qua</span> <span class='ocrx_word' id='word_1_298' title='bbox 860 3835 892 3892; x_wconf 94' lang='lat' dir='ltr'>in</span> <span class='ocrx_word' id='word_1_299' title='bbox 920 3849 954 3892; x_wconf 92' lang='lat' dir='ltr'>re</span> <span class='ocrx_word' id='word_1_300' title='bbox 985 3850 1043 3893; x_wconf 92' lang='lat' dir='ltr'>non</span> <span class='ocrx_word' id='word_1_301' title='bbox 1063 3839 1175 3894; x_wconf 81' lang='lat' dir='ltr'>tnntmn</span> <span class='ocrx_word' id='word_1_302' title='bbox 1197 3835 1353 3909; x_wconf 85' lang='lat' dir='ltr'>episcopis,</span> <span class='ocrx_word' id='word_1_303' title='bbox 1383 3832 1437 3893; x_wconf 87' lang='lat' dir='ltr'>sed</span> 
     </span>
     <span class='ocr_line' id='line_1_35' title="bbox 219 3933 1437 4014; baseline 0.004 -20"><span class='ocrx_word' id='word_1_304' title='bbox 219 3933 308 3994; x_wconf 88' lang='lat' dir='ltr'>etiam</span> <span class='ocrx_word' id='word_1_305' title='bbox 331 3933 496 3994; x_wconf 89' lang='lat' dir='ltr'>christianis</span> <span class='ocrx_word' id='word_1_306' title='bbox 511 3934 711 4012; x_wconf 88' lang='lat' dir='ltr'>Principibus,</span> <span class='ocrx_word' id='word_1_307' title='bbox 733 3937 864 4012; x_wconf 84' lang='lat' dir='ltr'>inprimis</span> <span class='ocrx_word' id='word_1_308' title='bbox 886 3937 1072 4014; x_wconf 86' lang='lat' dir='ltr'>Imperatori,</span> <span class='ocrx_word' id='word_1_309' title='bbox 1095 3955 1161 3998; x_wconf 87' lang='lat' dir='ltr'>suas</span> <span class='ocrx_word' id='word_1_310' title='bbox 1181 3945 1281 4014; x_wconf 87' lang='lat' dir='ltr'>partes</span> <span class='ocrx_word' id='word_1_311' title='bbox 1299 3937 1437 3998; x_wconf 78' lang='lat' dir='ltr'>divinitus</span> 
     </span>
     <span class='ocr_line' id='line_1_36' title="bbox 219 4037 1437 4118; baseline 0.002 -20"><span class='ocrx_word' id='word_1_312' title='bbox 219 4037 369 4098; x_wconf 87' lang='lat' dir='ltr'>mandatas</span> <span class='ocrx_word' id='word_1_313' title='bbox 392 4055 466 4099; x_wconf 87' lang='lat' dir='ltr'>esse.</span> <span class='ocrx_word' id='word_1_314' title='bbox 511 4038 574 4098; x_wconf 85' lang='lat' dir='ltr'>line</span> <span class='ocrx_word' id='word_1_315' title='bbox 597 4040 692 4099; x_wconf 89' lang='lat' dir='ltr'>animo</span> <span class='ocrx_word' id='word_1_316' title='bbox 715 4041 818 4100; x_wconf 91' lang='lat' dir='ltr'>summi</span> <span class='ocrx_word' id='word_1_317' title='bbox 838 4057 909 4116; x_wconf 90' lang='lat' dir='ltr'>quos</span> <span class='ocrx_word' id='word_1_318' title='bbox 931 4041 1053 4101; x_wconf 88' lang='lat' dir='ltr'>diximus</span> <span class='ocrx_word' id='word_1_319' title='bbox 1073 4043 1127 4102; x_wconf 83' lang='lat' dir='ltr'>viri</span> <span class='ocrx_word' id='word_1_320' title='bbox 1149 4043 1188 4102; x_wconf 86' lang='lat' dir='ltr'>ed</span> <span class='ocrx_word' id='word_1_321' title='bbox 1206 4041 1371 4118; x_wconf 88' lang='lat' dir='ltr'>reparanda</span> <span class='ocrx_word' id='word_1_322' title='bbox 1392 4042 1437 4101; x_wconf 93' lang='lat' dir='ltr'>in·</span> 
     </span>
     <span class='ocr_line' id='line_1_37' title="bbox 219 4142 1436 4220; baseline 0.004 -20"><span class='ocrx_word' id='word_1_323' title='bbox 219 4142 319 4216; x_wconf 80' lang='lat' dir='ltr'>gentis</span> <span class='ocrx_word' id='word_1_324' title='bbox 340 4143 483 4203; x_wconf 84' lang='lat' dir='ltr'>ecclesiae</span> <span class='ocrx_word' id='word_1_325' title='bbox 506 4142 612 4204; x_wconf 91' lang='lat' dir='ltr'>damna</span> <span class='ocrx_word' id='word_1_326' title='bbox 633 4146 745 4220; x_wconf 88' lang='lat' dir='ltr'>magnis</span> <span class='ocrx_word' id='word_1_327' title='bbox 760 4145 852 4205; x_wconf 91' lang='lat' dir='ltr'>seculi</span> <span class='ocrx_word' id='word_1_328' title='bbox 874 4145 967 4220; x_wconf 90' lang='lat' dir='ltr'>quinti</span> <span class='ocrx_word' id='word_1_329' title='bbox 980 4145 1086 4206; x_wconf 89' lang='lat' dir='ltr'>decimi</span> <span class='ocrx_word' id='word_1_330' title='bbox 1101 4147 1231 4206; x_wconf 85' lang='lat' dir='ltr'>conciliis</span> <span class='ocrx_word' id='word_1_331' title='bbox 1253 4148 1297 4207; x_wconf 92' lang='lat' dir='ltr'>uti</span> <span class='ocrx_word' id='word_1_332' title='bbox 1318 4146 1436 4207; x_wconf 89' lang='lat' dir='ltr'>studue-</span> 
     </span>
     <span class='ocr_line' id='line_1_38' title="bbox 218 4247 1438 4325; baseline 0.004 -20"><span class='ocrx_word' id='word_1_333' title='bbox 218 4251 299 4322; x_wconf 88' lang='lat' dir='ltr'>runt,</span> <span class='ocrx_word' id='word_1_334' title='bbox 326 4261 346 4306; x_wconf 88' lang='lat' dir='ltr'>a</span> <span class='ocrx_word' id='word_1_335' title='bbox 376 4247 481 4322; x_wconf 90' lang='lat' dir='ltr'>quibus</span> <span class='ocrx_word' id='word_1_336' title='bbox 508 4249 618 4322; x_wconf 86' lang='lat' dir='ltr'>optima</span> <span class='ocrx_word' id='word_1_337' title='bbox 644 4266 775 4324; x_wconf 84' lang='lat' dir='ltr'>quaeque</span> <span class='ocrx_word' id='word_1_338' title='bbox 803 4251 966 4324; x_wconf 83' lang='lat' dir='ltr'>exspectari</span> <span class='ocrx_word' id='word_1_339' title='bbox 986 4267 1070 4325; x_wconf 89' lang='lat' dir='ltr'>posse</span> <span class='ocrx_word' id='word_1_340' title='bbox 1092 4252 1274 4313; x_wconf 82' lang='lat' dir='ltr'>uidebantur.</span> <span class='ocrx_word' id='word_1_341' title='bbox 1319 4251 1384 4310; x_wconf 91' lang='lat' dir='ltr'>lllic</span> <span class='ocrx_word' id='word_1_342' title='bbox 1406 4257 1438 4310; x_wconf 88' lang='lat' dir='ltr'>et</span> 
     </span>
    </p>
   </div>
   <div class='ocr_carea' id='block_1_3' title="bbox 219 4473 1436 4628">
    <p class='ocr_par' dir='ltr' id='par_1_4' title="bbox 219 4473 1436 4628">
     <span class='ocr_line' id='line_1_39' title="bbox 308 4473 1436 4546; baseline 0.004 -22"><span class='ocrx_word' id='word_1_343' title='bbox 308 4475 334 4540; x_wconf 89' lang='lat'>1)</span> <span class='ocrx_word' id='word_1_344' title='bbox 353 4473 393 4527; x_wconf 83' lang='lat' dir='ltr'>dl.</span> <span class='ocrx_word' id='word_1_345' title='bbox 412 4475 532 4541; x_wconf 79' lang='lat' dir='ltr'>Gregorii</span> <span class='ocrx_word' id='word_1_346' title='bbox 558 4491 617 4543; x_wconf 87' lang='lat' dir='ltr'>epp.</span> <span class='ocrx_word' id='word_1_347' title='bbox 636 4475 713 4541; x_wconf 83' lang='lat' dir='ltr'>vm,</span> <span class='ocrx_word' id='word_1_348' title='bbox 733 4483 774 4531; x_wconf 76' lang='lat' dir='ltr'>bl.</span> <span class='ocrx_word' id='word_1_349' title='bbox 809 4477 889 4546; x_wconf 85' lang='lat' dir='ltr'>lingo</span> <span class='ocrx_word' id='word_1_350' title='bbox 910 4479 1086 4532; x_wconf 84' lang='lat' dir='ltr'>Floriaeensis</span> <span class='ocrx_word' id='word_1_351' title='bbox 1109 4479 1140 4530; x_wconf 89' lang='lat' dir='ltr'>de</span> <span class='ocrx_word' id='word_1_352' title='bbox 1163 4481 1236 4546; x_wconf 84' lang='lat' dir='ltr'>regia</span> <span class='ocrx_word' id='word_1_353' title='bbox 1260 4486 1386 4546; x_wconf 83' lang='lat' dir='ltr'>potestate</span> <span class='ocrx_word' id='word_1_354' title='bbox 1410 4485 1436 4530; x_wconf 88' lang='lat' dir='ltr'>et</span> 
     </span>
     <span class='ocr_line' id='line_1_40' title="bbox 219 4559 996 4628; baseline 0.008 -18"><span class='ocrx_word' id='word_1_355' title='bbox 219 4559 374 4614; x_wconf 72' lang='lat' dir='ltr'>eemduteli</span> <span class='ocrx_word' id='word_1_356' title='bbox 391 4560 525 4628; x_wconf 77' lang='lat' dir='ltr'>dignitate.</span> <span class='ocrx_word' id='word_1_357' title='bbox 786 4575 788 4580; x_wconf 84' lang='grc'><em>·</em></span> <span class='ocrx_word' id='word_1_358' title='bbox 838 4575 843 4580; x_wconf 84' lang='grc'><em>’</em></span> <span class='ocrx_word' id='word_1_359' title='bbox 993 4575 996 4580; x_wconf 91' lang='grc'><strong><em>·</em></strong></span> 
     </span>
    </p>
   </div>
   <div class='ocr_carea' id='block_1_4' title="bbox 0 0 1598 5086">
    <p class='ocr_par' dir='ltr' id='par_1_5' title="bbox 0 0 1598 5086">
     <span class='ocr_line' id='line_1_41' title="bbox 0 0 1598 5086; baseline 0 2"><span class='ocrx_word' id='word_1_360' title='bbox 0 0 1598 5086; x_wconf 95' lang='lat' dir='ltr'> </span> 
     </span>
    </p>
   </div>
  </div>
 </body>
</html>
