3156 5056
264 303 316 360 164
745 301 849 354 Pararrs
868 299 982 354 Paronrs

244 401 246 406 ,
263 394 907 402 ----.---.---.-..---

262 519 391 580 omnibus
411 519 542 578 arrisisse
564 517 725 592 confitetur,
748 521 780 576 ιι1
799 518 989 577 vehementer
1011 517 1109 577 doleat
1128 522 1187 576 tam
1209 534 1276 576 sero
1300 517 1356 576 sibi
1375 517 1480 591 cogni-

262 628 335 698 tam,
355 623 397 682 ibi
418 639 473 696 per
494 623 685 696 posteriorem
707 623 784 681 vitae
799 629 912 695 partem
933 627 1066 682 versatus
1085 640 1176 695 usque
1195 623 1233 681 ad
1253 620 1340 680 finem
1355 621 1479 696 intimis,

262 729 364 803 quibus
387 728 484 786 omnia
505 743 613 786 arcana
635 743 688 786 sua
710 726 915 801 committeret,
938 727 1038 786 amicis
1053 728 1196 786 utebatur.
1240 728 1343 800 Itaque
1359 727 1481 799 saepius

261 833 370 894 iactum
403 840 462 906 cst,
502 836 536 890 nt
568 832 663 890 exteri
694 837 805 890 tantum
846 832 938 889 virum
972 831 1123 891 Germanis
1157 830 1329 890 inviderent.
1385 830 1481 889 Immo

261 936 501 1012 quemadmodum
530 936 636 994 nostris
666 935 769 994 diebus
796 935 894 995 eximii
920 935 1036 1008 quidam
1059 935 1214 1009 scriptores
1235 931 1480 1008 Francogellici¹

262 1043 430 1115 Erasmum,
452 1041 488 1100 ab
511 1041 612 1099 intimo
635 1039 809 1100 Hellandiae
833 1046 863 1098 et
878 1037 1053 1100 Germaniae
1075 1041 1171 1099 animo
1186 1041 1323 1114 alienum,
1346 1038 1480 1114 gentium

262 1147 432 1206 Latinarum
453 1146 549 1220 potius
567 1145 717 1218 ingenium
740 1145 917 1218 expressisse
941 1151 972 1204 et
993 1149 1231 1219 repraesentasse
1253 1144 1403 1216 dixerunt,
1433 1144 1480 1201 sic

258 1254 320 1326 jam
344 1251 403 1310 illis
425 1249 604 1324 temporibus
626 1255 719 1322 erant,
739 1249 788 1322 qui
800 1248 913 1308 Gallum
928 1249 974 1308 vel
989 1247 1241 1322 Gallogermanum
1255 1249 1303 1308 vel
1318 1247 1480 1308 Germano·

263 1355 369 1430 gallum
392 1371 458 1414 eunr
480 1359 625 1413 vocarent.
671 1352 779 1413 Contra
800 1353 852 1412 hos
874 1353 992 1412 Nausea
1013 1353 1080 1428 ille,
1100 1353 1137 1412 ab
1153 1351 1308 1412 Hellandia
1330 1351 1480 1428 oriundus,

263 1461 343 1534 cujus
358 1459 448 1518 verba
462 1458 605 1531 quaedam
616 1457 836 1516 admirationem
851 1458 993 1532 spirantia
1004 1474 1092 1532 supra
1103 1459 1260 1532 attulimus,
1276 1457 1348 1532 ,Nos
1359 1457 1481 1532 tamen,‘

262 1563 373 1637 inquit,
399 1579 473 1638 ,non
495 1560 658 1622 dubitamus
680 1563 773 1634 ipsum
795 1577 930 1635 magnum
952 1567 1081 1621 nostrum
1099 1560 1253 1622 Erasmum
1276 1562 1339 1620 sinc
1360 1567 1479 1620 contro-

262 1669 357 1727 versia
378 1666 502 1740 patriam
524 1665 633 1725 habere
656 1664 861 1726 Germaniam}
904 1666 1098 1726 Nihilominus
1120 1666 1338 1726 concedendum
1360 1671 1420 1741 cst,
1445 1668 1480 1725 in

261 1773 312 1830 illo
340 1788 404 1830 curn
430 1770 526 1830 animo
555 1770 669 1830 sincere
693 1769 866 1830 Germanico
895 1772 1077 1846 conjunctum
1107 1770 1197 1830 fnisse
1226 1770 1335 1843 aliquid
1364 1770 1479 1844 ingenii

261 1876 361 1936 Latini
384 1881 415 1936 et
424 1876 523 1934 Attici.
568 1874 608 1932 Et
630 1890 801 1947 quamquam
821 1874 995 1934 Germaniae
1016 1875 1105 1934 decus
1127 1876 1224 1934 vocari
1247 1873 1373 1935 libenter
1394 1875 1480 1934 audi-

266 1983 322 2055 vit,
351 1985 448 2040 tamen
470 1979 612 2038 industria
634 1980 697 2052 ejus
719 1995 754 2037 ac
783 1979 866 2038 labor
887 1979 966 2037 intra
989 1979 1073 2038 unius
1095 1980 1195 2054 populi
1218 1978 1290 2038 fines
1313 1979 1477 2038 consistere

261 2102 357 2160 neque
389 2086 485 2159 potuit
515 2099 610 2156 neque
640 2083 749 2142 debuit.
800 2083 893 2142 Nemo
922 2082 1044 2143 forsitan
1070 2089 1139 2142 ante
1167 2099 1233 2142 eum
1258 2089 1318 2142 tam
1337 2085 1419 2158 larga
1441 2091 1477 2144 et

260 2190 357 2250 vivida
382 2206 481 2248 rerum
503 2188 693 2248 humanarum
723 2189 966 2262 contemplatione
997 2188 1116 2247 edoctus
1144 2189 1343 2264 intellexerat,
1376 2190 1475 2248 varias

262 2312 326 2353 cum
357 2294 533 2368 singulorum
563 2293 708 2352 hominum
732 2298 793 2351 tum
812 2293 984 2366 populorum
1004 2299 1123 2352 naturas
1145 2292 1281 2352 divinitus
1304 2293 1345 2352 116
1367 2295 1476 2353 consti-

260 2403 337 2457 tutas
360 2414 439 2472 esse,
461 2403 494 2456 ut
512 2397 601 2456 variis
621 2397 713 2456 modis
736 2395 773 2455 ad
795 2396 919 2456 eundem
937 2395 1024 2456 finem
1038 2397 1135 2456 omnia
1151 2399 1272 2472 6611611,
1294 2415 1388 2472 neque
1403 2416 1476 2458 vero

259 2501 291 2561 id
316 2507 397 2560 recte
426 2502 528 2575 peragi
558 2517 576 2560 a
605 2501 773 2560 mortalibus
803 2517 887 2574 posse
914 2502 970 2560 uisi
998 2502 1128 2560 omnibus
1160 2504 1248 2562 etiam
1272 2502 1410 2562 doctrinis
1440 2509 1475 2562 ct

261 2605 420 2680 disciplinis
443 2605 539 2664 divino
561 2621 652 2679 regno
674 2605 907 2664 inservientibus.
952 2605 1035 2677 Quod
1056 2608 1147 2666 semel
1167 2613 1197 2666 et
1212 2611 1343 2666 veterum
1359 2608 1473 2666 littera-

261 2727 324 2768 rum
354 2719 385 2768 et
411 2709 491 2783 pacis
519 2714 607 2782 atquc
631 2708 803 2768 concordiae
825 2725 923 2768 amore
947 2726 982 2768 eo
1005 2711 1154 2787 abripitur,
1185 2717 1218 2770 ut
1239 2725 1338 2772 omnes
1359 2713 1475 2786 linguas

259 2819 381 2890 praeter
402 2812 545 2874 Graecam
575 2819 605 2872 et
626 2812 761 2872 Latinam
789 2814 851 2872 tolli
874 2819 967 2888 optet,
997 2814 1027 2873 id
1049 2816 1131 2874 nimii
1152 2815 1290 2890 ponderis
1317 2817 1475 2876 aestiman-

260 2917 328 2978 dum
350 2923 483 2978 nonest.
528 2917 567 2977 Ut
587 2916 767 2976 Christianus
798 2935 855 2977 non
879 2918 1056 2978 obliviscitur
1083 2919 1214 2980 omnibus
1242 2920 1348 2994 linguis
1378 2920 1474 2980 Deum

260 3023 463 3084 celebrandum
487 3039 560 3082 esse.
605 3021 663 3084 Sed
685 3022 740 3081 hoc
761 3021 841 3081 cordi
863 3023 891 3082 ei
907 3028 960 3098 est,
983 3029 1014 3082 ut
1027 3041 1063 3082 ex
1078 3025 1206 3099 gentium
1225 3025 1366 3085 varietate
1381 3026 1474 3084 omnis

260 3131 370 3190 hostilis
388 3128 541 3188 diversitas
556 3127 715 3188 auferatur.
743 3128 955 3200 Quaproptera
974 3129 1043 3188 viris
1058 3129 1178 3190 eruditis
1192 3131 1332 3205 postulat,
1355 3136 1388 3190 ut
1402 3147 1474 3204 gen-

259 3235 331 3294 tium
351 3234 510 3294 inimicitiis
533 3249 568 3292 ac
590 3232 718 3292 discidiis
743 3232 900 3307 obsistant,
927 3234 1007 3306 pacis
1030 3238 1061 3292 et
1084 3234 1255 3294 concordiae
1278 3235 1361 3308 quasi
1382 3235 1475 3294 inter-

260 3344 357 3410 pretes
379 3339 454 3412 sint,
481 3353 605 3410 magnae
636 3337 720 3395 unius
749 3335 876 3396 familiae
907 3337 1083 3397 christianae
1113 3339 1205 3398 socios
1235 3355 1266 3398 se
1289 3339 1366 3412 ipsos
1388 3355 1474 3413 prae·

260 3439 355 3499 beant.
400 3441 504 3516 ,Ego,‘
526 3441 636 3514 inquit,
659 3441 770 3515 ,mundi
792 3441 861 3499 civis
885 3457 949 3500 esse
972 3443 1073 3518 cupio,
1095 3444 1221 3502 concivis
1241 3445 1380 3518 omnium,
1410 3445 1472 3502 sive

259 3545 431 3617 peregrinus
454 3546 554 3619 magis.
602 3544 718 3604 Utinam
740 3545 890 3618 contingat
909 3547 1015 3606 ascribi
1037 3548 1146 3606 civitati
1169 3548 1306 3608 coelesti.‘

346 3665 411 3726 Non
436 3665 593 3728 defuerunt
613 3667 663 3726 illo
685 3683 770 3742 aevo,
801 3669 850 3740 qui
872 3667 949 3742 apud
970 3685 1070 3729 omnes
1092 3668 1155 3729 1616
1178 3675 1280 3744 gentes
1300 3671 1472 3744 Europaeas

258 3772 313 3830 hoc
335 3771 494 3846 ingenium,
515 3771 592 3830 hunc
614 3771 741 3830 animum
760 3777 874 3832 mature
896 3773 1105 3848 intellegerent
1125 3779 1156 3832 61
1175 3775 1253 3846 justo
1274 3775 1368 3848 pretio
1382 3774 1474 3833 habe·

257 3881 331 3935 rent.
376 3875 403 3934 A
425 3876 496 3935 viris
518 3874 639 3936 eruditis
660 3875 763 3950 ingens
778 3876 893 3936 Erasmi
914 3875 994 3936 fama
1015 3877 1052 3936 61
1073 3879 1253 3951 reipublicae
1276 3884 1306 3937 et
1327 3879 1471 3937 ecclesiae

257 3997 412 4056 proceres,
440 3983 527 4040 6116111
551 3980 589 4041 61
609 3997 676 4054 eos,
697 3982 746 4054 qui
768 3982 863 4040 minus
885 3981 964 4041 docti
986 3987 1084 4056 erent,
1108 3987 1140 4040 et
1162 3982 1199 4041 61
1220 3982 1335 4056 plebem
1356 3999 1472 4058 perma-

257 4088 345 4144 navit.
389 4087 491 4160 Itaque
518 4102 576 4145 non
605 4087 709 4144 mirum
738 4085 814 4160 quod
845 4086 882 4145 de
909 4086 1063 4145 itineribus
1087 4088 1151 4160 ejus
1178 4093 1280 4146 narrat
1304 4086 1471 4147 Rhenanus.

257 4187 338 4263 ,Non
367 4195 479 4249 tantum
502 4205 521 4248 a
542 4189 718 4264 principibus
741 4197 772 4249 61
794 4191 936 4264 episcopis
945 4189 963 4264 ,‘
994 4191 1103 4266 inquil,
1133 4192 1308 4266 ,honoratus
1330 4197 1376 4252 est
1397 4191 1474 4250 Era·

256 4309 350 4368 smus,
378 4295 430 4354 sed
457 4295 547 4355 etiam
573 4311 593 4354 a
622 4293 788 4355 civitatibus
812 4294 1001 4370 Germaniae,
1032 4297 1057 4354 si
1085 4311 1143 4369 qna
1164 4297 1305 4356 transiret
1327 4302 1358 4356 et
1379 4297 1472 4370 magi-

345 4595 371 4666 1)
389 4595 486 4647 Nisard
503 4599 520 4649 1.
540 4615 561 4654 c.
580 4617 605 4665 p.
623 4607 670 4652 101
681 4619 715 4660 ss.
752 4605 868 4670 Fengire
888 4602 905 4661 l.
925 4626 945 4661 c.
966 4627 991 4676 p.
1011 4602 1070 4665 1111.
