3144 5092
660 308 748 362 Cnrur
766 309 813 362 IV.
1316 312 1350 366 59

213 403 481 410 mmm-.—

232 509 431 589 Quaeeunque
457 510 607 571 Lutherus
635 511 672 572 de
699 511 876 588 pravissima
902 529 1016 572 morum
1044 513 1076 570 in
1103 513 1172 572 aula
1197 512 1353 574 Pontificio

118 617 295 678 condicione
316 618 452 696 protulit,
476 623 536 677 tam
554 622 655 694 aperta
673 623 757 678 amnt
774 619 970 697 omnibusque
988 618 1155 695 notissima,
1178 624 1213 680 ut
1231 619 1352 680 infitiari

119 745 158 786 ea
182 743 269 785 nemo
291 729 400 802 posset.
446 724 587 802 Inprimis
610 725 738 784 Paulum
756 725 810 784 ΙΠ.
834 744 903 786 cum
925 725 986 786 filio
1010 727 1111 804 spurio
1134 727 1258 805 ejusque
1280 727 1352 787 filiis

119 835 199 892 bona
230 833 372 894 ecelesiae
404 832 663 910 impudentissime
696 833 886 910 profundere,
920 851 1023 893 ornnes
1052 833 1179 894 lectores
1212 835 1351 894 sciebant.

119 941 185 1002 Iste
209 941 301 1017 igitur
324 957 428 1015 senex,
457 940 587 1016 peemtis
610 944 750 1015 onustus,
778 939 918 1000 adhibitis
941 940 1143 1001 callidissimis
1165 941 1291 1016 artibus,
1318 946 1352 1000 ut

121 1047 235 1107 Christi
271 1047 400 1108 vicarius
436 1033 598 1124 imperium
630 1046 735 1106 mundi
771 1029 925 1108 affectabat
961 1031 1217 1126 sanctissimisque
1253 1048 1352 1108 verbis

119 1155 309 1228 abutebatur,
341 1159 376 1213 ut
407 1154 471 1214 suis
499 1153 660 1214 eommodis
688 1157 777 1232 atque
804 1153 868 1214 suis
895 1154 1049 1214 affectibus
1076 1154 1242 1215 inserviret.
1294 1131 1352 1216 Pro

120 1262 284 1322 invetemta
315 1280 404 1339 prava
436 1261 650 1321 consuetudine
682 1265 712 1321 et
738 1261 804 1339 ipse
831 1261 934 1321 eodem
961 1261 1093 1337 nomine,
1127 1281 1186 1340 quo
1214 1263 1352 1324 Christus

120 1371 219 1430 Deum
254 1368 429 1446 appellavit,
466 1369 593 1429 Sanetus
625 1369 713 1428 Pater
748 1389 766 1428 a
799 1369 910 1428 vilibus
946 1369 1148 1430 adulatoribus
1184 1371 1349 1432 vocabatur.

121 1477 247 1554 Propter
274 1495 308 1546 ea
336 1476 434 1535 omnia
459 1476 623 1551 Lutherus,
652 1477 735 1553 justa
761 1476 806 1535 ira
833 1481 999 1554 eorreptuS,
1032 1477 1237 1537 Pharisaicum
1265 1478 1351 1536 illum

123 1585 359 1644 Christianorum
387 1584 597 1658 fraudatorem,
627 1583 810 1644 Germanicis
833 1584 930 1644 verbis
953 1583 1093 1659 ludens,1
1121 1588 1156 1644 ut
1177 1583 1353 1645 infernalem

120 1692 254 1766 Patrem,
277 1691 461 1768 majestatem
484 1709 543 1769 qua
565 1690 699 1767 fulgebat
721 1695 755 1750 ut
777 1691 957 1767 Satanicam,
980 1692 1139 1769 imperium
1162 1710 1221 1770 quo
1243 1693 1354 1753 Romae

121 1799 260 1858 utebatru
282 1803 316 1858 ut
338 1817 356 1858 a
378 1797 501 1859 Diabolo
524 1798 683 1864 fundatum
704 1799 847 1876 depinxit.

216 1903 310 1980 'Quae
337 1923 396 1966 non
424 1906 466 1965 ita
493 1905 642 1984 proposita
664 1907 701 1965 ab
724 1925 758 1966 eo
781 1911 863 1981 sunt,
894 1910 928 1965 ut
950 1925 1068 1966 ornnem
1090 1907 1122 1965 in
1145 1907 1270 1967 eeclesia
1292 1908 1352 1984 pri-

121 2018 235 2073 matum
263 2013 379 2074 Diaboli
413 2015 588 2090 figmentum
621 2013 786 2073 existimari
818 2013 917 2073 vellet.
968 2013 1005 2072 Iu
1036 2013 1137 2074 libello
1165 2013 1230 2088 illo,
1263 2033 1353 2092 quem

121 2126 223 2182 eontra
245 2121 419 2199 Papismum
447 2121 520 2182 satis
548 2139 684 2181 severum
710 2121 857 2199 quondam
879 2121 1095 2198 conscripserat
1117 2121 1154 2180 ad
1177 2121 1353 2182 Germaniae

122 2229 318 2303 nobilitatem,
347 2229 468 2288 disertis
495 2228 594 2288 verbis
621 2228 801 2304 ostenderat,
829 2227 988 2288 dummodo
1014 2229 1183 2288 reformatio
1214 2230 1298 2289 fieret
1320 2227 1353 2288 iu

121 2335 218 2413 capite
251 2341 281 2396 et
307 2336 460 2411 membris,
493 2336 654 2413 primatum
682 2335 830 2414 quendam
857 2335 982 2394 Romani
1010 2335 1163 2396 Pontificis
1190 2353 1259 2396 cum
1284 2336 1353 2412 jure

122 2443 317 2521 inspectionis
339 2443 461 2503 retineri
479 2443 617 2520 possein
636 2443 762 2503 salutem
780 2442 944 2516 Ecclesiae,
968 2442 1106 2520 inprimis
1124 2443 1162 2502 ad
1180 2444 1352 2504 concordiae

122 2551 276 2611 vinculum
304 2551 381 2611 inter
408 2550 550 2611 eeclesias
578 2550 742 2610 rationales
769 2550 1011 2610 confirmandum.
1057 2549 1156 2610 Etiam
1182 2552 1353 2628 nuperrime

122 2659 287 2718 Luthernm
320 2657 543 2734 ,Reformationi
572 2649 792 2734 Vitebergensi‘
824 2676 932 2718 nomen
966 2658 1179 2736 subscripsisse
1210 2677 1352 2720 memora-

123 2767 229 2826 vimus.
275 2764 321 2826 Ibi
344 2766 565 2826 declaraverunt
586 2765 800 2841 Protestantes,
827 2784 860 2825 se
882 2784 1068 2844 nequaquam
1090 2765 1212 2842 rejicere
1234 2767 1353 2828 ordines

123 2879 152 2934 et
175 2875 296 2950 gradus,
320 2874 372 2952 qui
395 2873 473 2932 inter
494 2873 648 2932 ministros
671 2872 816 2949 evangelii
832 2874 894 2950 jam
912 2873 944 2932 iu
963 2878 1062 2934 vetere
1080 2872 1214 2934 Ecclesia
1232 2879 1353 2951 propter

122 2981 328 3042 necessitatem
360 2981 508 3061 quandam
539 2981 700 3039 humanam
732 2980 788 3038 orti
820 2985 932 3054 essent,
965 2981 1101 3058 quamvis
1134 2980 1211 3039 nihil
1242 2981 1280 3040 de
1313 2981 1370 3041 iis‘

123 3089 210 3149 rebus
237 3089 436 3166 praecepisset
458 3087 575 3148 Novum
598 3086 835 3164 Testamentum,
864 3087 937 3164 quin
964 3087 1055 3146 immo
1084 3105 1116 3146 se
1139 3088 1244 3146 offerre
1266 3088 1351 3148 oboe

123 3196 263 3256 dieutiam
287 3211 371 3256 suam
395 3196 542 3274 episcopis
564 3195 723 3254 dummodo
745 3213 814 3254 cum
832 3195 955 3270 collegis
972 3193 1194 3270 gubernationis
1213 3193 1351 3254 ecclesia-

124 3305 214 3364 sticae
227 3304 347 3380 tyranni
361 3309 391 3364 et
405 3303 566 3380 parricidae
578 3303 695 3380 piorum
710 3301 857 3378 evangelii
871 3301 1068 3362 confessorem
1083 3319 1149 3361 esse
1158 3301 1351 3361 desinerent.²

124 3411 260 3471 Pontifici
287 3409 501 3471 oboedientiam
529 3427 588 3470 non
615 3409 795 3483 obtulerant,
823 3427 915 3486 quum
940 3408 1091 3468 Lutherus
1115 3408 1177 3485 J'am
1205 3407 1351 3484 similiter,

124 3523 212 3596 atque
235 3517 376 3578 extremis
398 3518 477 3577 vitae
499 3517 587 3576 annis
604 3515 729 3592 Aonius,
754 3515 1014 3594 persuasissimum
1033 3515 1090 3576 sibi
1108 3515 1241 3590 haberet,
1264 3516 1351 3575 illurn

125 3645 192 3686 curn
221 3625 309 3686 Curia
341 3641 395 3685 sua
427 3623 584 3683 insanabili
612 3641 734 3702 prorsus
761 3624 862 3682 morbo
889 3623 1020 3683 laborare
1046 3641 1144 3702 neque
1171 3625 1261 3683 finem
1288 3623 1351 3683 fore

126 3732 331 3810 sanguinariae
362 3749 463 3792 eorum
495 3731 663 3808 tyrannidis
695 3737 725 3792 et
756 3730 920 3809 parricidii,
951 3731 1010 3790 nisi
1042 3731 1092 3790 vel
1118 3749 1136 3789 a
1162 3729 1351 3807 Principibus

125 3840 294 3900 christianis
321 3839 457 3917 oppressi
485 3839 532 3899 vel
560 3840 597 3898 ab
624 3839 690 3916 ipso
714 3839 831 3899 Christo
856 3837 956 3914 judice
983 3837 1087 3897 mundi
1111 3837 1219 3898 sublati
1242 3841 1350 3897 essent.

125 3947 326 4008 Nihilominus
354 3947 386 4006 in
414 3947 520 4006 ultimo
547 3964 664 4024 qnoque
691 3945 744 4006 illo
771 3945 1103 4022 vehementissimeque,
1131 3945 1167 4005 de
1190 3963 1248 4022 quo
1271 3962 1352 4004 nune

126 4055 286 4132 loquimur,
304 4053 406 4115 libello
424 4053 604 4114 accusatorio
617 4052 767 4112 Lutherus
786 4051 974 4128 tyrannidem
992 4052 1079 4111 istam
1093 4052 1241 4129 papalem,
1262 4070 1352 4129 quam

126 4161 197 4221 dicit
218 4181 237 4221 a
258 4161 382 4222 Diabolo
404 4161 557 4221 fundatam
579 4177 658 4235 esse,
681 4159 855 4220 clarissimis
878 4159 976 4219 verbis
998 4159 1157 4236 distinguit
1180 4177 1198 4218 a
1220 4159 1350 4238 primatu

126 4269 250 4346 quodam
282 4269 435 4346 dignitatis
466 4273 496 4328 et
527 4267 720 4346 inspectionis
753 4265 827 4344 (sive
858 4265 1183 4345 ,superattendentiae‘)
1211 4265 1351 4328 ecclesia·

234 4517 260 4584 1)
279 4515 367 4570 Mutat
385 4513 600 4584 ,aflerheiligster
618 4515 713 4569 Vater‘
732 4514 759 4567 in
779 4511 1028 4583 ,allerhdllisehster
1045 4508 1149 4567 Vatar‘.

233 4605 260 4677 2)
280 4605 318 4661 Cf.
338 4620 419 4676 supra
437 4621 462 4674 p.
478 4605 521 4659 33.
