3156 5056
694 343 784 394 Carn'r
802 342 844 394 Π.

160 559 198 618 ad
221 557 309 618 Eokii
339 561 469 634 litteras,
497 576 586 635 snpra
612 564 800 636 memoratas,
830 577 889 619 non
913 560 976 618 sine
998 560 1094 618 ironia
1115 560 1239 633 quadam
1259 577 1377 636 respon-

161 662 247 738 dens,
282 664 381 739 ,Quod
407 666 438 724 in
469 665 526 723 tuis
541 664 831 740 ,lucubratiunculis,‘
862 665 970 738 inquit,
1000 666 1090 724 tantia
1119 665 1251 724 laudibus
1273 681 1376 726 oneras

161 769 327 845 Ermmnm‚
353 770 511 830 theatricos
539 771 610 829 istos
641 771 797 844 applausus
831 787 865 829 ao
896 769 1006 830 brahea
1042 769 1107 828 aliis
1134 771 1283 846 relinquo,
1313 771 1376 845 ipse

162 875 263 932 talium
291 875 446 948 gloriarum
472 881 560 935 satur.
589 908 623 917 —
649 875 729 933 Nihil
761 875 896 948 equidem
923 875 954 933 in
981 890 1028 933 me
1052 891 1192 950 agnosce,
1224 867 1275 934 eur
1301 877 1378 949 qnis-

162 995 246 1050 quam
269 979 341 1038 velit
369 995 433 1038 esse
464 979 646 1054 Erasmicus,
672 985 702 1038 ot
728 997 845 1053 prorsus
874 979 922 1038 odi
950 981 1007 1038 ista
1039 980 1221 1039 dissidiorum
1243 981 1377 1040 nomina:

162 1081 269 1141 Christi
297 1100 394 1142 sumus
421 1100 520 1144 omnes
550 1091 580 1144 et
608 1085 638 1143 in
665 1085 742 1143 illius
765 1085 851 1142 unius
875 1084 996 1160 gloriam
1018 1101 1070 1157 pre
1094 1101 1147 1143 sna
1169 1085 1289 1157 quisque
1311 1101 1377 1158 por-

162 1189 241 1247 tione
260 1188 435 1247 sudamus!l

248 1293 303 1351 Hie
327 1294 456 1352 sincerus
471 1293 585 1352 Erasini
608 1294 720 1352 animus
736 1293 798 1352 fuit.
843 1293 940 1353 Etiam
962 1292 1100 1366 quidquid
1122 1293 1217 1352 famae
1234 1299 1264 1352 et
1278 1298 1376 1352 auoto-

160 1397 257 1457 ritatis
288 1399 405 1473 ingenio
438 1399 605 1472 meritisque
640 1399 817 1472 obtinuerat,
861 1399 897 1457 ad
930 1395 1109 1471 perficienda
1143 1414 1179 1457 ea
1213 1397 1375 1457 conducere

160 1502 267 1577 veluit,
291 1520 365 1576 quae
389 1501 474 1562 efficii
500 1505 544 1562 sni
567 1519 631 1562 esse
654 1509 734 1562 recte
754 1508 880 1577 putaret.
925 1503 1029 1576 Neque
1052 1504 1149 1561 statim
1171 1520 1223 1576 pro
1246 1505 1375 1562 vanitate

162 1613 192 1666 et
220 1607 376 1666 insolentia
406 1609 571 1668 habendum
599 1613 656 1682 est,
684 1608 709 1664 si
735 1613 835 1666 contra
865 1613 909 1666 tot
930 1607 1134 1666 famosissimos
1156 1606 1375 1679 obtrectatores,

161 1728 232 1784 ques
255 1718 355 1771 centra
374 1730 405 1773 se
430 1719 463 1772 ut
483 1713 682 1772 antichristum
714 1717 745 1771 et
766 1712 923 1772 haereseos
942 1717 1053 1785 patrem
1077 1713 1188 1771 eoelum
1211 1729 1245 1771 ae
1266 1718 1374 1771 terram

161 1832 278 1876 movere
302 1817 378 1891 apud
401 1834 500 1876 omnes
521 1823 625 1891 gentes
647 1817 774 1892 viderat,
796 1817 901 1874 merita
921 1833 973 1876 sua
995 1817 1032 1875 ab
1052 1817 1122 1890 ipsis
1143 1817 1284 1875 ecelesiae
1307 1833 1374 1891 pre-

161 1920 275 1979 ceribus
306 1921 440 1996 laudata,
468 1922 555 1981 immo
582 1923 706 1981 honores
738 1921 774 1980 ab
804 1922 861 1979 illis
892 1927 923 1978 et
948 1921 1125 1994 principibus
1148 1921 1178 1979 in
1201 1938 1232 1980 se
1255 1922 1375 1980 collatos

161 2024 354 2101 obtendebat,
381 2027 406 2086 si
438 2032 539 2086 contra
567 2023 709 2100 Reddam,
737 2026 786 2100 qui
816 2031 848 2085 nt
875 2017 1089 2105 σιψθεόλογον
1115 2041 1273 2100 agnoscere
1307 2041 1374 2084 enm

159 2133 305 2205 noluerat,
338 2147 370 2189 se
397 2133 552 2206 aLeone,
588 2131 730 2205 Adriane,
768 2129 918 2188 Clemente
948 2128 1131 2203 pontificibus
1158 2123 1394 2210 συνθεόλογονΙ

158 2236 288 2307 agnitum
314 2253 378 2295 esse
408 2237 554 2311 gloriatur.
600 2235 724 2308 Propter
746 2236 856 2294 similes
881 2250 983 2294 causas
1005 2235 1092 2294 etiam
1116 2235 1237 2293 Paulum
1260 2241 1374 2309 apesto-

157 2341 216 2398 lum
237 2341 339 2416 ,stulte
362 2341 511 2415 loquendi‘
543 2341 657 2400 veniam
680 2356 698 2398 a
722 2339 878 2399 Corinthiis
903 2339 1041 2413 petivisse
1062 2357 1174 2399 memor
1196 2345 1249 2399 est.
1294 2339 1372 2400 Non·

157 2444 238 2503 nulla
278 2445 418 2520 ejusmodi
454 2445 529 2520 apud
562 2445 715 2504 Erasmum
751 2445 844 2502 minus
881 2449 966 2503 cante
1006 2443 1083 2502 dicta
1118 2461 1196 2519 esse,
1233 2446 1371 2504 nonnulla

158 2547 311 2607 humanam
348 2549 536 2624 fragilitatem
574 2565 692 2624 sapere,
732 2565 784 2608 nes
822 2565 916 2622 neque
956 2565 1108 2622 negamus,
1147 2566 1241 2623 neque
1283 2567 1371 2623 supra

158 2652 273 2712 modum
298 2670 334 2713 ea
357 2653 497 2729 exagitari
521 2652 564 2712 las
585 2671 649 2713 esse
672 2660 813 2728 putamus.
857 2653 923 2727 lpse
947 2669 1017 2712 sano
1040 2651 1116 2711 haud
1138 2669 1205 2712 raro
1224 2655 1254 2712 in
1275 2654 1373 2728 repel-

160 2759 256 2818 lendis
272 2759 384 2832 injuriis
402 2757 531 2817 oblivisci
543 2759 621 2817 visus
637 2762 696 2830 est,
720 2757 794 2832 quod
807 2757 974 2831 saepissime
986 2757 1095 2832 docuit,
1118 2757 1235 2831 pubhca
1257 2761 1373 2834 negotia

162 2881 227 2922 cnm
254 2862 375 2937 privatis
402 2861 554 2923 affectibus
588 2880 646 2922 non
675 2879 738 2922 osse
769 2861 926 2922 miscenda.
980 2861 1186 2922 Verumtamen
1217 2879 1248 2923 se
1278 2864 1371 2936 ipsum

159 2967 295 3040 colligere
311 2971 339 3026 et
350 2968 496 3040 corrigere
512 2968 626 3027 sineere
642 2967 784 3026 studebat.
820 2967 854 3026 ln
867 2967 1019 3027 sententiis
1034 2967 1180 3040 primariis
1195 2968 1373 3027 constantior

158 3076 222 3129 erat
248 3087 334 3144 quam
364 3071 445 3129 multi
473 3089 539 3130 enm
570 3089 634 3130 esse
663 3072 909 3130 existimaverunt.
955 3071 1122 3145 singulares
1153 3069 1286 3129 nimirum
1310 3073 1373 3144 ejus

156 3175 280 3234 virtutes
314 3175 420 3248 partim
448 3175 517 3234 inde
547 3175 705 3250 fluxerunt,
738 3173 814 3248 quod
839 3175 935 3232 inerat
963 3177 993 3233 in
1026 3191 1062 3233 eo
1084 3173 1194 3247 aliquid
1217 3174 1370 3233 admodum

157 3281 249 3338 mollis
272 3279 369 3354 animi,
392 3279 429 3339 ad
452 3279 660 3339 diversissimos
675 3285 782 3354 motus,
805 3279 842 3339 ad
858 3279 1023 3353 amicitiam,
1047 3277 1244 3354 offensionem,
1267 3296 1369 3338 recon-

157 3385 333 3444 ciliationem
357 3387 449 3458 proni.
496 3383 591 3456 Quare
619 3385 709 3442 etiam
736 3385 821 3444 amici
852 3401 916 3442 eum
936 3384 1013 3456 justo
1043 3383 1259 3442 irritabilicrem
1283 3401 1370 3458 saepe

153 3488 363 3562 judicaverunt.
409 3488 456 3548 Sic
485 3487 646 3548 Germanus
672 3488 788 3546 Brinius
818 3489 846 3548 ei
874 3489 987 3558 scribit,
1022 3489 1128 3547 decere
1151 3487 1303 3548 Erasmum
1334 3489 1371 3549 ad

156 3610 297 3652 summum
323 3593 394 3650 illud
422 3593 569 3666 ingenium
600 3609 702 3666 parem
729 3594 801 3652 item
831 3593 958 3651 animum
989 3591 1095 3652 afferre
1126 3599 1213 3666 atque
1236 3593 1311 3653 adeo
1334 3595 1371 3652 oh

155 3695 312 3756 infelicium
335 3697 434 3756 nescio
457 3713 576 3770 qnorum
599 3697 782 3772 ingeniorum
805 3698 934 3756 aMusis
958 3715 992 3757 ac
1018 3697 1127 3756 Gratiis
1148 3715 1265 3771 prorsus
1288 3713 1371 3756 aver-

155 3819 252 3860 sorum
274 3801 430 3861 versiculos
448 3803 626 3861 stomachum
643 3803 735 3878 magis
750 3803 903 3861 remittere
920 3819 1006 3875 quam
1026 3801 1193 3875 intendere,
1216 3817 1271 3860 nee
1285 3801 1373 3859 aliter

155 3907 193 3966 ad
224 3923 273 3966 eos
305 3907 491 3982 commoveri,
518 3923 603 3980 quam
634 3883 757 3966 culicum
788 3923 885 3965 mersu
914 3906 1085 3979 elephantus
1107 3905 1224 3963 Indicus
1247 3921 1370 3963 commo·

154 4017 266 4072 reatur.
311 4011 453 4071 Provocat
476 4011 514 4071 ad
536 4013 695 4071 Alexandri
717 4011 817 4086 Magni
841 4011 1019 4084 exemplum,
1042 4011 1091 4083 qui
1113 4009 1235 4080 dixerit,
1258 4009 1371 4082 regium

155 4133 220 4176 csse
245 4117 321 4176 male
343 4117 458 4192 audire,
488 4135 575 4191 quum
597 4115 788 4177 benefecerit.
834 4117 945 4190 ,Major
965 4120 1023 4189 est,
1046 4113 1114 4172 mihi
1134 4113 1247 4186 crede,‘
1269 4113 1371 4189 inquit,

154 4219 266 4296 ,iamne
289 4236 324 4278 ae
346 4221 458 4294 gloriae
482 4227 549 4280 tuae
573 4223 726 4296 majestas,
750 4237 835 4294 quam
859 4225 892 4279 nt
913 4226 973 4278 mm
989 4218 1096 4290 ineptis
1119 4223 1234 4289 amque
1257 4217 1373 4276 insulsis

156 4325 371 4400 epigrammatis
400 4324 573 4385 labefactari
599 4323 706 4400 queat‘
762 4324 808 4383 hd
842 4325 914 4383 talia
941 4323 1079 4382 Erasmus
1115 4337 1172 4378 nen
1199 4321 1294 4378 minos
1317 4321 1373 4379 oir-

155 4435 322 4504 eumspecte
356 4447 442 4503 qnam
481 4431 610 4490 modeste
642 4427 822 4505 respondere
851 4429 932 4488 solet.
989 4426 1070 4498 Quae
1104 4425 1272 4501 gr'arissime
1307 4441 1372 4484 eum

242 4647 269 4714 1)
289 4649 320 4701 Ι).
344 4653 383 4703 ro.
402 4647 506 4714 majia.
527 4653 602 4703 rara.
