3176 5064
681 290 769 345 Curur
787 289 822 344 11.
1334 289 1367 342 13

1072 383 1152 390 .--.
1160 383 1367 390 ——-..—-.-.

120 491 231 551 multa
250 493 312 568 jem
335 492 464 570 insignia
486 491 606 568 ingenia
628 491 850 566 intellexerant,
879 497 1059 569 quantopere
1082 495 1190 564 statiis,
1214 491 1266 568 qui
1289 490 1367 550 dice·

119 600 234 674 batur,
266 600 497 674 ecclesiasticus,
530 599 672 658 nimirum
704 600 888 658 mundanum
920 617 1058 676 regnum,
1090 599 1127 658 ab
1158 597 1241 658 illius
1274 597 1368 658 seculi

121 708 223 784 papis
246 712 289 766 tot
311 707 397 782 belli,
426 707 667 784 conspirationis,
695 707 836 784 perfidiae
858 707 970 766 artibus
993 711 1126 780 auctum,
1154 705 1267 783 patriae
1290 705 1368 764 salu·

123 819 199 873 tem
226 814 410 892 impedirent.
462 813 593 888 Quorum
620 813 722 891 plures
750 832 843 891 quum
866 814 1031 873 Luthcrum
1058 813 1147 872 etiam
1170 811 1273 872 Italiae
1295 813 1368 872 libe-

126 927 264 980 retorem
291 921 355 980 fieri
383 939 471 998 posse
499 925 650 998 putarent,
683 940 736 998 per
768 921 913 981 delatores
945 921 977 979 in
1005 920 1105 980 Sancti
1132 918 1231 980 Officii
1263 938 1369 978 manus

127 1029 236 1088 traditi
265 1033 342 1088 sunt
393 1028 440 1087 llx
467 1029 515 1088 his
543 1045 622 1088 unus
650 1028 780 1104 exempli
808 1029 904 1087 instar
930 1027 980 1088 hic
1007 1028 1140 1105 prodeat,
1167 1027 1369 1102 Hieronymus

128 1136 315 1212 Bonagratia
334 1135 536 1211 Florentinum
559 1136 674 1194 medica
695 1141 758 1195 arte
782 1140 812 1195 et
834 1135 1067 1194 administranda
1089 1134 1183 1212 patria
1205 1135 1278 1195 urbe
1301 1134 1369 1194 illu·

132 1244 215 1304 stris.
266 1242 323 1317 Qui
351 1262 444 1321 quum
471 1248 612 1320 regnante
642 1243 794 1303 Clemente
816 1243 948 1302 Mediceo
975 1243 1056 1319 Papa
1083 1241 1249 1302 Florentiae
1277 1242 1369 1302 Medi-

133 1369 256 1411 ceorum
288 1356 401 1428 partem
433 1356 647 1428 oppugnasset,
679 1350 712 1409 in
734 1369 850 1409 carcere
872 1367 932 1409 non
954 1349 1109 1426 adplicatis
1141 1349 1296 1408 tormentis
1328 1349 1369 1426 (id

133 1459 216 1536 quod
239 1459 348 1518 diserte
370 1459 598 1518 asseverandum
621 1457 648 1517 ei
671 1456 743 1536 erat)
771 1458 808 1516 ad
836 1457 1077 1518 subscribendam
1105 1457 1249 1516 humilem
1277 1475 1369 1534 quan-

134 1566 205 1625 dnm
241 1571 271 1624 et
302 1566 448 1642 puerilem
480 1565 697 1625 confessionem
728 1569 847 1624 coactus
879 1570 925 1624 est
956 1565 992 1623 ab
1032 1565 1108 1641 ipsis
1140 1564 1370 1641 inquisitoribus

134 1673 303 1732 monachali
326 1673 395 1733 stilo
414 1673 608 1750 compositam
626 1691 644 1730 a
662 1672 734 1732 viris
753 1672 879 1732 eruditis
898 1689 1001 1732 recens
1020 1677 1166 1749 repertam
1184 1677 1214 1730 et
1232 1669 1369 1747 erlitem,¹

134 1781 224 1858 cujus
256 1781 374 1840 initium
406 1781 462 1840 hoc
492 1784 551 1840 est:
585 1779 661 1856 ,Ego
689 1780 779 1840 miser
806 1785 837 1840 et
863 1779 971 1840 infelix
998 1784 1134 1856 peccator
1160 1779 1301 1839 confiteor
1322 1797 1371 1839 me

135 1887 299 1966 deliquisse
331 1892 362 1948 ct
389 1888 548 1948 offendisse
575 1887 735 1946 Dominum
762 1893 898 1946 nostrum
925 1887 1028 1946 lesum
1056 1886 1209 1946 Christrun
1237 1887 1370 1946 scribens

135 1995 176 2054 ad
199 1997 320 2055 fratrem
343 1995 505 2055 Martinum
526 1994 691 2054 Luthcrum
714 1995 780 2054 sine
802 1995 924 2054 licentia
947 1995 1149 2072 superiorum‘
1187 1994 1370 2054 Pmmissum

135 2107 212 2178 erat,
239 2107 274 2162 ut
300 2103 486 2163 consessione
513 2107 544 2162 et
570 2103 755 2162 revocatione
782 2103 927 2176 exhibita,
959 2101 1087 2178 irmgata
1114 2101 1193 2176 ignis
1220 2119 1315 2178 poena
1337 2101 1369 2160 in

135 2211 263 2270 exilium
285 2215 460 2286 mutaretur,
487 2211 530 2270 ita
552 2215 650 2270 tamen
672 2215 718 2284 ut,
748 2209 774 2270 si
800 2209 872 2269 exul
898 2209 978 2268 intre
1004 2213 1099 2268 certos
1127 2207 1269 2286 quosdam
1293 2209 1369 2268 fines

135 2335 198 2377 non
229 2318 423 2393 constitisset,
460 2317 569 2378 iterum
606 2316 777 2378 incendium
814 2317 871 2377 sibi
903 2321 983 2376 esset
1020 2321 1232 2376 contracturus.
1288 2315 1371 2376 Inter

137 2425 273 2502 singulm
296 2443 365 2485 vero
391 2444 452 2500 res,
480 2429 601 2503 propter
628 2442 702 2503 quas
729 2425 762 2484 in
790 2424 879 2501 longa
905 2424 959 2483 illa
981 2423 1166 2484 confessione
1189 2423 1371 2500 poenitentia

137 2533 167 2592 ei
189 2533 303 2609 agenda
325 2537 399 2608 erat,
423 2533 511 2594 etiarn
534 2531 565 2591 id
587 2533 673 2592 affert
695 2532 774 2610 quod
797 2531 918 2607 dixerit,
948 2549 980 2592 se
1003 2533 1178 2592 effecturum
1200 2536 1234 2590 ut
1257 2531 1372 2591 veniret

137 2639 285 2700 Martinus
307 2639 464 2700 Lutherus.

245 2747 388 2824 Ejusdem
419 2747 611 2824 cogitationes
643 2752 673 2807 et
703 2747 771 2807 aliis
797 2747 883 2806 Italis
915 2752 987 2808 tunc
1019 2747 1051 2806 in
1083 2751 1213 2806 menmm
1244 2745 1371 2821 venisse,

139 2873 275 2914 summus
297 2855 355 2930 vir,
387 2855 563 2914 Franciscus
586 2853 787 2915 Guicciardini
813 2855 900 2914 testis
927 2860 981 2914 est.
1032 2852 1090 2928 Qui
1113 2855 1146 2912 in
1169 2853 1301 2914 historiis
1325 2853 1371 2914 sui

138 2962 282 3040 temporis
311 2963 390 3022 idem
418 2963 480 3022 iere
507 2962 587 3040 quod
614 2961 757 3022 Erasmus
784 2962 822 3021 de
848 2961 979 3022 Luthero
1007 2962 1065 3020 lert
1088 2961 1232 3038 judicum.
1283 2959 1373 3020 Initia

139 3088 242 3130 eorum
264 3087 340 3147 quae
362 3070 519 3146 perfecerit
541 3069 589 3129 vel
612 3070 737 3128 honesta
758 3069 906 3144 aestimat,
930 3068 979 3128 vel
1001 3067 1107 3127 saltem
1125 3072 1245 3144 propter
1259 3067 1372 3143 justam

139 3178 239 3236 datam
261 3176 443 3237 occasionem
466 3176 660 3237 excusabilia:
694 3181 796 3254 postea
818 3175 851 3234 in
873 3174 1070 3252 oppugnanda
1092 3174 1224 3232 Romana
1246 3172 1372 3233 ecelesia

139 3285 266 3344 nimium
288 3303 357 3344 eum
380 3283 485 3360 fuisse,
515 3285 568 3344 sed
590 3301 728 3361 magnam
751 3283 856 3360 culpae
879 3287 993 3360 partem
1015 3281 1205 3356 adversariis,
1233 3279 1371 3357 inprimis

140 3392 234 3451 Leoni
253 3391 304 3468 X.‚
327 3392 513 3452 tribuendam
535 3409 609 3452 esse.
656 3391 701 3451 De
724 3391 814 3467 hujus
837 3389 990 3450 Pontifiois
1013 3393 1043 3449 et
1065 3388 1102 3448 de
1126 3387 1288 3448 Clementis
1303 3386 1371 3448 Vll

140 3499 301 3559 virtutibus
328 3518 363 3559 ao
389 3499 472 3558 vitiis
500 3517 539 3558 ex
566 3498 787 3559 accuratissima
813 3497 919 3558 notitia
951 3496 1030 3576 (nam
1057 3515 1159 3556 eorum
1181 3495 1372 3584 gravissimas

141 3624 189 3666 res
205 3607 278 3684 ipse
300 3604 568 3686 administraverat)
592 3605 657 3666 sine
679 3605 723 3664 ira
745 3611 775 3665 et
803 3604 900 3666 studio
926 3604 1052 3682 judicat,
1080 3603 1203 3682 protana
1229 3609 1260 3663 et
1287 3619 1372 3661 mun-

141 3714 218 3773 dana
245 3732 347 3774 eorum
369 3713 492 3774 consilia
515 3713 609 3774 fuisse
631 3731 692 3773 non
715 3713 892 3773 dissimulat
939 3711 997 3772 Sed
1020 3729 1133 3786 eornm,
1162 3727 1237 3788 <luae
1265 3709 1301 3769 de
1323 3710 1372 3769 his

141 3821 279 3882 omnibus
302 3821 434 3899 scripsit,
457 3821 591 3880 multae
613 3821 786 3881 censoribus
809 3820 906 3880 deleta
933 3819 1027 3880 multo
1056 3819 1175 3878 demum
1202 3821 1270 3894 post
1296 3833 1373 3876 nova

141 3929 276 4006 ejusdem
312 3929 409 4006 operis
446 3927 644 4006 publicatione
680 3927 817 3988 restituta
853 3927 948 3986 sente
1005 3925 1110 4002 Neque
1145 3929 1245 3984 tamen
1281 3927 1371 3982 totam

142 4042 273 4097 mentem
305 4054 389 4096 suam
421 4035 485 4096 illic
516 4036 761 4095 manifestaverat.
816 4033 851 4092 Id
883 4033 955 4093 lecit
991 4030 1260 4110 apophthegmatis,
1297 4047 1373 4108 quae

142 4159 239 4221 nuper
261 4143 382 4204 demum
404 4161 443 4203 ex
465 4143 576 4203 chartis
599 4142 663 4219 ejus
686 4142 765 4202 edita
787 4145 865 4201 sunt.
911 4139 956 4200 Ibi
983 4139 1059 4199 tales
1086 4138 1180 4198 fuisse
1206 4137 1281 4197 duos
1303 4137 1373 4198 illos

144 4250 302 4311 Pontifices
324 4251 410 4328 dicit,
437 4255 473 4310 ut
499 4249 635 4329 quamvis
663 4249 728 4309 tolli
756 4253 866 4309 statum
889 4245 1123 4308 ecclesiasticum
1146 4261 1263 4322 semper
1289 4245 1373 4322 aupi-

253 4499 279 4568 1)
298 4497 425 4552 Archirio
444 4497 541 4552 storico
558 4496 670 4552 Italiano
688 4499 751 4551 tom.
771 4495 825 4564 ῙΠ,
845 4493 928 4564 1879,
947 4511 973 4563 p.
988 4493 1087 4548 sauss.

252 4587 279 4657 2)
299 4587 338 4642 Cf.
358 4603 439 4657 supra
457 4604 482 4657 p.
497 4585 562 4642 sss.
