3176 5064
135 469 291 542 Ingenium
315 479 380 532 erat
400 474 535 548 simplex,
566 474 640 536 adeo
662 475 823 535 abhorrens
845 475 1048 550 emendacio,
1074 485 1105 537 ut
1127 480 1241 553 puellus
1264 481 1351 540 etiam

136 574 249 636 odisset
269 593 374 650 pueros
395 579 585 655 mentientes,
608 585 638 638 et
660 597 749 640 senex
772 580 809 640 sd
828 581 944 641 illorum
960 587 1108 655 aspectum
1124 584 1214 642 etiarn
1231 601 1353 645 commo-

137 685 269 739 veretur.
311 679 443 756 Linguae
477 684 683 743 interamioos
704 684 865 759 liberioris,
889 703 1093 760 nonnunquam
1117 689 1286 761 plusquam
1309 696 1354 749 sat

138 795 228 844 esset.
264 784 303 844 Et
325 802 414 860 saepe
437 785 541 862 falsus,
563 789 663 848 amicis
687 795 785 848 tamen
801 787 933 850 diffidere
951 806 1007 849 uon
1025 796 1149 864 poterat.
1194 792 1257 852 Nec
1278 795 1353 867 puti-

138 888 225 948 dulus
247 896 327 965 erat,
350 907 444 964 neque
458 891 612 965 quidquam
629 909 753 966 unquam
770 894 899 968 scripsit,
922 895 997 967 quod
1012 895 1067 967 ipsi
1082 894 1220 968 placeret
1257 897 1300 956 Ac
1315 915 1352 958 ue

138 991 217 1052 facie
239 994 356 1068 quidem
384 997 502 1070 propria
529 996 731 1056 delectabatur
753 999 855 1070 vixque
881 1003 1023 1058 extortum
1045 1005 1090 1058 est
1112 1000 1267 1060 amicorum
1288 1017 1355 1074 pre·

138 1097 235 1172 cibus,
258 1105 290 1157 ut
311 1115 343 1157 se
366 1100 446 1174 pingi
469 1105 628 1172 peteretur.
672 1100 852 1175 Dignitatum
874 1117 909 1160 ac
932 1102 1097 1162 divitiarum
1113 1109 1271 1177 perpetuus
1286 1121 1354 1164 con·

137 1207 267 1275 temptor
288 1201 359 1278 fuit,
381 1219 475 1276 neque
494 1203 648 1278 quidquam
669 1205 749 1277 prius
771 1207 830 1264 otio
852 1222 886 1264 ac
906 1206 1043 1265 libertate
1059 1207 1168 1268 habuit.
1208 1207 1354 1268 Candidus

137 1307 255 1365 alienae
278 1306 427 1366 doctrinae
458 1310 626 1368 aestimator
655 1305 807 1382 fautorque
840 1311 1020 1384 ingeniorum
1044 1313 1159 1384 unicus,
1192 1313 1217 1370 si
1238 1310 1355 1372 somena

136 1412 334 1484 suppetiisset.
378 1411 412 1470 In
441 1413 634 1486 provehendis
664 1413 746 1472 bonis
778 1415 884 1472 litteris
914 1430 999 1474 nemo
1029 1415 1120 1489 magis
1142 1415 1266 1488 profecit
1288 1431 1354 1490 gra·

138 1531 270 1588 vemque·
284 1515 320 1575 ob
342 1515 417 1574 hano
440 1533 502 1576 rem
526 1516 664 1575 invidiam
686 1518 822 1576 sustinuit
844 1534 862 1576 a
884 1518 1027 1576 barbaris.
1072 1517 1169 1590 Usque
1189 1519 1226 1578 ad
1250 1536 1354 1580 annum

137 1619 407 1694 quinquagesimum
430 1636 485 1678 nec
508 1620 632 1693 impetiit
653 1637 839 1694 quemquam,
863 1637 918 1680 nec
941 1621 1088 1696 impetitus
1109 1627 1153 1680 est
1174 1639 1192 1681 s
1214 1639 1355 1698 quoquam

137 1721 215 1780 stilo.
261 1722 350 1797 quue
377 1723 504 1782 habebat
532 1723 586 1782 sibi
609 1725 800 1798 propositum,
829 1726 944 1784 omnino
967 1725 1065 1784 stilum
1087 1726 1271 1786 incruentum
1294 1741 1355 1786 ser·

136 1843 218 1886 vare.
264 1827 411 1886 AFabro
434 1829 558 1900 primum
581 1833 626 1886 est
646 1829 802 1902 impetitus.
847 1828 920 1912 iiam
944 1829 1092 1902 Dorpiana
1112 1844 1179 1888 orsa
1201 1846 1355 1904 suppressa

136 1937 214 1990 sunt.
259 1932 293 1990 ln
316 1931 517 2005 respondendo
540 1947 656 2006 semper
679 1931 771 1990 civilis
793 1939 865 1992 ersi.
910 1932 1081 1993 Lutherana
1108 1933 1259 2006 tragoedia
1280 1935 1354 1994 into

136 2033 253 2094 lerabili
275 2035 355 2093 illum
375 2037 507 2095 oneravit
528 2035 645 2094 invidia.
698 2035 869 2110 Discerptus
892 2043 938 2096 est
958 2038 994 2096 ab
1017 2043 1140 2110 ubsque
1162 2043 1260 2112 parte,
1287 2038 1353 2098 dum

136 2139 255 2211 utrique
278 2137 375 2199 nudet
398 2139 571 2199 uouemere!

226 2245 344 2304 Mortuo
373 2245 495 2304 Erasmo
518 2244 637 2318 lugebat
659 2243 836 2304 Basileensis
859 2245 975 2317 civitss3
1005 2243 1110 2306 funera
1133 2263 1152 2306 a
1173 2247 1356 2322 msgmusm,

137 2349 252 2422 amicis,
276 2349 345 2408 viris
368 2348 503 2423 eruditis,
531 2348 729 2407 universitatis
751 2348 913 2406 litterariae
937 2347 1046 2408 civibus
1069 2349 1355 2410 honorificentissime

137 2458 242 2526 parata
273 2458 347 2512 sunt
402 2454 484 2511 Inter
514 2453 685 2526 longinquos
717 2453 847 2525 inprimis
879 2451 998 2525 lugebat
1032 2455 1120 2514 etiam
1149 2454 1355 2514 Melauohtbon

137 2573 204 2616 cum
227 2555 393 2618 camerario
423 2573 484 2616 suc.
512 2557 633 2646 'Neque
662 2572 786 2630 unquam
812 2555 929 2628 dignam
951 2555 1066 2616 Erasmi
1087 2559 1256 2619 memoriam
1275 2559 1355 2616 Vite·

137 2663 248 2736 bergae
280 2677 456 2722 evanescere
485 2676 587 2735 passus
619 2665 671 2721 est.
735 2661 770 2718 lu
800 2660 884 2734 buius
914 2660 1044 2734 laudem,
1081 2661 1174 2722 adbuc
1200 2664 1354 2737 superstite

136 2765 283 2839 Luthero,
302 2764 472 2824 Melcbioris
487 2765 604 2824 Acontii
625 2765 753 2824 carmina
775 2763 811 2822 de
828 2761 949 2822 Ercsmo
972 2765 1130 2838 composita
1151 2764 1252 2841 edidit,
1271 2783 1355 2840 prae·

136 2866 200 2926 fixis
223 2867 283 2928 suis
304 2869 397 2940 ipsius
420 2869 550 2926 versibus
570 2868 753 2942 quibusdem,
776 2887 896 2942 quorum
918 2869 1032 2942 priores
1055 2868 1187 2930 bisunt:

246 3027 250 3036 .
314 2971 449 3043 Quamvis
472 2973 587 3047 ingrata
609 2979 655 3032 est
675 2973 821 3033 bominum
846 2980 952 3032 natura
974 2989 1029 3031 uec
1051 2989 1176 3047 uuquam

358 3075 493 3136 Reddere
516 3093 569 3150 pro
590 3077 703 3136 meritis
725 3077 856 3151 praemia
876 3079 956 3151 justa
976 3079 1065 3136 solet:

315 3180 404 3240 Nulla
425 3185 524 3240 tamen
546 3180 648 3240 laudes
671 3187 753 3241 aetas
776 3179 904 3242 abolebit
926 3181 1050 3252 Erasmi,

361 3285 426 3344 Non
448 3285 564 3344 omniuo
588 3285 660 3343 mori
683 3285 776 3358 gloria
798 3301 869 3345 vera
887 3290 992 3360 potest.

225 3389 371 3448 Lutherus
386 3394 450 3462 post
465 3387 580 3448 Erasmi
595 3395 716 3448 mortem
732 3389 769 3448 de
785 3405 821 3448 eo
837 3390 955 3463 loquens
970 3389 1064 3448 varios
1080 3387 1200 3448 allectus
1217 3390 1355 3464 sequitur.

137 3493 203 3554 Etsi
232 3493 415 3566 saepissime,
447 3493 620 3566 praesertim
647 3493 678 3550 in
702 3493 850 3566 colloquiis
881 3491 1083 3566 familiaribus,
1113 3493 1221 3566 injusta
1243 3509 1296 3554 sua
1318 3492 1355 3552 de

139 3599 190 3658 illo
211 3595 324 3672 judicia
346 3579 448 3671 iterat,
471 3596 624 3670 aliquoties
646 3603 757 3671 amen,
780 3597 952 3672 compluries
974 3611 1060 3668 quarn
1082 3596 1214 3669 plerique
1236 3597 1356 3670 opinan-

138 3708 200 3776 tur,
233 3699 389 3761 bonorifice
418 3717 483 3760 eum
512 3706 661 3760 memorat.
707 3701 755 3760 Sic
777 3701 932 3774 gloriatur,
963 3699 1039 3773 quod
1061 3700 1190 3760 libellum
1217 3717 1298 3758 suum
1321 3699 1357 3760 de

139 3807 213 3865 votis
241 3805 408 3866 monasticis
431 3804 569 3864 Erasmus
591 3804 879 3864 recommendaverit.
924 3803 1112 3862 Enumeratio
1134 3803 1265 3876 pluribus
1289 3803 1358 3862 viris

138 3910 252 3984 probis,
286 3910 336 3982 qui
365 3909 500 3982 martyris
535 3907 765 3968 Constsntiensis
805 3908 1002 3967 innocentiam
1036 3907 1256 3982 perspexerint,
1293 3913 1360 3980 post

138 4013 372 4074 Maximilisuum
390 4011 546 4074 Caesarem
567 4013 665 4072 statim
688 4012 841 4072 Rasmum
864 4012 1008 4083 nominat,
1030 4012 1105 4070 hunc
1122 4011 1198 4070 euim
1214 4011 1245 4068 in
1261 4010 1358 4069 libello

139 4118 215 4192 typis
237 4133 389 4191 expresso,
410 4133 496 4190 quem
518 4118 581 4190 ipse
605 4115 698 4176 adhuc
719 4115 881 4190 possideat,
903 4115 1000 4189 palam
1023 4114 1187 4188 scripsisse:
1209 4113 1359 4174 lohannes

140 4223 257 4280 Hussus
284 4225 402 4280 exustus
432 4237 489 4280 uon
520 4221 677 4279 convictus.
724 4219 873 4292 Quumque
902 4217 1142 4279 consultationem
1163 4217 1360 4277 Cardinalium

145 4325 235 4386 Paulo
254 4327 306 4384 ΙΙΙ.
329 4323 464 4399 pontifice
488 4325 663 4399 publicatam
687 4325 808 4400 ardeatis
829 4323 936 4382 notulis
960 4322 1075 4397 ederet,
1099 4323 1127 4382 ei
1142 4323 1221 4396 loco,
1246 4338 1301 4395 quo
1316 4321 1359 4378 illi

141 4435 208 4506 post
223 4435 388 4490 accusatam
404 4430 566 4490 scholarum
579 4427 774 4503 publicarum,
795 4427 969 4504 praesertim
984 4427 1159 4500 Italicarum,
1180 4427 1360 4500 impietatem

141 4535 258 4594 Erasmi
282 4535 426 4608 colloquia
446 4538 564 4609 taram,
590 4533 665 4593 baec
686 4531 777 4592 verbs
799 4530 971 4592 Germanice
998 4530 1166 4604 adscripsit:
1193 4531 1290 4606 ,Itane
1313 4529 1360 4592 bic

182 4647 392 4692 Soblottmunui
407 4647 510 4692 &munus
523 4647 643 4692 redivivus.
1099 4637 1140 4694 23
