3194 5042
226 325 276 380 168
768 323 856 378 Carur
874 323 907 375 V.

224 527 366 586 Vaticano
400 525 530 587 Concilio
567 544 707 604 praesens
742 526 999 600 animadverterat,
1035 523 1233 584 instituendos
1264 523 1462 601 aliquatenus

224 653 289 694 csse
317 633 440 712 putarit.
485 634 590 712 Itaque
618 634 650 692 in
677 652 784 710 magua
811 633 953 711 epistolae
981 649 1052 692 suae
1080 631 1283 691 oecumenicae
1309 635 1398 708 parte
1423 629 1462 687 ad
1577 695 1578 702 ἵ

224 742 497 816 demonstrandum,
530 745 675 819 quantum
702 740 839 800 utilitatis
865 741 926 817 jam
954 739 1085 818 priorum
1112 737 1254 798 ecclesiae
1286 738 1464 798 seculorum

224 849 387 927 apologetis
406 853 436 908 et
454 847 591 908 Patribus
614 847 802 925 philosophia
819 847 964 922 01101001,
988 845 1135 923 permulta
1152 845 1284 916 nomina,
1307 844 1464 921 exempla,

225 957 303 1016 dicta
322 955 464 1033 producit.
511 954 592 1030 Quae
610 956 747 1016 omnibus
770 955 889 1033 quidem
908 953 1080 1013 melioribus
1102 957 1188 1013 notae
1206 952 1464 1026 adulescentibus

225 1064 395 1142 quicunque
422 1063 454 1122 in
477 1062 660 1124 Germanicis
687 1062 929 1122 universitatibus
956 1060 1120 1138 theologiae
1142 1077 1195 1138 per
1221 1059 1335 1137 aliquot
1360 1077 1465 1118 annos

225 1189 342 1248 operam
380 1171 535 1246 dederunt,
573 1169 728 1230 tritissima
764 1174 847 1244 sunt,
885 1169 1032 1247 episcopis
1069 1186 1138 1228 vero
1170 1167 1465 1228 Romanocatholicis

225 1279 306 1337 haud
324 1279 427 1355 paucis
445 1283 522 1338 10010
544 1278 609 1355 ipso
629 1278 710 1354 Papa
731 1295 792 1338 non
811 1276 882 1337 satis
905 1277 1029 1353 cognita
1076 1275 1177 1335 laude
1196 1275 1327 1352 proiecto
1345 1275 1464 1351 dignus

226 1391 272 1446 est
295 1387 322 1446 si
345 1388 473 1446 fraterna
495 1386 616 1446 cantate
638 1389 789 1463 permotus
812 1384 953 1445 scientiae
974 1383 1136 1458 defectum,
1164 1401 1222 1461 quo
1244 1381 1292 1442 1111
1314 1383 1464 1456 laborant,

227 1493 348 1570 explere
370 1494 477 1553 studet.

334 1600 449 1660 Deinde
480 1600 651 1660 discendam
683 1604 772 1678 atque
808 1600 968 1660 docendam
999 1599 1038 1658 iis
1070 1598 1207 1677 proponit
1239 1597 1464 1676 philosophiam

228 1707 450 1767 Themisticam:
480 1705 575 1781 Quam
597 1707 687 1767 etiam
708 1725 777 1783 nos,
805 1708 862 1767 etsi
884 1707 979 1766 multa
1005 1706 1037 1765 in
1060 1725 1095 1766 ea
1116 1706 1329 1783 improbamus,
1356 1710 1463 1764 101000

227 1815 327 1890 magni
356 1815 489 1874 facimus.
536 1813 634 1888 Quum
661 1815 904 1874 scholasticorum
931 1814 1062 1874 doctina
1089 1813 1246 1891 postremis
1273 1813 1364 1872 medii
1390 1813 1462 1872 aevi

227 1921 410 1999 temporibus
441 1940 563 1999 prorsus
590 1922 797 1999 degenerasset
824 1927 854 1982 et
883 1923 919 1982 ad
947 1922 1073 1981 urendos
1100 1921 1197 1980 varios
1224 1939 1337 1980 errores
1368 1925 1463 1999 atque

228 2031 338 2089 abusus
365 2029 565 2105 adhiberetur,
597 2048 657 2089 non
688 2030 796 2088 mirum
822 2034 880 2104 est,
913 2029 993 2106 quod
1020 2029 1226 2088 reformatores
1253 2027 1290 2088 de
1317 2046 1351 2088 ea
1375 2029 1462 2104 justo

229 2137 332 2197 durius
354 2137 504 2196 interdum
524 2137 729 2214 judicaverint.
774 2136 977 2196 Nihilominus
1001 2137 1044 2196 sic
1067 2140 1101 2195 ut
1122 2135 1263 2195 Erasmus
1286 2135 1375 2195 etiam
1396 2135 1462 2194 Lu-

228 2244 332 2304 therus
358 2245 482 2304 rectiora
503 2245 536 2304 in
563 2263 597 2304 ea
624 2249 653 2304 et
681 2245 796 2304 saniora
818 2244 913 2303 multa
939 2244 1122 2320 agnoscebat.
1168 2243 1233 2303 Hoc
1259 2243 1357 2302 ariimo
1380 2243 1463 2303 inter

229 2351 314 2411 initia
336 2369 390 2411 sua
409 2351 559 2429 Stanpiaio
583 2352 715 2428 scripsit:
745 2352 819 2428 ,Ego
838 2351 1029 2412 scholasticos
1052 2369 1112 2410 nou
1130 2350 1242 2410 clausis
1264 2350 1359 2410 oculis
1380 2350 1460 2427 lego,

230 2477 289 2520 non
316 2459 416 2536 rejicio
445 2459 543 2519 omnia
570 2477 684 2534 eorum,
713 2459 765 2519 sed
791 2477 847 2519 neo
874 2458 972 2518 omnia
999 2459 1111 2536 probo.t
1156 2457 1240 2518 idem
1263 2458 1341 2518 haud
1364 2458 1461 2518 multo

213 2553 299 2626 'ante
321 2567 476 2626 decessum
498 2566 530 2625 in
553 2567 809 2642 commentatione,
837 2585 926 2644 quam
954 2565 991 2625 de
1012 2570 1188 2625 testamento
1211 2565 1307 2624 David
1331 2565 1461 2642 scripsit,

231 2692 332 2732 coriam
354 2691 420 2733 acre
443 2677 473 2732 et
496 2673 604 2733 subtile
627 2674 792 2750 ingenium,
821 2673 872 2733 ubi
897 2674 929 2733 in
952 2673 1014 2732 veri
1037 2673 1208 2734 definitione
1230 2673 1307 2732 illud
1329 2691 1461 2733 versare-

231 2785 291 2854 tur,
316 2797 421 2839 sanum
439 2797 505 2840 esse
527 2781 714 2857 praedicarit.
761 2780 905 2841 Similiter
927 2781 1033 2841 deinde
1056 2781 1108 2859 qui
1131 2779 1332 2857 evangelicam
1353 2780 1461 2840 docui-

231 2905 300 2946 nam
327 2887 491 2964 dogmatice
518 2887 652 2947 excolere
679 2888 848 2963 studebant,
877 2889 914 2948 de
938 2888 1001 2948 11110
1025 2889 1245 2964 judicaverunt,
1273 2887 1461 2948 definitiones

231 3014 266 3056 ac
288 2995 492 3056 distinctiones
516 3013 617 3055 eorum
638 2995 751 3072 largius
778 2996 927 3056 interdum
954 3014 1043 3074 quam
1066 2995 1182 3055 cautius
1204 2995 1237 3054 in
1259 3013 1348 3055 usum
1371 3013 1462 3056 suum

231 3107 387 3163 vertentes.
433 3101 538 3182 Neque
556 3119 606 3163 eos
625 3103 787 3181 praeteriit,
811 3103 952 3162 Thomam
975 3103 1008 3162 in
1026 3103 1204 3180 quibusdam
1226 3103 1315 3163 rebus
1337 3104 1461 3180 propius

232 3230 321 3289 quam
352 3211 462 3271 multos
489 3211 562 3271 alios
590 3211 627 3270 ad
653 3211 813 3288 puritatem
839 3211 909 3270 fidei
936 3210 1114 3287 apostolicae
1145 3210 1290 3270 accedere.
1341 3210 1461 3270 Etenim

232 3319 269 3378 ad
297 3319 536 3378 constituendum
566 3318 731 3395 theologiae
758 3321 889 3394 systema
916 3337 934 3376 0
960 3317 1164 3396 philosophico
1191 3317 1342 3378 fflversum
1373 3318 1461 3378 unico

234 3445 332 3486 sacrae
369 3426 530 3503 scripturae
562 3426 753 3486 fundamento
789 3425 915 3501 utitur,1
953 3443 1085 3501 ,causam
1116 3425 1170 3486 Dei
1203 3425 1344 3486 adversus
1375 3425 1461 3485 Pela·
1577 3477 1578 3488 ,

234 3533 342 3609 gium‘,
369 3537 404 3592 01
430 3551 499 3593 cum
526 3533 638 3593 Thema
664 3533 904 3592 Bradwardinate
930 3532 1098 3610 loquamur,
1126 3533 1241 3594 fortiter
1267 3533 1340 3610 egit,
1368 3551 1461 3594 erner-

234 3640 316 3717 genti
339 3644 508 3700 10000000
530 3640 660 3717 dogmati
687 3641 724 3700 de
746 3640 839 3699 Maria
861 3640 926 3700 sine
953 3640 1019 3700 labe
1041 3645 1182 3718 concepta
1205 3659 1321 3718 semper
1343 3641 1461 3701 restitit

234 3749 377 3826 Ejusdem
399 3748 567 3808 testimonia
589 3749 705 3808 animae
731 3747 909 3808 christianae
931 3748 1105 3808 naturaliter
1119 3749 1315 3825 evangelicae
1338 3768 1356 3808 a
1378 3767 1461 3826 prae·

235 3856 398 3917 clarissimo
421 3855 484 3916 viro
506 3855 618 3916 Jcanne
640 3855 789 3916 Gerhardo
812 3855 901 3915 allata
924 3873 990 3916 esse
1012 3856 1224 3916 adnotavimus.
1270 3856 1364 3916 Immo
1387 3855 1461 3916 Dor-

236 3965 343 4025 seheus
365 3963 584 4042 amplissimum
601 3963 711 4024 librum
733 3963 770 4022 de
789 3962 901 4023 Thema
917 3963 1067 4040 Aquinate
1090 3964 1257 4023 consessore
1275 3963 1462 4040 evangelicae
1577 3975 1578 3998 ³

235 4071 367 4131 ueritatis
399 4071 520 4131 edidit.²
574 4071 668 4130 Multo
704 4070 848 4147 gravioris
884 4070 1066 4130 auctoritatis
1102 4069 1190 4147 paulo
1222 4073 1290 4147 post
1321 4069 1461 4130 Leibnitii

232 4179 345 4256 judicia
375 4184 466 4238 erant.
518 4177 575 4252 Qui
603 4177 722 4256 saepius
753 4182 783 4238 01
810 4177 952 4237 ’11000000
985 4177 1111 4237 summis
1138 4176 1275 4236 laudibus
1303 4178 1401 4252 effert,
1433 4181 1462 4236 et

236 4286 354 4346 omnino
381 4305 489 4363 magna
514 4285 710 4346 vetustiorum
735 4285 976 4346 scholasticorum
1004 4285 1135 4362 ingenia,
1165 4284 1237 4344 licet
1262 4284 1335 4343 vitia
1362 4301 1461 4345 eorum

344 4533 371 4600 1)
390 4531 500 4586 Summa
517 4529 598 4585 theol.
617 4531 700 4600 Iq.1
721 4533 769 4585 art.
790 4533 819 4600 1,
838 4531 884 4586 ubi
903 4533 1029 4602 provocat
1047 4532 1080 4585 ad
1099 4531 1194 4585 21110.
1210 4531 1238 4600 3,
1260 4530 1301 4584 16.

344 4619 371 4688 2)
390 4619 556 4672 11100001οι11
575 4620 652 4674 1655.
