3176 5064
678 307 765 363 Caaur
782 307 817 362 11.
1329 309 1363 362 15

129 512 243 570 vhhrte
269 515 359 588 atque
386 510 418 569 in
446 510 631 588 explicandis
654 515 788 570 veterum
816 511 935 588 seriptis
959 511 1090 570 sollertia
1112 511 1235 588 optimis
1257 528 1363 588 aequa-

129 617 225 692 libus,
248 619 407 695 praeoipue
429 617 696 678 Mediolanensium
719 617 845 694 civitati,
868 618 1026 678 admodum
1045 637 1078 678 se
1096 619 1237 695 probavit.
1283 617 1364 678 Haec

129 725 231 784 omnia
258 727 346 785 etiam
374 725 420 784 vir
442 725 520 784 inter
542 725 671 785 Jesuitas
694 725 843 803 quondam
865 725 1005 801 illustris,
1028 725 1132 786 Laaeri
1155 726 1287 801 nonnus,
1311 725 1362 802 qui

129 831 258 892 Palearii
282 833 392 910 scripta
420 833 563 910 quaedam
586 832 692 892 Latina
719 838 748 892 et
771 832 889 893 Thusm
911 833 1026 910 primus
1049 833 1143 892 edidit
1165 833 1261 910 deque
1283 833 1362 892 vitae

130 939 197 1014 ejus
215 941 398 1018 temporibus
417 940 562 1016 sagaciter
581 941 757 1018 disputavit,
780 941 954 1018 plenissime
972 941 1114 1000 concedit
1160 939 1363 999 Nihilominus

129 1047 169 1106 de
191 1047 316 1107 Palearii
340 1047 488 1125 supplicio
510 1048 667 1107 admodum
691 1047 813 1124 frigide,
840 1048 931 1106 immo
959 1048 1094 1108 horribili
1126 1048 1218 1106 animi
1245 1065 1363 1125 perver-

32 1161 45 1172 '
130 1154 219 1214 sitate
243 1155 364 1231 judicat.
415 1155 520 1233 Itaque
546 1155 612 1232 ipse
638 1155 749 1214 mirum
776 1173 878 1216 eorum
905 1155 1037 1216 viromm
1060 1155 1241 1215 audimrum
1264 1173 1363 1214 exem-

129 1261 217 1339 plum
244 1267 302 1338 est,
335 1262 387 1340 qui
414 1263 493 1340 apud
520 1262 624 1338 Italos,
654 1263 717 1340 jam
747 1264 951 1339 grassantibus
984 1263 1049 1323 illic
1077 1263 1202 1323 Voltarii
1235 1263 1362 1340 scriptis,

128 1368 276 1428 Erasmici
298 1370 412 1447 ingenii
435 1369 576 1448 reliquias
600 1371 784 1448 supprimere
800 1370 993 1430 'studebant1

239 1475 377 1554 Quinque
404 1477 530 1537 Palearii
561 1479 721 1554 distinguit
752 1478 831 1538 vitae
858 1484 971 1556 partes,
1003 1496 1078 1556 quos
1109 1483 1194 1538 achis
1221 1478 1362 1538 nominat.

128 1583 236 1661 Itaque
259 1585 389 1644 fabulam
411 1585 539 1662 effingit,
572 1586 658 1662 cujus
680 1585 793 1662 tragica
815 1586 1013 1663 catastrophe,
1041 1585 1181 1646 lectorem
1212 1585 1364 1662 inopinata

129 1692 271 1767 obruens,
294 1697 380 1752 antea
402 1711 440 1752 ne
463 1693 589 1752 divinari
608 1693 729 1770 quidem
748 1697 858 1771 potest,
882 1694 968 1771 quasi
987 1694 1151 1753 seeundum
1169 1693 1364 1752 Horatianum

129 1799 244 1858 dictum
271 1800 398 1860 formosa
425 1819 553 1877 superne
580 1801 709 1860 humana
736 1801 830 1861 forma
855 1800 888 1859 in
910 1805 1076 1860 monstrum
1103 1799 1227 1860 desinat.
1278 1800 1363 1860 Post-

131 1924 222 1983 quam
244 1907 324 1966 enim
346 1908 494 1984 prioribus
517 1913 643 1986 quatuor
665 1908 920 1969 commentationis
942 1908 1075 1986 partibus
1098 1907 1176 1966 nihii
1193 1907 1253 1966 nisi
1271 1907 1362 1967 hono-

129 2013 349 2075 rificentissime
375 2015 413 2074 de
434 2015 561 2075 Palearii
588 2016 753 2076 eruditione
781 2020 811 2075 et
837 2015 967 2076 moribus
994 2015 1112 2075 locutus
1141 2019 1199 2090 est,
1228 2015 1362 2092 quintam

130 2121 229 2181 subito
252 2121 300 2182 his
322 2121 429 2200 incipit
450 2117 563 2183 verbis:
587 2123 704 2198 ,Restat
721 2127 888 2201 postremus
907 2123 1041 2198 ejusdem
1059 2121 1138 2182 vitae
1155 2126 1253 2198 aetus,
1276 2121 1362 2198 isque

130 2233 166 2287 ut
192 2228 225 2288 in
252 2229 411 2306 tragoediis
439 2247 506 2290 esse
534 2230 622 2306 solet,
654 2216 776 2290 acerbus
804 2249 838 2290 ao
860 2231 1023 2290 luctuosus.
1078 2229 1237 2289 Mediolani
1270 2247 1362 2306 quum

130 2340 212 2396 esset
238 2341 268 2396 et
294 2337 450 2398 commisso
477 2338 534 2397 sibi
561 2356 683 2398 munere
710 2343 830 2398 shenue
860 2338 1046 2414 fungeretur,
1079 2337 1136 2397 etsi
1167 2341 1262 2397 aetate
1293 2354 1362 2396 eon·

129 2443 227 2503 fectus
250 2449 280 2503 et
302 2444 505 2504 infirmissima
522 2445 704 2520 valetudine,
727 2445 851 2506 Romam
870 2445 971 2505 venire
986 2445 1090 2521 jussus
1109 2449 1167 2519 est,
1190 2449 1225 2504 ut
1243 2461 1363 2504 cerream

129 2551 242 2612 diceret
268 2551 393 2612 violatae
420 2553 591 2629 religionis‘
647 2553 876 2630 Exspectaveris
903 2571 963 2612 non
991 2552 1090 2612 minus
1118 2569 1254 2628 sagacem
1280 2551 1363 2611 ealli-

130 2659 262 2736 dumque
285 2678 374 2737 quam
395 2660 563 2737 elegantem
586 2661 761 2738 scriptorem
778 2661 821 2720 ita
838 2662 901 2722 fere
919 2660 1016 2720 disere
1034 2664 1238 2738 perreehrrum
1255 2659 1362 2720 fuisse:

131 2766 258 2842 ,Durius
285 2785 373 2845 quam
401 2769 480 2846 quod
508 2785 588 2828 nune
615 2769 774 2845 probemus
799 2769 944 2845 judicium
972 2768 1067 2832 latum
1094 2773 1153 2843 est,
1182 2767 1364 2845 supplicium

131 2879 286 2952 sumptum
308 2875 346 2934 de
368 2879 449 2934 tanto
472 2893 507 2935 ao
530 2875 583 2934 tali
605 2876 681 2956 riro,
705 2893 777 2936 sene
799 2875 973 2950 venerabili,
997 2880 1117 2953 propter
1138 2892 1265 2949 errores,
1288 2892 1363 2952 quos

132 2982 293 3042 Pontifices
315 3001 375 3042 non
397 2987 558 3060 potuerunt
580 2983 699 3061 quidem
722 3001 783 3044 non
805 2982 981 3061 improbare,
1005 2979 1080 3060 quos
1102 2999 1171 3042 vero
1189 2982 1222 3040 in
1239 2981 1363 3041 Erasmo

131 3093 163 3150 et
185 3087 320 3149 Sadolete
342 3108 402 3150 non
424 3090 498 3150 tanti
521 3091 663 3165 fecerant,
686 3095 721 3149 ut
742 3095 880 3168 proptera
902 3107 1034 3149 summos
1056 3088 1095 3148 iis
1113 3089 1238 3148 honores
1258 3089 1362 3148 offerre

131 3197 216 3256 nefas
238 3197 419 3258 habuissent.
465 3198 661 3258 Exeusmdus
684 3197 872 3275 aliquatenus
894 3201 995 3257 tamen
1017 3195 1156 3256 Pontifex
1179 3199 1225 3255 est
1248 3193 1362 3255 sineere

131 3301 214 3380 pius,
237 3323 275 3365 ex
296 3305 487 3384 Inquisitoris
509 3323 632 3366 munere
654 3305 691 3364 ad
714 3305 815 3365 sedem
832 3304 995 3364 Romanam
1017 3307 1151 3378 vocatus,
1174 3301 1253 3380 quod
1271 3301 1362 3361 medii

131 3411 197 3472 aevi
224 3413 343 3490 ingenio
370 3413 502 3474 imbutus
529 3413 685 3474 ecclesiam
712 3411 899 3486 catholicam,
927 3411 987 3471 nisi
1009 3410 1195 3471 heterodoxis
1218 3409 1363 3469 violenter

132 3521 297 3596 oppressis,
320 3521 431 3581 servari
449 3521 532 3581 nullo
550 3521 637 3582 modo
656 3538 744 3599 posse
762 3519 935 3580 crediderit‘
967 3517 1050 3578 Talia
1068 3519 1142 3594 fere,
1162 3518 1221 3595 ajo,
1240 3535 1363 3595 exspec-

131 3626 395 3688 taverisJasuitam
408 3627 495 3688 illum
509 3629 678 3688 locuturum
696 3627 799 3689 fuisse.
822 3627 934 3687 Verum
953 3627 1099 3687 contraria
1116 3625 1196 3686 dicit
1219 3625 1307 3685 Pium
1315 3625 1362 3700 V,

131 3734 228 3795 multo
249 3741 318 3814 post
339 3737 376 3796 ab
399 3736 536 3812 ecclesia,
561 3737 675 3797 scilieet
697 3755 715 3795 a
734 3735 823 3796 Curia
840 3734 973 3795 Romana
996 3737 1131 3794 sanctum
1150 3733 1362 3812 proclamatum

132 3847 164 3901 et
185 3843 318 3903 fidelium
340 3843 518 3905 invocationi
541 3845 738 3922 propositum,
766 3861 869 3903 omnes
895 3859 944 3902 res
972 3859 1041 3902 suas
1069 3841 1180 3919 optime
1206 3841 1304 3916 egisse
1332 3845 1362 3900 et

132 3949 299 4010 Palearium
328 3969 445 4030 quoque
469 3951 537 4029 jure
564 3951 767 4028 strangulasse
794 3955 824 4010 et
851 3967 997 4010 cremasse
1020 3967 1073 4026 pro
1105 3953 1185 4008 oerto
1216 3947 1362 4006 affirmare

132 4075 194 4116 non
224 4058 347 4118 dubitat.
402 4059 517 4120 Deinde
549 4077 617 4119 vero
650 4059 735 4137 quasi
767 4075 800 4118 se
827 4057 926 4135 ipsum
954 4060 1163 4131 mermamrus,
1196 4054 1274 4132 quod
1301 4059 1362 4112 tam

133 4165 217 4225 exosi
239 4165 379 4226 haeretiei
402 4167 513 4244 scripta
535 4185 603 4227 oum
625 4167 745 4226 laudere
772 4171 836 4225 tum
863 4163 1007 4224 nonnulla
1033 4163 1119 4222 edere
1146 4179 1237 4222 ausus
1265 4161 1317 4237 sit,
1344 4180 1363 4220 a

133 4271 242 4333 lectore
272 4273 391 4334 veniam
422 4274 497 4352 petit
529 4273 673 4353 quaedam
705 4273 789 4333 illius
820 4272 909 4332 verba
942 4289 997 4332 suo
1029 4269 1172 4348 opusculo
1203 4267 1360 4330 inserendi

135 4431 347 4442 ιιι-ῃ.-

242 4521 269 4590 1)
288 4520 403 4590 ssnzeri)
426 4521 598 4576 Miscellanea
620 4537 655 4575 ex
677 4519 837 4576 bibliotheca
859 4518 962 4590 collegii
986 4518 1061 4574 Rom.
1081 4533 1134 4573 aoo.
1153 4517 1220 4572 Jesu
1242 4517 1305 4572 tom.
1325 4515 1360 4586 H,

133 4627 158 4680 p.
171 4609 320 4665 115-186
340 4609 450 4680 (Romae
470 4612 558 4680 1757).
