3134 5054
1011 321 1110 373 (iurum
1130 322 1193 372 Xil.

571 533 645 592 lieu
670 533 769 592 minus
800 532 924 593 firmiter
954 549 1040 607 qnam
1067 532 1214 594 Lutherus
1235 533 1374 594 Erasmus
1401 535 1534 608 tenebat,

497 637 714 698 cernuamsmi
738 636 865 696 indolem
893 637 926 697 in
953 637 1043 712 ipsios
1073 636 1179 698 Christi
1214 654 1340 712 persona
1369 654 1434 698 esse
1460 639 1522 713 posi
1542 664 1566 691 2.

511 743 629 816 saepius
657 741 779 801 omnium
806 757 903 800 rerum
926 740 1080 815 ,ceutrum‘
1102 714 1299 817 et‚scopu'1u‘
1329 759 1395 802 csso
1424 741 1502 802 dicit
1562 751 1567 770 ¹

519 847 556 905 in
584 847 704 920 epistola
730 845 914 920 dedicatoria,
943 862 1026 920 quam
1047 863 1120 906 anuo
1145 847 1224 906 illius
1246 847 1336 906 seculi
1362 852 1463 908 octavo
1484 847 1522 908 de
1541 849 1562 899 '·

530 950 679 1010 enchiridii
699 949 842 1009 christiani
864 949 978 1010 editioni
998 951 1153 1026 praemisit,
1176 967 1234 1011 nou
1250 952 1312 1011 vult
1326 952 1480 1012 coelestem
1527 976 1531 1003 ι
1556 952 1563 966 ’

533 1055 659 1128 sophiam
684 1054 810 1114 humanis
837 1053 956 1114 decretis
977 1055 1165 1115 contaminari.
1210 1055 1347 1131 ,Maneat
1374 1055 1518 1130 Christus,
1545 1073 1567 1114 ιι

537 1159 610 1233 quod
638 1163 693 1233 est,
724 1164 860 1233 centrum,
892 1157 1072 1220 ambientibus
1099 1159 1212 1219 chenus
1242 1161 1359 1234 aliquot
1417 1160 1485 1219 Noli
1515 1177 1564 1220 sco

540 1279 652 1322 movere
670 1260 765 1322 loco.‘¹
807 1263 892 1322 Paulo
912 1261 997 1322 fusius
1015 1264 1044 1322 in
1062 1263 1181 1337 epistola
1201 1264 1240 1324 ad
1255 1264 1400 1324 Sleehtam
1415 1254 1558 1338 evangelii

539 1367 570 1424 iu
597 1383 630 1426 eo
658 1383 718 1426 esse
743 1367 822 1426 eitum
847 1368 971 1447 exponit,
999 1372 1030 1426 ut
1050 1367 1273 1442 intellegendum
1295 1369 1378 1428 uobis
1399 1368 1451 1443 sit,
1481 1383 1562 1442 ,omn

537 1475 660 1530 noemam
690 1471 719 1530 iu
745 1471 806 1532 Deo
834 1487 895 1531 esre
921 1471 1051 1546 positam,
1080 1471 1125 1546 qui
1152 1472 1244 1546 gratis
1270 1471 1353 1532 nohis
1378 1472 1560 1546 largiaturo

534 1571 622 1634 filium
644 1591 722 1634 suum
742 1575 852 1650 Jesum3
881 1573 961 1650 hujus
981 1581 1068 1638 morte
1087 1591 1138 1636 uos
1160 1592 1225 1636 esse
1246 1575 1425 1652 redemptos,
1446 1577 1479 1634 iu
1500 1574 1562 1648 hruj

530 1695 582 1738 nos
602 1679 700 1738 insitos
722 1695 783 1739 ease
803 1695 857 1754 pur
877 1677 1054 1754 baptismum,
1079 1685 1122 1754 ut,
1144 1680 1250 1740 monui
1270 1679 1478 1754 cupiditatibus
1498 1679 1567 1755 bruc

526 1783 563 1842 ad
584 1783 659 1842 illius
680 1782 833 1842 doctrinam
856 1789 886 1843 et
905 1784 1058 1857 exemplum
1076 1784 1215 1860 vivamus,
1236 1784 1310 1843 nihil
1331 1788 1430 1844 umen
1452 1783 1561 1844 bouin

520 1903 695 1962 arrogemus,
717 1886 767 1946 sed
789 1887 922 1960 quidquid
941 1893 984 1946 est
999 1888 1065 1947 boui
1079 1888 1141 1948 Deo
1157 1888 1414 1948 transcendamus!
1459 1887 1500 1946 Et
1521 1889 1552 1948 in

516 1991 553 2052 de
580 1992 691 2052 ratione
717 2007 801 2052 verae
825 1992 985 2067 theologiae
1008 1992 1079 2051 baeu
1100 1994 1248 2067 leguntur:
1278 1993 1400 2067 ,Nostra
1422 1992 1557 2066 sapienti

512 2102 570 2170 est,
596 2101 695 2156 uosha
721 2097 832 2170 punitas
861 2095 1008 2170 impuritas
1030 2103 1081 2156 est.
1125 2097 1172 2156 Ad
1193 2096 1268 2156 haec
1290 2097 1387 2156 omnia
1409 2095 1494 2155 uobis
1516 2102 1561 2156 est

509 2205 540 2258 et
558 2201 671 2274 justitia
693 2205 724 2260 ct
744 2217 801 2275 pax
823 2206 854 2260 et
875 2201 1018 2276 sapientia
1040 2200 1126 2275 idque
1150 2217 1186 2260 ex
1208 2201 1344 2275 largitate
1372 2201 1478 2275 patris,
1508 2201 1556 2273 qni

506 2305 597 2379 gratis
618 2305 719 2364 dilexit
740 2321 794 2364 nos
816 2310 846 2367 et
867 2305 922 2364 hoe
943 2306 1036 2379 ipsum
1057 2306 1149 2380 gratis
1170 2306 1332 2380 praestitit,
1354 2310 1388 2364 ut
1408 2306 1490 2364 illum
1512 2305 1565 2364 red

503 2407 589 2484 ,Ideo
616 2411 697 2468 veuit
722 2413 820 2469 tantm
849 2411 976 2485 lagatus,
1005 2415 1038 2470 ut
1066 2412 1170 2485 ingens
1192 2411 1299 2470 moris
1320 2407 1488 2470 incendium
1511 2425 1563 2470 exc

494 2512 532 2572 oh
553 2513 585 2573 id
606 2513 704 2588 ignem
724 2519 818 2573 vocat
861 2513 971 2590 Magna
994 2519 1039 2574 est
1060 2519 1183 2576 naturae
1207 2515 1328 2588 caritas,
1359 2520 1391 2573 at
1416 2513 1489 2573 hoec
1511 2529 1565 2588 pra

491 2619 614 2678 caritate
644 2618 754 2693 glacies
785 2624 838 2679 est.
883 2619 950 2680 Jam
980 2619 1058 2694 apud
1087 2619 1231 2680 Joannem
1261 2624 1353 2680 totum
1380 2617 1448 2694 hoc,
1478 2617 1554 2693 quod

488 2721 565 2798 quod
587 2723 650 2797 agit
672 2722 751 2797 apud
772 2722 931 2797 discipulos
954 2723 1125 2784 imminente
1145 2706 1245 2784 mortis
1266 2729 1411 2799 tempore,
1434 2723 1503 2797 quid
1523 2724 1562 2782 ali

486 2825 557 2901 quid
577 2825 658 2886 abed
678 2827 784 2902 spirat,
808 2843 896 2902 quam
912 2827 1029 2900 igneam
1045 2834 1134 2902 atque
1152 2827 1406 2903 dementissimam
1426 2829 1559 2902 sumitate⁴

487 2936 534 2992 cst
562 2932 671 2990 caritas
702 2931 769 3006 illa,
798 2938 893 2992 morte
922 2931 1039 3008 tortior,
1069 2949 1145 3006 quae
1175 2939 1322 2992 amantem
1347 2933 1384 2991 ud
1406 2932 1562 2990 mortisue

486 3039 628 3108 temptum
650 3033 825 3110 inflammat,
849 3051 924 3110 quae
948 3034 1039 3096 efficit
1060 3036 1137 3110 qnod
1160 3037 1241 3095 nulla
1258 3042 1378 3110 possunt
1397 3036 1525 3094 hnmana
1546 3051 1565 3107 p

575 3139 639 3199 Hoc
660 3139 751 3214 igitur
772 3140 869 3199 auimo
892 3146 924 3200 et
946 3157 1035 3200 seusu
1053 3143 1116 3215 jam
1139 3145 1207 3200 ante
1226 3140 1387 3199 Lutherum
1409 3139 1549 3197 Erasmus

487 3248 621 3302 centrum
651 3249 683 3303 et
712 3260 832 3318 scopum
864 3245 1043 3304 christianae
1074 3243 1225 3319 religionis
1253 3259 1318 3302 esse
1344 3240 1543 3316 profitebatur.

487 3353 534 3406 tos
563 3347 674 3422 docuit,
704 3349 755 3423 qui
784 3354 888 3422 postea
918 3347 1094 3408 emendatae
1125 3349 1268 3408 ecclesiae
1297 3347 1405 3408 decora
1437 3345 1507 3406 iacti
1537 3363 1564 3405 su

488 3451 612 3511 Erasmo
632 3451 876 3528 Oeeolampadius
890 3453 1027 3513 didicisse
1051 3469 1083 3512 se
1107 3452 1252 3528 declarat,
1273 3453 1345 3512 nibil
1367 3452 1398 3510 in
1420 3452 1511 3512 sacris
1532 3451 1554 3510 li

489 3554 638 3616 Chiistum
662 3557 864 3632 quaerendum
891 3573 971 3632 ease,
1002 3557 1040 3616 ab
1068 3556 1192 3617 Erasmo
1217 3557 1353 3618 Urbanus
1378 3556 1521 3632 Rhegius,
1558 3581 1560 3607 =

491 3657 672 3722 Chrhtiauos
694 3662 844 3736 pertinere
867 3678 967 3722 sacras
989 3663 1113 3722 litteras.
1158 3661 1204 3720 Ah
1226 3663 1277 3720 illo
1291 3662 1391 3722 Justus
1405 3662 1496 3722 Jonas
1518 3677 1565 3720 mo

492 3764 566 3824 nihil
594 3765 672 3825 ahud
698 3753 756 3826 uisi
784 3765 929 3826 Christum
958 3767 990 3825 iu
1020 3765 1148 3824 ecclesia
1168 3766 1395 3840 praedicandum
1418 3781 1492 3825 esse.
1544 3772 1567 3815 ιιΙ

491 3869 623 3930 Joauues
645 3886 663 3928 a
684 3866 810 3946 Laseo',
832 3875 986 3946 postquam
1008 3875 1091 3944 grato
1113 3870 1209 3928 animo
1228 3869 1411 3944 memoravit,
1434 3873 1564 3942 quantu·

493 3977 525 4032 et
546 3974 664 4048 scriptis
688 3979 719 4033 et
740 3991 791 4036 ore
815 3975 989 4035 adulescens
1012 3973 1156 4048 qnondam
1178 3973 1216 4033 od
1239 3970 1445 4047 proficiendum
1461 3971 1493 4029 in
1511 3969 1561 4028 bo

494 4078 659 4154 acceperit,
682 4080 737 4138 hoc
760 4078 868 4140 addere
892 4095 952 4138 non
972 4079 1097 4137 omittit:
1119 4077 1272 4152 ,Erasmus
1292 4075 1362 4134 mibi
1385 4081 1487 4133 auctor
1508 4071 1564 4131 fuit

493 4201 574 4245 mum
595 4183 634 4243 ed
656 4199 741 4243 saera
760 4184 936 4260 adjicerem,
959 4185 1046 4242 immo
1067 4199 1137 4241 vero
1159 4183 1211 4242 ille
1233 4181 1342 4256 primus
1364 4197 1411 4238 me
1432 4179 1463 4238 iu
1483 4193 1554 4237 vera

493 4291 651 4348 instituere
686 4287 801 4362 eoepit‘
855 4287 982 4359 Quorum
1015 4287 1122 4345 similia
1150 4286 1318 4344 testimonia
1349 4283 1486 4357 colligere
1518 4297 1559 4339 m·

493 4390 614 4453 difficile
639 4393 704 4452 erit

585 4613 610 4681 l)
628 4615 699 4679 Epp.
716 4611 821 4672 XXIII,
841 4617 865 4665 i.
973 4611 1000 4677 2)
1020 4611 1087 4676 Opp.
1107 4610 1147 4660 ed.
1166 4607 1272 4677 Kuyper
1289 4608 1324 4658 Π.
1337 4611 1397 4660 btv.
