<?xml version="1.0" encoding="UTF-8"?>
<!DOCTYPE html PUBLIC "-//W3C//DTD XHTML 1.0 Transitional//EN"
    "http://www.w3.org/TR/xhtml1/DTD/xhtml1-transitional.dtd">
<html xmlns="http://www.w3.org/1999/xhtml" xml:lang="en" lang="en">
 <head>
  <title>
</title>
<meta http-equiv="Content-Type" content="text/html;charset=utf-8" />
  <meta name='ocr-system' content='tesseract 3.04.00' />
  <meta name='ocr-capabilities' content='ocr_page ocr_carea ocr_par ocr_line ocrx_word'/>
</head>
<body>
  <div class='ocr_page' id='page_1' title='image "./erasmusredivivu00schlgoog_0292.png"; bbox 0 0 3134 5054; ppageno 0'>
   <div class='ocr_carea' id='block_1_1' title="bbox 616 299 1306 359">
    <p class='ocr_par' dir='ltr' id='par_1_1' title="bbox 616 299 1306 359">
     <span class='ocr_line' id='line_1_1' title="bbox 616 299 1306 359; baseline -0.006 -8"><span class='ocrx_word' id='word_1_1' title='bbox 616 299 710 352; x_wconf 80' lang='lat' dir='ltr'><strong>Garun</strong></span> <span class='ocrx_word' id='word_1_2' title='bbox 729 299 778 351; x_wconf 80' lang='lat' dir='ltr'><strong>Xl.</strong></span> <span class='ocrx_word' id='word_1_3' title='bbox 1254 301 1306 359; x_wconf 73' lang='lat'><strong>275</strong></span> 
     </span>
    </p>
   </div>
   <div class='ocr_carea' id='block_1_2' title="bbox 85 511 1323 4542">
    <p class='ocr_par' dir='ltr' id='par_1_2' title="bbox 85 511 1309 1512">
     <span class='ocr_line' id='line_1_2' title="bbox 86 511 1307 591; baseline 0.005 -21"><span class='ocrx_word' id='word_1_4' title='bbox 86 527 217 585; x_wconf 85' lang='lat' dir='ltr'><strong>quoque,</strong></span> <span class='ocrx_word' id='word_1_5' title='bbox 241 513 311 585; x_wconf 86' lang='lat' dir='ltr'><strong>quia</strong></span> <span class='ocrx_word' id='word_1_6' title='bbox 325 513 415 572; x_wconf 85' lang='lat' dir='ltr'><strong>Curia</strong></span> <span class='ocrx_word' id='word_1_7' title='bbox 428 512 560 572; x_wconf 76' lang='lat' dir='ltr'><strong>Romam</strong></span> <span class='ocrx_word' id='word_1_8' title='bbox 582 513 770 572; x_wconf 85' lang='lat' dir='ltr'><strong>christianum</strong></span> <span class='ocrx_word' id='word_1_9' title='bbox 785 511 911 573; x_wconf 84' lang='lat' dir='ltr'><strong>officium</strong></span> <span class='ocrx_word' id='word_1_10' title='bbox 924 531 1006 574; x_wconf 84' lang='lat' dir='ltr'><strong>suurn</strong></span> <span class='ocrx_word' id='word_1_11' title='bbox 1022 517 1207 591; x_wconf 72' lang='lat' dir='ltr'>neglegebat,</span> <span class='ocrx_word' id='word_1_12' title='bbox 1228 517 1307 577; x_wconf 90' lang='lat' dir='ltr'><strong>baud</strong></span> 
     </span>
     <span class='ocr_line' id='line_1_3' title="bbox 86 615 1307 692; baseline 0.004 -19"><span class='ocrx_word' id='word_1_13' title='bbox 86 615 231 674; x_wconf 87' lang='lat' dir='ltr'><strong>absonum</strong></span> <span class='ocrx_word' id='word_1_14' title='bbox 263 616 420 677; x_wconf 87' lang='lat' dir='ltr'><strong>videbatur</strong></span> <span class='ocrx_word' id='word_1_15' title='bbox 452 617 490 676; x_wconf 91' lang='lat' dir='ltr'><strong>ab</strong></span> <span class='ocrx_word' id='word_1_16' title='bbox 518 616 634 676; x_wconf 85' lang='lat' dir='ltr'><strong>Erasmi</strong></span> <span class='ocrx_word' id='word_1_17' title='bbox 667 618 809 692; x_wconf 87' lang='lat' dir='ltr'><strong>consiliis,</strong></span> <span class='ocrx_word' id='word_1_18' title='bbox 848 635 923 692; x_wconf 88' lang='lat' dir='ltr'><strong>quae</strong></span> <span class='ocrx_word' id='word_1_19' title='bbox 956 635 1044 692; x_wconf 90' lang='lat' dir='ltr'><strong>supra</strong></span> <span class='ocrx_word' id='word_1_20' title='bbox 1075 621 1307 680; x_wconf 72' lang='lat' dir='ltr'><strong>memoravimus.</strong></span> 
     </span>
     <span class='ocr_line' id='line_1_4' title="bbox 87 717 1308 794; baseline 0.007 -18"><span class='ocrx_word' id='word_1_21' title='bbox 87 717 151 776; x_wconf 84' lang='lat' dir='ltr'><strong>Sed</strong></span> <span class='ocrx_word' id='word_1_22' title='bbox 178 719 226 778; x_wconf 91' lang='lat' dir='ltr'><strong>bic</strong></span> <span class='ocrx_word' id='word_1_23' title='bbox 247 721 359 794; x_wconf 87' lang='lat' dir='ltr'><strong>junctos</strong></span> <span class='ocrx_word' id='word_1_24' title='bbox 383 737 483 780; x_wconf 90' lang='lat' dir='ltr'><strong>omnes</strong></span> <span class='ocrx_word' id='word_1_25' title='bbox 503 721 621 780; x_wconf 89' lang='lat' dir='ltr'><strong>volebat</strong></span> <span class='ocrx_word' id='word_1_26' title='bbox 643 720 807 780; x_wconf 77' lang='lat' dir='ltr'><strong>Occidentis</strong></span> <span class='ocrx_word' id='word_1_27' title='bbox 828 723 879 782; x_wconf 88' lang='lat' dir='ltr'><strong>vel</strong></span> <span class='ocrx_word' id='word_1_28' title='bbox 899 724 1003 782; x_wconf 88' lang='lat' dir='ltr'><strong>saltem</strong></span> <span class='ocrx_word' id='word_1_29' title='bbox 1026 722 1202 784; x_wconf 76' lang='lat' dir='ltr'><strong>Germaniae</strong></span> <span class='ocrx_word' id='word_1_30' title='bbox 1224 726 1308 784; x_wconf 92' lang='lat' dir='ltr'><strong>Priu-</strong></span> 
     </span>
     <span class='ocr_line' id='line_1_5' title="bbox 87 823 1307 903; baseline 0.005 -21"><span class='ocrx_word' id='word_1_31' title='bbox 87 823 173 896; x_wconf 89' lang='lat' dir='ltr'><strong>cipes</strong></span> <span class='ocrx_word' id='word_1_32' title='bbox 194 825 337 884; x_wconf 85' lang='lat' dir='ltr'><strong>ecclesiae</strong></span> <span class='ocrx_word' id='word_1_33' title='bbox 353 823 553 884; x_wconf 70' lang='lat' dir='ltr'><strong>reformationi</strong></span> <span class='ocrx_word' id='word_1_34' title='bbox 574 826 760 903; x_wconf 79' lang='lat' dir='ltr'><strong>prospicere,</strong></span> <span class='ocrx_word' id='word_1_35' title='bbox 782 843 859 884; x_wconf 93' lang='lat' dir='ltr'><strong>nunc</strong></span> <span class='ocrx_word' id='word_1_36' title='bbox 872 841 943 885; x_wconf 91' lang='lat' dir='ltr'><strong>vero</strong></span> <span class='ocrx_word' id='word_1_37' title='bbox 957 828 1080 902; x_wconf 76' lang='lat' dir='ltr'><strong>singuli,</strong></span> <span class='ocrx_word' id='word_1_38' title='bbox 1101 835 1188 902; x_wconf 91' lang='lat' dir='ltr'><strong>prout</strong></span> <span class='ocrx_word' id='word_1_39' title='bbox 1203 833 1307 903; x_wconf 87' lang='lat' dir='ltr'><strong>cuique</strong></span> 
     </span>
     <span class='ocr_line' id='line_1_6' title="bbox 86 927 1307 1010; baseline 0.004 -22"><span class='ocrx_word' id='word_1_40' title='bbox 86 927 219 1004; x_wconf 89' lang='lat' dir='ltr'><strong>placuit,</strong></span> <span class='ocrx_word' id='word_1_41' title='bbox 240 930 297 988; x_wconf 90' lang='lat' dir='ltr'><strong>boc</strong></span> <span class='ocrx_word' id='word_1_42' title='bbox 318 945 422 988; x_wconf 88' lang='lat' dir='ltr'><strong>munus</strong></span> <span class='ocrx_word' id='word_1_43' title='bbox 444 929 650 1002; x_wconf 81' lang='lat' dir='ltr'><strong>suscipiebant</strong></span> <span class='ocrx_word' id='word_1_44' title='bbox 689 929 773 989; x_wconf 86' lang='lat' dir='ltr'><strong>Unde</strong></span> <span class='ocrx_word' id='word_1_45' title='bbox 795 931 827 988; x_wconf 93' lang='lat' dir='ltr'><strong>in</strong></span> <span class='ocrx_word' id='word_1_46' title='bbox 848 936 932 989; x_wconf 88' lang='lat' dir='ltr'><strong>tauta</strong></span> <span class='ocrx_word' id='word_1_47' title='bbox 951 931 1098 990; x_wconf 90' lang='lat' dir='ltr'><strong>bominum</strong></span> <span class='ocrx_word' id='word_1_48' title='bbox 1113 934 1307 1010; x_wconf 90' lang='lat' dir='ltr'><strong>multitudiue,</strong></span> 
     </span>
     <span class='ocr_line' id='line_1_7' title="bbox 86 1033 1308 1112; baseline 0.002 -19"><span class='ocrx_word' id='word_1_49' title='bbox 86 1051 214 1109; x_wconf 88' lang='lat' dir='ltr'><strong>quorum</strong></span> <span class='ocrx_word' id='word_1_50' title='bbox 252 1035 340 1108; x_wconf 92' lang='lat' dir='ltr'><strong>pauci</strong></span> <span class='ocrx_word' id='word_1_51' title='bbox 372 1034 500 1106; x_wconf 72' lang='grc'>1111111,</span> <span class='ocrx_word' id='word_1_52' title='bbox 531 1033 709 1104; x_wconf 72' lang='grc' dir='ltr'>σι111111,</span> <span class='ocrx_word' id='word_1_53' title='bbox 741 1033 858 1109; x_wconf 82' lang='lat' dir='ltr'><strong>ingenio</strong></span> <span class='ocrx_word' id='word_1_54' title='bbox 889 1039 989 1094; x_wconf 75' lang='lat' dir='ltr'><strong>mutae</strong></span> <span class='ocrx_word' id='word_1_55' title='bbox 1020 1037 1065 1095; x_wconf 89' lang='lat' dir='ltr'><strong>rei</strong></span> <span class='ocrx_word' id='word_1_56' title='bbox 1093 1052 1181 1109; x_wconf 88' lang='lat' dir='ltr'><strong>paros</strong></span> <span class='ocrx_word' id='word_1_57' title='bbox 1214 1043 1308 1112; x_wconf 88' lang='lat' dir='ltr'><strong>erant,</strong></span> 
     </span>
     <span class='ocr_line' id='line_1_8' title="bbox 88 1137 1309 1216; baseline 0.002 -17"><span class='ocrx_word' id='word_1_58' title='bbox 88 1139 178 1199; x_wconf 87' lang='lat' dir='ltr'><strong>multi</strong></span> <span class='ocrx_word' id='word_1_59' title='bbox 200 1137 423 1196; x_wconf 81' lang='lat' dir='ltr'><strong>Romanensium</strong></span> <span class='ocrx_word' id='word_1_60' title='bbox 445 1137 511 1196; x_wconf 94' lang='lat' dir='ltr'><strong>odio</strong></span> <span class='ocrx_word' id='word_1_61' title='bbox 533 1138 625 1210; x_wconf 81' lang='lat' dir='ltr'><strong>magis</strong></span> <span class='ocrx_word' id='word_1_62' title='bbox 648 1153 735 1210; x_wconf 86' lang='lat' dir='ltr'><strong>quam</strong></span> <span class='ocrx_word' id='word_1_63' title='bbox 749 1137 808 1196; x_wconf 86' lang='lat' dir='ltr'><strong>Dei</strong></span> <span class='ocrx_word' id='word_1_64' title='bbox 829 1154 927 1198; x_wconf 71' lang='lat' dir='ltr'><strong>amore</strong></span> <span class='ocrx_word' id='word_1_65' title='bbox 942 1139 1179 1216; x_wconf 74' lang='lat' dir='ltr'><strong>impellebantur,</strong></span> <span class='ocrx_word' id='word_1_66' title='bbox 1202 1157 1309 1216; x_wconf 74' lang='lat' dir='ltr'><strong>magna</strong></span> 
     </span>
     <span class='ocr_line' id='line_1_9' title="bbox 85 1240 1308 1318; baseline 0.001 -15"><span class='ocrx_word' id='word_1_67' title='bbox 85 1243 245 1303; x_wconf 87' lang='lat' dir='ltr'><strong>imminere</strong></span> <span class='ocrx_word' id='word_1_68' title='bbox 272 1240 425 1300; x_wconf 87' lang='lat' dir='ltr'><strong>videbatur</strong></span> <span class='ocrx_word' id='word_1_69' title='bbox 453 1241 581 1300; x_wconf 90' lang='lat' dir='ltr'><strong>omnium</strong></span> <span class='ocrx_word' id='word_1_70' title='bbox 610 1258 708 1300; x_wconf 90' lang='lat' dir='ltr'><strong>rerum</strong></span> <span class='ocrx_word' id='word_1_71' title='bbox 738 1240 877 1302; x_wconf 82' lang='lat' dir='ltr'><strong>conlusio.</strong></span> <span class='ocrx_word' id='word_1_72' title='bbox 925 1243 1018 1315; x_wconf 77' lang='lat' dir='ltr'><strong>Quare</strong></span> <span class='ocrx_word' id='word_1_73' title='bbox 1045 1245 1188 1318; x_wconf 87' lang='lat' dir='ltr'><strong>quomodo</strong></span> <span class='ocrx_word' id='word_1_74' title='bbox 1210 1245 1308 1306; x_wconf 80' lang='lat' dir='ltr'><strong>Evau-</strong></span> 
     </span>
     <span class='ocr_line' id='line_1_10' title="bbox 87 1345 1309 1425; baseline 0.002 -18"><span class='ocrx_word' id='word_1_75' title='bbox 87 1348 179 1424; x_wconf 80' lang='lat' dir='ltr'><strong>gelici</strong></span> <span class='ocrx_word' id='word_1_76' title='bbox 212 1345 413 1419; x_wconf 84' lang='lat' dir='ltr'><strong>landabiliter,</strong></span> <span class='ocrx_word' id='word_1_77' title='bbox 446 1345 517 1404; x_wconf 89' lang='lat' dir='ltr'><strong>licet</strong></span> <span class='ocrx_word' id='word_1_78' title='bbox 549 1361 608 1405; x_wconf 92' lang='lat' dir='ltr'><strong>nou</strong></span> <span class='ocrx_word' id='word_1_79' title='bbox 642 1347 706 1404; x_wconf 90' lang='lat' dir='ltr'><strong>sine</strong></span> <span class='ocrx_word' id='word_1_80' title='bbox 732 1345 859 1405; x_wconf 82' lang='lat' dir='ltr'><strong>homene</strong></span> <span class='ocrx_word' id='word_1_81' title='bbox 887 1347 969 1421; x_wconf 90' lang='lat' dir='ltr'><strong>labe,</strong></span> <span class='ocrx_word' id='word_1_82' title='bbox 1003 1349 1192 1425; x_wconf 78' lang='lat' dir='ltr'><strong>evitaverint,</strong></span> <span class='ocrx_word' id='word_1_83' title='bbox 1225 1351 1309 1410; x_wconf 86' lang='lat' dir='ltr'><strong>nobis</strong></span> 
     </span>
     <span class='ocr_line' id='line_1_11' title="bbox 88 1449 384 1512; baseline -0.017 0"><span class='ocrx_word' id='word_1_84' title='bbox 88 1449 306 1512; x_wconf 88' lang='lat' dir='ltr'><strong>ostendendum</strong></span> <span class='ocrx_word' id='word_1_85' title='bbox 329 1455 384 1508; x_wconf 81' lang='lat' dir='ltr'><strong>est</strong></span> 
     </span>
    </p>

    <p class='ocr_par' dir='ltr' id='par_1_3' title="bbox 87 1551 1317 4112">
     <span class='ocr_line' id='line_1_12' title="bbox 182 1551 1309 1632; baseline 0.004 -18"><span class='ocrx_word' id='word_1_86' title='bbox 182 1555 247 1614; x_wconf 88' lang='lat' dir='ltr'><strong>Jam</strong></span> <span class='ocrx_word' id='word_1_87' title='bbox 270 1561 339 1614; x_wconf 90' lang='lat' dir='ltr'><strong>tnnc</strong></span> <span class='ocrx_word' id='word_1_88' title='bbox 355 1554 399 1612; x_wconf 93' lang='lat' dir='ltr'><strong>illi</strong></span> <span class='ocrx_word' id='word_1_89' title='bbox 418 1553 497 1612; x_wconf 91' lang='lat' dir='ltr'><strong>idem</strong></span> <span class='ocrx_word' id='word_1_90' title='bbox 511 1551 669 1629; x_wconf 89' lang='lat' dir='ltr'><strong>docebant,</strong></span> <span class='ocrx_word' id='word_1_91' title='bbox 688 1554 765 1627; x_wconf 87' lang='lat' dir='ltr'><strong>quod</strong></span> <span class='ocrx_word' id='word_1_92' title='bbox 777 1560 881 1628; x_wconf 87' lang='lat' dir='ltr'><strong>postea</strong></span> <span class='ocrx_word' id='word_1_93' title='bbox 895 1555 926 1614; x_wconf 92' lang='lat' dir='ltr'><strong>iu</strong></span> <span class='ocrx_word' id='word_1_94' title='bbox 942 1555 1124 1616; x_wconf 84' lang='lat' dir='ltr'><strong>consessione</strong></span> <span class='ocrx_word' id='word_1_95' title='bbox 1138 1557 1309 1632; x_wconf 79' lang='lat' dir='ltr'><strong>Argustana</strong></span> 
     </span>
     <span class='ocr_line' id='line_1_13' title="bbox 87 1657 1309 1734; baseline 0.002 -14"><span class='ocrx_word' id='word_1_96' title='bbox 87 1660 234 1734; x_wconf 85' lang='lat' dir='ltr'><strong>scriptum</strong></span> <span class='ocrx_word' id='word_1_97' title='bbox 267 1664 329 1732; x_wconf 88' lang='lat' dir='ltr'><strong>est,</strong></span> <span class='ocrx_word' id='word_1_98' title='bbox 362 1657 400 1716; x_wconf 93' lang='lat' dir='ltr'><strong>ad</strong></span> <span class='ocrx_word' id='word_1_99' title='bbox 431 1674 531 1717; x_wconf 88' lang='lat' dir='ltr'><strong>veram</strong></span> <span class='ocrx_word' id='word_1_100' title='bbox 561 1658 703 1718; x_wconf 87' lang='lat' dir='ltr'><strong>unitatem</strong></span> <span class='ocrx_word' id='word_1_101' title='bbox 729 1660 872 1718; x_wconf 84' lang='lat' dir='ltr'><strong>ecclesiae</strong></span> <span class='ocrx_word' id='word_1_102' title='bbox 901 1663 972 1720; x_wconf 89' lang='lat' dir='ltr'><strong>setis</strong></span> <span class='ocrx_word' id='word_1_103' title='bbox 995 1676 1060 1721; x_wconf 88' lang='lat' dir='ltr'><strong>esee</strong></span> <span class='ocrx_word' id='word_1_104' title='bbox 1084 1665 1249 1722; x_wconf 87' lang='lat' dir='ltr'><strong>consentire</strong></span> <span class='ocrx_word' id='word_1_105' title='bbox 1271 1663 1309 1724; x_wconf 92' lang='lat' dir='ltr'><strong>de</strong></span> 
     </span>
     <span class='ocr_line' id='line_1_14' title="bbox 88 1761 1310 1840; baseline 0.002 -16"><span class='ocrx_word' id='word_1_106' title='bbox 88 1764 229 1824; x_wconf 85' lang='lat' dir='ltr'><strong>doctrina</strong></span> <span class='ocrx_word' id='word_1_107' title='bbox 257 1762 399 1835; x_wconf 79' lang='lat' dir='ltr'><strong>evangelii</strong></span> <span class='ocrx_word' id='word_1_108' title='bbox 430 1769 460 1822; x_wconf 91' lang='lat' dir='ltr'><strong>et</strong></span> <span class='ocrx_word' id='word_1_109' title='bbox 489 1761 739 1822; x_wconf 86' lang='lat' dir='ltr'><strong>administratione</strong></span> <span class='ocrx_word' id='word_1_110' title='bbox 770 1769 1025 1824; x_wconf 89' lang='lat' dir='ltr'><strong>sacramentorum.</strong></span> <span class='ocrx_word' id='word_1_111' title='bbox 1068 1765 1219 1840; x_wconf 87' lang='lat' dir='ltr'><strong>Ejusmodi</strong></span> <span class='ocrx_word' id='word_1_112' title='bbox 1242 1783 1310 1826; x_wconf 93' lang='lat' dir='ltr'><strong>con·</strong></span> 
     </span>
     <span class='ocr_line' id='line_1_15' title="bbox 87 1866 1310 1944; baseline 0.001 -16"><span class='ocrx_word' id='word_1_113' title='bbox 87 1883 211 1928; x_wconf 88' lang='lat' dir='ltr'><strong>sensum</strong></span> <span class='ocrx_word' id='word_1_114' title='bbox 237 1868 316 1926; x_wconf 86' lang='lat' dir='ltr'><strong>iuter</strong></span> <span class='ocrx_word' id='word_1_115' title='bbox 346 1866 494 1942; x_wconf 89' lang='lat' dir='ltr'><strong>,homines</strong></span> <span class='ocrx_word' id='word_1_116' title='bbox 521 1867 615 1924; x_wconf 90' lang='lat' dir='ltr'><strong>bonae</strong></span> <span class='ocrx_word' id='word_1_117' title='bbox 645 1867 817 1926; x_wconf 88' lang='lat' dir='ltr'><strong>voluntatis‘</strong></span> <span class='ocrx_word' id='word_1_118' title='bbox 850 1885 909 1927; x_wconf 90' lang='lat' dir='ltr'><strong>nou</strong></span> <span class='ocrx_word' id='word_1_119' title='bbox 936 1867 1084 1928; x_wconf 85' lang='lat' dir='ltr'><strong>difficilem</strong></span> <span class='ocrx_word' id='word_1_120' title='bbox 1114 1868 1193 1944; x_wconf 84' lang='lat' dir='ltr'><strong>fore,</strong></span> <span class='ocrx_word' id='word_1_121' title='bbox 1226 1872 1310 1930; x_wconf 87' lang='lat' dir='ltr'><strong>multi</strong></span> 
     </span>
     <span class='ocr_line' id='line_1_16' title="bbox 87 1969 1310 2046; baseline 0.002 -16"><span class='ocrx_word' id='word_1_122' title='bbox 87 1972 215 2046; x_wconf 87' lang='lat' dir='ltr'><strong>piissimi</strong></span> <span class='ocrx_word' id='word_1_123' title='bbox 237 1979 306 2030; x_wconf 87' lang='lat' dir='ltr'><strong>tunc</strong></span> <span class='ocrx_word' id='word_1_124' title='bbox 325 1971 546 2044; x_wconf 85' lang='lat' dir='ltr'><strong>probissimique</strong></span> <span class='ocrx_word' id='word_1_125' title='bbox 568 1971 623 2028; x_wconf 85' lang='lat' dir='ltr'><strong>viri</strong></span> <span class='ocrx_word' id='word_1_126' title='bbox 645 1969 768 2030; x_wconf 85' lang='lat' dir='ltr'><strong>firmiter</strong></span> <span class='ocrx_word' id='word_1_127' title='bbox 789 1972 957 2030; x_wconf 81' lang='lat' dir='ltr'><strong>credebant</strong></span> <span class='ocrx_word' id='word_1_128' title='bbox 1001 1973 1104 2046; x_wconf 86' lang='lat' dir='ltr'><strong>Neque</strong></span> <span class='ocrx_word' id='word_1_129' title='bbox 1120 1989 1310 2032; x_wconf 89' lang='lat' dir='ltr'><strong>vanaeorum</strong></span> 
     </span>
     <span class='ocr_line' id='line_1_17' title="bbox 87 2074 1310 2148; baseline 0.002 -14"><span class='ocrx_word' id='word_1_130' title='bbox 87 2074 201 2134; x_wconf 85' lang='lat' dir='ltr'><strong>fiducia</strong></span> <span class='ocrx_word' id='word_1_131' title='bbox 232 2081 313 2146; x_wconf 84' lang='lat' dir='ltr'><strong>erat,</strong></span> <span class='ocrx_word' id='word_1_132' title='bbox 346 2081 489 2148; x_wconf 88' lang='lat' dir='ltr'><strong>quatenus</strong></span> <span class='ocrx_word' id='word_1_133' title='bbox 517 2074 598 2134; x_wconf 87' lang='lat' dir='ltr'><strong>verbi</strong></span> <span class='ocrx_word' id='word_1_134' title='bbox 633 2081 665 2134; x_wconf 91' lang='lat' dir='ltr'><strong>et</strong></span> <span class='ocrx_word' id='word_1_135' title='bbox 699 2075 817 2148; x_wconf 89' lang='lat' dir='ltr'><strong>spiritns</strong></span> <span class='ocrx_word' id='word_1_136' title='bbox 850 2075 940 2134; x_wconf 90' lang='lat' dir='ltr'><strong>divini</strong></span> <span class='ocrx_word' id='word_1_137' title='bbox 970 2077 1102 2148; x_wconf 89' lang='lat' dir='ltr'><strong>potentia</strong></span> <span class='ocrx_word' id='word_1_138' title='bbox 1131 2077 1310 2136; x_wconf 88' lang='lat' dir='ltr'><strong>nitebantur.</strong></span> 
     </span>
     <span class='ocr_line' id='line_1_18' title="bbox 87 2177 1312 2254; baseline 0.001 -15"><span class='ocrx_word' id='word_1_139' title='bbox 87 2180 222 2253; x_wconf 85' lang='lat' dir='ltr'><strong>Simplex</strong></span> <span class='ocrx_word' id='word_1_140' title='bbox 245 2186 276 2238; x_wconf 89' lang='lat' dir='ltr'><strong>et</strong></span> <span class='ocrx_word' id='word_1_141' title='bbox 296 2180 442 2238; x_wconf 87' lang='lat' dir='ltr'><strong>sincerum</strong></span> <span class='ocrx_word' id='word_1_142' title='bbox 465 2179 658 2254; x_wconf 79' lang='lat' dir='ltr'><strong>evangelium,</strong></span> <span class='ocrx_word' id='word_1_143' title='bbox 681 2195 738 2251; x_wconf 91' lang='lat' dir='ltr'><strong>quo</strong></span> <span class='ocrx_word' id='word_1_144' title='bbox 759 2177 955 2252; x_wconf 89' lang='lat' dir='ltr'><strong>praedicando</strong></span> <span class='ocrx_word' id='word_1_145' title='bbox 974 2179 1120 2239; x_wconf 88' lang='lat' dir='ltr'><strong>Lutberus</strong></span> <span class='ocrx_word' id='word_1_146' title='bbox 1143 2185 1187 2238; x_wconf 89' lang='grc'><strong>111</strong></span> <span class='ocrx_word' id='word_1_147' title='bbox 1201 2196 1312 2254; x_wconf 88' lang='lat' dir='ltr'><strong>aequa·</strong></span> 
     </span>
     <span class='ocr_line' id='line_1_19' title="bbox 89 2282 1312 2358; baseline 0.001 -15"><span class='ocrx_word' id='word_1_148' title='bbox 89 2285 173 2344; x_wconf 89' lang='lat' dir='ltr'><strong>libus</strong></span> <span class='ocrx_word' id='word_1_149' title='bbox 193 2283 335 2358; x_wconf 85' lang='lat' dir='ltr'><strong>anteibat,</strong></span> <span class='ocrx_word' id='word_1_150' title='bbox 363 2282 491 2342; x_wconf 89' lang='lat' dir='ltr'><strong>divinam</strong></span> <span class='ocrx_word' id='word_1_151' title='bbox 517 2283 575 2342; x_wconf 91' lang='lat' dir='ltr'><strong>vim</strong></span> <span class='ocrx_word' id='word_1_152' title='bbox 596 2299 679 2342; x_wconf 92' lang='lat' dir='ltr'><strong>suam</strong></span> <span class='ocrx_word' id='word_1_153' title='bbox 701 2283 732 2340; x_wconf 93' lang='lat' dir='ltr'><strong>iu</strong></span> <span class='ocrx_word' id='word_1_154' title='bbox 754 2283 908 2342; x_wconf 88' lang='lat' dir='ltr'><strong>multorum</strong></span> <span class='ocrx_word' id='word_1_155' title='bbox 930 2283 1075 2342; x_wconf 91' lang='lat' dir='ltr'><strong>bominum</strong></span> <span class='ocrx_word' id='word_1_156' title='bbox 1099 2283 1235 2344; x_wconf 81' lang='lat' dir='ltr'><strong>cordibus</strong></span> <span class='ocrx_word' id='word_1_157' title='bbox 1256 2286 1312 2344; x_wconf 89' lang='lat' dir='ltr'><strong>ite-</strong></span> 
     </span>
     <span class='ocr_line' id='line_1_20' title="bbox 90 2387 1312 2461; baseline 0 -13"><span class='ocrx_word' id='word_1_158' title='bbox 90 2405 162 2448; x_wconf 89' lang='lat' dir='ltr'><strong>rum</strong></span> <span class='ocrx_word' id='word_1_159' title='bbox 200 2392 288 2461; x_wconf 88' lang='lat' dir='ltr'><strong>atque</strong></span> <span class='ocrx_word' id='word_1_160' title='bbox 320 2387 427 2446; x_wconf 87' lang='lat' dir='ltr'><strong>iterum</strong></span> <span class='ocrx_word' id='word_1_161' title='bbox 461 2387 597 2446; x_wconf 84' lang='lat' dir='ltr'><strong>exseruit</strong></span> <span class='ocrx_word' id='word_1_162' title='bbox 653 2387 716 2446; x_wconf 88' lang='lat' dir='ltr'><strong>Hoc</strong></span> <span class='ocrx_word' id='word_1_163' title='bbox 752 2387 934 2460; x_wconf 82' lang='lat' dir='ltr'><strong>evangelium</strong></span> <span class='ocrx_word' id='word_1_164' title='bbox 967 2387 1018 2446; x_wconf 88' lang='lat' dir='ltr'><strong>ille</strong></span> <span class='ocrx_word' id='word_1_165' title='bbox 1052 2389 1139 2447; x_wconf 91' lang='lat' dir='ltr'><strong>etiam</strong></span> <span class='ocrx_word' id='word_1_166' title='bbox 1173 2389 1312 2448; x_wconf 90' lang='lat' dir='ltr'><strong>adversus</strong></span> 
     </span>
     <span class='ocr_line' id='line_1_21' title="bbox 88 2489 1313 2566; baseline 0.002 -16"><span class='ocrx_word' id='word_1_167' title='bbox 88 2490 239 2551; x_wconf 76' lang='lat' dir='ltr'><strong>fanaticos</strong></span> <span class='ocrx_word' id='word_1_168' title='bbox 270 2496 301 2550; x_wconf 96' lang='grc'><strong>11</strong></span> <span class='ocrx_word' id='word_1_169' title='bbox 321 2507 473 2565; x_wconf 86' lang='lat' dir='ltr'><strong>perversos</strong></span> <span class='ocrx_word' id='word_1_170' title='bbox 505 2489 634 2565; x_wconf 88' lang='lat' dir='ltr'><strong>ejusdem</strong></span> <span class='ocrx_word' id='word_1_171' title='bbox 663 2491 769 2550; x_wconf 86' lang='lat' dir='ltr'><strong>aetatis</strong></span> <span class='ocrx_word' id='word_1_172' title='bbox 794 2493 948 2566; x_wconf 73' lang='lat' dir='ltr'><strong>sectamos,</strong></span> <span class='ocrx_word' id='word_1_173' title='bbox 982 2493 1063 2551; x_wconf 89' lang='lat' dir='ltr'><strong>novis</strong></span> <span class='ocrx_word' id='word_1_174' title='bbox 1085 2493 1313 2553; x_wconf 85' lang='lat' dir='ltr'><strong>revelationibus</strong></span> 
     </span>
     <span class='ocr_line' id='line_1_22' title="bbox 91 2595 1312 2670; baseline 0 -14"><span class='ocrx_word' id='word_1_175' title='bbox 91 2597 202 2656; x_wconf 88' lang='lat' dir='ltr'><strong>divinis</strong></span> <span class='ocrx_word' id='word_1_176' title='bbox 237 2596 411 2670; x_wconf 78' lang='lat' dir='ltr'><strong>gloriantes,</strong></span> <span class='ocrx_word' id='word_1_177' title='bbox 449 2595 610 2669; x_wconf 89' lang='lat' dir='ltr'><strong>prophetae</strong></span> <span class='ocrx_word' id='word_1_178' title='bbox 643 2597 738 2654; x_wconf 86' lang='lat' dir='ltr'><strong>instar</strong></span> <span class='ocrx_word' id='word_1_179' title='bbox 765 2595 928 2656; x_wconf 82' lang='lat' dir='ltr'><strong>vindicavit</strong></span> <span class='ocrx_word' id='word_1_180' title='bbox 979 2595 1190 2656; x_wconf 85' lang='lat' dir='ltr'><strong>Verumtamen</strong></span> <span class='ocrx_word' id='word_1_181' title='bbox 1219 2599 1312 2658; x_wconf 86' lang='lat' dir='ltr'><strong>vitare</strong></span> 
     </span>
     <span class='ocr_line' id='line_1_23' title="bbox 91 2699 1312 2775; baseline 0.001 -15"><span class='ocrx_word' id='word_1_182' title='bbox 91 2702 145 2760; x_wconf 86' lang='lat' dir='ltr'><strong>vix</strong></span> <span class='ocrx_word' id='word_1_183' title='bbox 171 2705 288 2774; x_wconf 86' lang='lat' dir='ltr'><strong>poterat</strong></span> <span class='ocrx_word' id='word_1_184' title='bbox 317 2700 361 2758; x_wconf 91' lang='lat' dir='ltr'><strong>vir</strong></span> <span class='ocrx_word' id='word_1_185' title='bbox 382 2715 526 2772; x_wconf 88' lang='lat' dir='ltr'><strong>summus,</strong></span> <span class='ocrx_word' id='word_1_186' title='bbox 546 2715 601 2774; x_wconf 90' lang='lat' dir='ltr'><strong>ne,</strong></span> <span class='ocrx_word' id='word_1_187' title='bbox 630 2699 681 2758; x_wconf 91' lang='lat' dir='ltr'><strong>ubi</strong></span> <span class='ocrx_word' id='word_1_188' title='bbox 703 2701 824 2774; x_wconf 83' lang='lat' dir='ltr'><strong>simplex</strong></span> <span class='ocrx_word' id='word_1_189' title='bbox 846 2699 1028 2774; x_wconf 79' lang='lat' dir='ltr'><strong>evangelium</strong></span> <span class='ocrx_word' id='word_1_190' title='bbox 1050 2701 1132 2775; x_wconf 84' lang='lat' dir='ltr'><strong>sequi</strong></span> <span class='ocrx_word' id='word_1_191' title='bbox 1153 2701 1209 2760; x_wconf 91' lang='lat' dir='ltr'><strong>sibi</strong></span> <span class='ocrx_word' id='word_1_192' title='bbox 1231 2702 1312 2761; x_wconf 90' lang='lat' dir='ltr'><strong>vide-</strong></span> 
     </span>
     <span class='ocr_line' id='line_1_24' title="bbox 90 2803 1312 2882; baseline 0.001 -18"><span class='ocrx_word' id='word_1_193' title='bbox 90 2805 194 2878; x_wconf 84' lang='lat' dir='ltr'><strong>batur,</strong></span> <span class='ocrx_word' id='word_1_194' title='bbox 225 2805 334 2863; x_wconf 88' lang='lat' dir='ltr'><strong>inscius</strong></span> <span class='ocrx_word' id='word_1_195' title='bbox 361 2809 393 2864; x_wconf 91' lang='lat' dir='ltr'><strong>et</strong></span> <span class='ocrx_word' id='word_1_196' title='bbox 420 2804 527 2862; x_wconf 89' lang='lat' dir='ltr'><strong>invitus</strong></span> <span class='ocrx_word' id='word_1_197' title='bbox 558 2805 665 2877; x_wconf 90' lang='lat' dir='ltr'><strong>passim</strong></span> <span class='ocrx_word' id='word_1_198' title='bbox 700 2804 743 2862; x_wconf 91' lang='lat' dir='ltr'><strong>illi</strong></span> <span class='ocrx_word' id='word_1_199' title='bbox 773 2803 948 2864; x_wconf 83' lang='lat' dir='ltr'><strong>admisceret</strong></span> <span class='ocrx_word' id='word_1_200' title='bbox 976 2806 1137 2865; x_wconf 88' lang='lat' dir='ltr'><strong>sententies</strong></span> <span class='ocrx_word' id='word_1_201' title='bbox 1170 2807 1312 2882; x_wconf 78' lang='lat' dir='ltr'><strong>theologi·</strong></span> 
     </span>
     <span class='ocr_line' id='line_1_25' title="bbox 91 2908 1313 2984; baseline 0.001 -16"><span class='ocrx_word' id='word_1_202' title='bbox 91 2925 149 2968; x_wconf 87' lang='lat' dir='ltr'><strong>cae</strong></span> <span class='ocrx_word' id='word_1_203' title='bbox 180 2913 212 2967; x_wconf 91' lang='lat' dir='ltr'><strong>et</strong></span> <span class='ocrx_word' id='word_1_204' title='bbox 236 2909 464 2983; x_wconf 88' lang='lat' dir='ltr'><strong>philosophicas,</strong></span> <span class='ocrx_word' id='word_1_205' title='bbox 497 2924 569 2981; x_wconf 88' lang='lat' dir='ltr'><strong>quas</strong></span> <span class='ocrx_word' id='word_1_206' title='bbox 603 2909 711 2982; x_wconf 88' lang='lat' dir='ltr'><strong>partim</strong></span> <span class='ocrx_word' id='word_1_207' title='bbox 746 2925 765 2968; x_wconf 90' lang='lat' dir='ltr'><strong>e</strong></span> <span class='ocrx_word' id='word_1_208' title='bbox 794 2909 947 2983; x_wconf 88' lang='lat' dir='ltr'><strong>praeteriti</strong></span> <span class='ocrx_word' id='word_1_209' title='bbox 975 2911 1113 2984; x_wconf 90' lang='lat' dir='ltr'><strong>temporis</strong></span> <span class='ocrx_word' id='word_1_210' title='bbox 1147 2908 1313 2970; x_wconf 85' lang='lat' dir='ltr'><strong>doctoribus</strong></span> 
     </span>
     <span class='ocr_line' id='line_1_26' title="bbox 90 3011 1313 3086; baseline 0 -14"><span class='ocrx_word' id='word_1_211' title='bbox 90 3018 257 3084; x_wconf 85' lang='lat' dir='ltr'><strong>receperat</strong></span> <span class='ocrx_word' id='word_1_212' title='bbox 306 3011 417 3086; x_wconf 83' lang='lat' dir='ltr'><strong>Quippe</strong></span> <span class='ocrx_word' id='word_1_213' title='bbox 451 3012 539 3071; x_wconf 91' lang='lat' dir='ltr'><strong>etiam</strong></span> <span class='ocrx_word' id='word_1_214' title='bbox 569 3011 780 3085; x_wconf 88' lang='lat' dir='ltr'><strong>philosophicas</strong></span> <span class='ocrx_word' id='word_1_215' title='bbox 809 3013 950 3085; x_wconf 85' lang='lat' dir='ltr'><strong>quosdam</strong></span> <span class='ocrx_word' id='word_1_216' title='bbox 968 3013 1136 3086; x_wconf 88' lang='lat' dir='ltr'><strong>opiniones,</strong></span> <span class='ocrx_word' id='word_1_217' title='bbox 1171 3029 1207 3070; x_wconf 91' lang='lat' dir='ltr'><strong>ex</strong></span> <span class='ocrx_word' id='word_1_218' title='bbox 1230 3014 1313 3072; x_wconf 89' lang='lat' dir='ltr'><strong>scho-</strong></span> 
     </span>
     <span class='ocr_line' id='line_1_27' title="bbox 89 3114 1313 3190; baseline -0.002 -15"><span class='ocrx_word' id='word_1_219' title='bbox 89 3115 201 3176; x_wconf 80' lang='lat' dir='ltr'><strong>lastica</strong></span> <span class='ocrx_word' id='word_1_220' title='bbox 232 3116 366 3174; x_wconf 89' lang='lat' dir='ltr'><strong>doctrina</strong></span> <span class='ocrx_word' id='word_1_221' title='bbox 398 3117 534 3190; x_wconf 88' lang='lat' dir='ltr'><strong>haustas,</strong></span> <span class='ocrx_word' id='word_1_222' title='bbox 564 3115 724 3174; x_wconf 88' lang='lat' dir='ltr'><strong>Lutherom</strong></span> <span class='ocrx_word' id='word_1_223' title='bbox 756 3116 787 3173; x_wconf 93' lang='lat' dir='ltr'><strong>in</strong></span> <span class='ocrx_word' id='word_1_224' title='bbox 817 3115 965 3174; x_wconf 88' lang='lat' dir='ltr'><strong>exoleudis</strong></span> <span class='ocrx_word' id='word_1_225' title='bbox 991 3115 1136 3174; x_wconf 90' lang='lat' dir='ltr'><strong>nonnullis</strong></span> <span class='ocrx_word' id='word_1_226' title='bbox 1160 3114 1313 3190; x_wconf 79' lang='lat' dir='ltr'><strong>dogmatis,</strong></span> 
     </span>
     <span class='ocr_line' id='line_1_28' title="bbox 93 3219 1313 3294; baseline -0.001 -15"><span class='ocrx_word' id='word_1_227' title='bbox 93 3227 130 3279; x_wconf 92' lang='lat' dir='ltr'><strong>ut</strong></span> <span class='ocrx_word' id='word_1_228' title='bbox 152 3220 183 3277; x_wconf 92' lang='lat' dir='ltr'><strong>in</strong></span> <span class='ocrx_word' id='word_1_229' title='bbox 205 3236 240 3278; x_wconf 91' lang='lat' dir='ltr'><strong>eo</strong></span> <span class='ocrx_word' id='word_1_230' title='bbox 262 3219 337 3294; x_wconf 87' lang='lat' dir='ltr'><strong>quod</strong></span> <span class='ocrx_word' id='word_1_231' title='bbox 363 3219 402 3279; x_wconf 91' lang='lat' dir='ltr'><strong>ad</strong></span> <span class='ocrx_word' id='word_1_232' title='bbox 424 3235 537 3279; x_wconf 89' lang='lat' dir='ltr'><strong>sacram</strong></span> <span class='ocrx_word' id='word_1_233' title='bbox 558 3237 680 3280; x_wconf 90' lang='lat' dir='ltr'><strong>coenam</strong></span> <span class='ocrx_word' id='word_1_234' title='bbox 700 3224 826 3293; x_wconf 88' lang='lat' dir='ltr'><strong>spectat,</strong></span> <span class='ocrx_word' id='word_1_235' title='bbox 849 3224 987 3278; x_wconf 88' lang='lat' dir='ltr'><strong>secutum·</strong></span> <span class='ocrx_word' id='word_1_236' title='bbox 1005 3235 1069 3278; x_wconf 87' lang='lat' dir='ltr'><strong>esse</strong></span> <span class='ocrx_word' id='word_1_237' title='bbox 1089 3222 1212 3277; x_wconf 82' lang='lat' dir='ltr'><strong>constat</strong></span> <span class='ocrx_word' id='word_1_238' title='bbox 1256 3220 1313 3278; x_wconf 68' lang='lat' dir='ltr'><strong>lta</strong></span> 
     </span>
     <span class='ocr_line' id='line_1_29' title="bbox 92 3321 1312 3400; baseline 0 -18"><span class='ocrx_word' id='word_1_239' title='bbox 92 3341 156 3398; x_wconf 89' lang='lat' dir='ltr'><strong>que</strong></span> <span class='ocrx_word' id='word_1_240' title='bbox 176 3323 283 3382; x_wconf 83' lang='lat' dir='ltr'><strong>iactum</strong></span> <span class='ocrx_word' id='word_1_241' title='bbox 305 3330 364 3398; x_wconf 86' lang='lat' dir='ltr'><strong>est,</strong></span> <span class='ocrx_word' id='word_1_242' title='bbox 386 3331 419 3384; x_wconf 91' lang='grc'><strong>11</strong></span> <span class='ocrx_word' id='word_1_243' title='bbox 441 3341 506 3383; x_wconf 92' lang='lat' dir='ltr'><strong>cum</strong></span> <span class='ocrx_word' id='word_1_244' title='bbox 526 3326 579 3400; x_wconf 91' lang='lat' dir='ltr'><strong>iis,</strong></span> <span class='ocrx_word' id='word_1_245' title='bbox 602 3341 678 3399; x_wconf 88' lang='lat' dir='ltr'><strong>quae</strong></span> <span class='ocrx_word' id='word_1_246' title='bbox 701 3340 771 3382; x_wconf 91' lang='lat' dir='ltr'><strong>vere</strong></span> <span class='ocrx_word' id='word_1_247' title='bbox 793 3322 891 3382; x_wconf 90' lang='lat' dir='ltr'><strong>divina</strong></span> <span class='ocrx_word' id='word_1_248' title='bbox 913 3323 1047 3396; x_wconf 91' lang='lat' dir='ltr'><strong>protulit,</strong></span> <span class='ocrx_word' id='word_1_249' title='bbox 1067 3323 1188 3381; x_wconf 91' lang='lat' dir='ltr'><strong>humani</strong></span> <span class='ocrx_word' id='word_1_250' title='bbox 1203 3321 1312 3397; x_wconf 92' lang='lat' dir='ltr'><strong>aliquid</strong></span> 
     </span>
     <span class='ocr_line' id='line_1_30' title="bbox 93 3427 1316 3502; baseline 0.001 -15"><span class='ocrx_word' id='word_1_251' title='bbox 93 3430 303 3502; x_wconf 76' lang='lat' dir='ltr'><strong>conjungeret,</strong></span> <span class='ocrx_word' id='word_1_252' title='bbox 326 3427 403 3502; x_wconf 87' lang='lat' dir='ltr'><strong>quod</strong></span> <span class='ocrx_word' id='word_1_253' title='bbox 426 3429 543 3488; x_wconf 89' lang='lat' dir='ltr'><strong>abillis</strong></span> <span class='ocrx_word' id='word_1_254' title='bbox 562 3445 621 3488; x_wconf 92' lang='lat' dir='ltr'><strong>non</strong></span> <span class='ocrx_word' id='word_1_255' title='bbox 642 3428 837 3488; x_wconf 87' lang='lat' dir='ltr'><strong>discernebat.</strong></span> <span class='ocrx_word' id='word_1_256' title='bbox 883 3427 916 3486; x_wconf 93' lang='lat' dir='ltr'><strong>ld</strong></span> <span class='ocrx_word' id='word_1_257' title='bbox 940 3427 1028 3486; x_wconf 89' lang='lat' dir='ltr'><strong>etiam</strong></span> <span class='ocrx_word' id='word_1_258' title='bbox 1047 3428 1079 3485; x_wconf 93' lang='lat' dir='ltr'><strong>iu</strong></span> <span class='ocrx_word' id='word_1_259' title='bbox 1101 3428 1255 3487; x_wconf 88' lang='lat' dir='ltr'><strong>atrocitate</strong></span> <span class='ocrx_word' id='word_1_260' title='bbox 1285 3433 1316 3488; x_wconf 90' lang='lat' dir='ltr'><strong>et</strong></span> 
     </span>
     <span class='ocr_line' id='line_1_31' title="bbox 93 3531 1316 3607; baseline 0.002 -17"><span class='ocrx_word' id='word_1_261' title='bbox 93 3533 255 3607; x_wconf 86' lang='lat' dir='ltr'><strong>injustitia,</strong></span> <span class='ocrx_word' id='word_1_262' title='bbox 283 3549 341 3606; x_wconf 87' lang='lat' dir='ltr'><strong>qua</strong></span> <span class='ocrx_word' id='word_1_263' title='bbox 367 3533 530 3607; x_wconf 78' lang='lat' dir='ltr'><strong>Zvinglium</strong></span> <span class='ocrx_word' id='word_1_264' title='bbox 560 3535 681 3607; x_wconf 90' lang='lat' dir='ltr'><strong>ejnsque</strong></span> <span class='ocrx_word' id='word_1_265' title='bbox 708 3534 833 3605; x_wconf 90' lang='lat' dir='ltr'><strong>amicos,</strong></span> <span class='ocrx_word' id='word_1_266' title='bbox 863 3533 942 3592; x_wconf 90' lang='lat' dir='ltr'><strong>velut</strong></span> <span class='ocrx_word' id='word_1_267' title='bbox 972 3532 1062 3606; x_wconf 90' lang='lat' dir='ltr'><strong>ipsius</strong></span> <span class='ocrx_word' id='word_1_268' title='bbox 1085 3531 1193 3590; x_wconf 80' lang='lat' dir='ltr'><strong>Christi</strong></span> <span class='ocrx_word' id='word_1_269' title='bbox 1215 3533 1316 3592; x_wconf 89' lang='lat' dir='ltr'><strong>deser·</strong></span> 
     </span>
     <span class='ocr_line' id='line_1_32' title="bbox 94 3636 1315 3712; baseline -0.001 -17"><span class='ocrx_word' id='word_1_270' title='bbox 94 3644 191 3711; x_wconf 89' lang='lat' dir='ltr'><strong>tores,</strong></span> <span class='ocrx_word' id='word_1_271' title='bbox 212 3637 400 3712; x_wconf 77' lang='lat' dir='ltr'><strong>oppugnavit,</strong></span> <span class='ocrx_word' id='word_1_272' title='bbox 423 3638 608 3711; x_wconf 90' lang='lat' dir='ltr'><strong>conspicuum</strong></span> <span class='ocrx_word' id='word_1_273' title='bbox 631 3643 704 3696; x_wconf 84' lang='lat' dir='ltr'><strong>erat</strong></span> <span class='ocrx_word' id='word_1_274' title='bbox 748 3637 845 3708; x_wconf 80' lang='lat' dir='ltr'><strong>Quare</strong></span> <span class='ocrx_word' id='word_1_275' title='bbox 867 3637 1022 3711; x_wconf 78' lang='lat' dir='ltr'><strong>singularis</strong></span> <span class='ocrx_word' id='word_1_276' title='bbox 1042 3636 1163 3696; x_wconf 86' lang='lat' dir='ltr'><strong>Lutberi</strong></span> <span class='ocrx_word' id='word_1_277' title='bbox 1187 3637 1315 3697; x_wconf 89' lang='lat' dir='ltr'><strong>auctori·</strong></span> 
     </span>
     <span class='ocr_line' id='line_1_33' title="bbox 94 3739 1315 3816; baseline 0 -18"><span class='ocrx_word' id='word_1_278' title='bbox 94 3746 160 3814; x_wconf 86' lang='lat' dir='ltr'><strong>tas,</strong></span> <span class='ocrx_word' id='word_1_279' title='bbox 181 3739 220 3798; x_wconf 89' lang='lat' dir='ltr'><strong>ad</strong></span> <span class='ocrx_word' id='word_1_280' title='bbox 241 3757 327 3813; x_wconf 89' lang='lat' dir='ltr'><strong>quam</strong></span> <span class='ocrx_word' id='word_1_281' title='bbox 349 3740 543 3800; x_wconf 86' lang='lat' dir='ltr'><strong>exercendam</strong></span> <span class='ocrx_word' id='word_1_282' title='bbox 563 3741 738 3801; x_wconf 86' lang='lat' dir='ltr'><strong>necessitate</strong></span> <span class='ocrx_word' id='word_1_283' title='bbox 763 3741 887 3814; x_wconf 83' lang='lat' dir='ltr'><strong>quodam</strong></span> <span class='ocrx_word' id='word_1_284' title='bbox 907 3748 1023 3800; x_wconf 88' lang='lat' dir='ltr'><strong>coactus</strong></span> <span class='ocrx_word' id='word_1_285' title='bbox 1040 3746 1100 3816; x_wconf 86' lang='lat' dir='ltr'><strong>est,</strong></span> <span class='ocrx_word' id='word_1_286' title='bbox 1122 3757 1181 3800; x_wconf 94' lang='lat' dir='ltr'><strong>non</strong></span> <span class='ocrx_word' id='word_1_287' title='bbox 1196 3740 1315 3813; x_wconf 89' lang='lat' dir='ltr'><strong>ubique,</strong></span> 
     </span>
     <span class='ocr_line' id='line_1_34' title="bbox 95 3843 1316 3918; baseline -0.002 -16"><span class='ocrx_word' id='word_1_288' title='bbox 95 3844 184 3902; x_wconf 87' lang='lat' dir='ltr'><strong>sicuti</strong></span> <span class='ocrx_word' id='word_1_289' title='bbox 212 3844 276 3917; x_wconf 90' lang='lat' dir='ltr'><strong>ipae</strong></span> <span class='ocrx_word' id='word_1_290' title='bbox 306 3843 493 3904; x_wconf 86' lang='lat' dir='ltr'><strong>desiderabat</strong></span> <span class='ocrx_word' id='word_1_291' title='bbox 522 3851 553 3905; x_wconf 92' lang='lat' dir='ltr'><strong>et</strong></span> <span class='ocrx_word' id='word_1_292' title='bbox 579 3843 789 3918; x_wconf 87' lang='lat' dir='ltr'><strong>arbitrabatur,</strong></span> <span class='ocrx_word' id='word_1_293' title='bbox 824 3845 956 3904; x_wconf 86' lang='lat' dir='ltr'><strong>sincerae</strong></span> <span class='ocrx_word' id='word_1_294' title='bbox 986 3844 1104 3902; x_wconf 90' lang='lat' dir='ltr'><strong>veritati</strong></span> <span class='ocrx_word' id='word_1_295' title='bbox 1125 3843 1316 3916; x_wconf 78' lang='lat' dir='ltr'><strong>evangelicae</strong></span> 
     </span>
     <span class='ocr_line' id='line_1_35' title="bbox 94 3945 1317 4022; baseline -0.003 -16"><span class='ocrx_word' id='word_1_296' title='bbox 94 3947 240 4007; x_wconf 80' lang='lat' dir='ltr'><strong>inserviit.</strong></span> <span class='ocrx_word' id='word_1_297' title='bbox 294 3947 376 4007; x_wconf 83' lang='lat' dir='ltr'><strong>llaec</strong></span> <span class='ocrx_word' id='word_1_298' title='bbox 408 3954 507 4007; x_wconf 89' lang='lat' dir='ltr'><strong>temen</strong></span> <span class='ocrx_word' id='word_1_299' title='bbox 539 3949 625 4022; x_wconf 75' lang='lat' dir='ltr'><strong>longe</strong></span> <span class='ocrx_word' id='word_1_300' title='bbox 658 3947 831 4022; x_wconf 88' lang='lat' dir='ltr'><strong>praevaluit.</strong></span> <span class='ocrx_word' id='word_1_301' title='bbox 877 3947 973 4020; x_wconf 81' lang='lat' dir='ltr'><strong>Atque</strong></span> <span class='ocrx_word' id='word_1_302' title='bbox 1008 3945 1192 4020; x_wconf 89' lang='lat' dir='ltr'><strong>temperabat</strong></span> <span class='ocrx_word' id='word_1_303' title='bbox 1218 3945 1317 4018; x_wconf 87' lang='lat' dir='ltr'><strong>aliquo</strong></span> 
     </span>
     <span class='ocr_line' id='line_1_36' title="bbox 95 4049 1101 4112; baseline -0.002 -2"><span class='ocrx_word' id='word_1_304' title='bbox 95 4049 184 4110; x_wconf 94' lang='lat' dir='ltr'><strong>modo</strong></span> <span class='ocrx_word' id='word_1_305' title='bbox 204 4051 282 4110; x_wconf 84' lang='lat' dir='ltr'><strong>itlius</strong></span> <span class='ocrx_word' id='word_1_306' title='bbox 303 4049 522 4112; x_wconf 78' lang='lat' dir='ltr'><strong>festinationem</strong></span> <span class='ocrx_word' id='word_1_307' title='bbox 541 4052 656 4112; x_wconf 89' lang='lat' dir='ltr'><strong>erudita</strong></span> <span class='ocrx_word' id='word_1_308' title='bbox 676 4049 911 4111; x_wconf 83' lang='lat' dir='ltr'><strong>Melancbtbouis</strong></span> <span class='ocrx_word' id='word_1_309' title='bbox 929 4049 1101 4109; x_wconf 90' lang='lat' dir='ltr'><strong>moderatio.</strong></span> 
     </span>
    </p>

    <p class='ocr_par' dir='ltr' id='par_1_4' title="bbox 95 4149 1323 4542">
     <span class='ocr_line' id='line_1_37' title="bbox 186 4149 1318 4230; baseline -0.004 -16"><span class='ocrx_word' id='word_1_310' title='bbox 186 4153 258 4215; x_wconf 87' lang='lat' dir='ltr'><strong>Cum</strong></span> <span class='ocrx_word' id='word_1_311' title='bbox 279 4155 334 4215; x_wconf 88' lang='lat' dir='ltr'><strong>bac</strong></span> <span class='ocrx_word' id='word_1_312' title='bbox 357 4157 446 4230; x_wconf 80' lang='lat' dir='ltr'><strong>igitur</strong></span> <span class='ocrx_word' id='word_1_313' title='bbox 467 4157 642 4216; x_wconf 87' lang='lat' dir='ltr'><strong>auctoritate</strong></span> <span class='ocrx_word' id='word_1_314' title='bbox 665 4155 811 4230; x_wconf 88' lang='lat' dir='ltr'><strong>spirituali</strong></span> <span class='ocrx_word' id='word_1_315' title='bbox 833 4155 992 4214; x_wconf 87' lang='lat' dir='ltr'><strong>auctoritas</strong></span> <span class='ocrx_word' id='word_1_316' title='bbox 1014 4153 1107 4212; x_wconf 89' lang='lat' dir='ltr'><strong>civilis</strong></span> <span class='ocrx_word' id='word_1_317' title='bbox 1128 4149 1232 4212; x_wconf 83' lang='lat' dir='ltr'><strong>foedus</strong></span> <span class='ocrx_word' id='word_1_318' title='bbox 1245 4150 1318 4210; x_wconf 90' lang='lat' dir='ltr'><strong>illud</strong></span> 
     </span>
     <span class='ocr_line' id='line_1_38' title="bbox 95 4256 1320 4335; baseline -0.005 -17"><span class='ocrx_word' id='word_1_319' title='bbox 95 4259 178 4335; x_wconf 88' lang='lat' dir='ltr'><strong>iniit,</strong></span> <span class='ocrx_word' id='word_1_320' title='bbox 212 4259 309 4334; x_wconf 88' lang='lat' dir='ltr'><strong>quod,</strong></span> <span class='ocrx_word' id='word_1_321' title='bbox 342 4259 414 4319; x_wconf 88' lang='lat' dir='ltr'><strong>licet</strong></span> <span class='ocrx_word' id='word_1_322' title='bbox 441 4260 569 4320; x_wconf 89' lang='lat' dir='ltr'><strong>humana</strong></span> <span class='ocrx_word' id='word_1_323' title='bbox 598 4260 670 4319; x_wconf 90' lang='lat' dir='ltr'><strong>vitia</strong></span> <span class='ocrx_word' id='word_1_324' title='bbox 701 4265 731 4318; x_wconf 92' lang='grc'><strong>11</strong></span> <span class='ocrx_word' id='word_1_325' title='bbox 756 4258 937 4318; x_wconf 89' lang='lat' dir='ltr'><strong>incommoda</strong></span> <span class='ocrx_word' id='word_1_326' title='bbox 963 4274 1061 4316; x_wconf 88' lang='lat' dir='ltr'><strong>secum</strong></span> <span class='ocrx_word' id='word_1_327' title='bbox 1093 4256 1196 4315; x_wconf 88' lang='lat' dir='ltr'><strong>tulerit</strong></span> <span class='ocrx_word' id='word_1_328' title='bbox 1222 4270 1320 4328; x_wconf 88' lang='lat' dir='ltr'><strong>neque</strong></span> 
     </span>
     <span class='ocr_line' id='line_1_39' title="bbox 95 4357 1321 4438; baseline -0.006 -15"><span class='ocrx_word' id='word_1_329' title='bbox 95 4363 201 4423; x_wconf 90' lang='lat' dir='ltr'><strong>eodem</strong></span> <span class='ocrx_word' id='word_1_330' title='bbox 217 4363 301 4422; x_wconf 93' lang='lat' dir='ltr'><strong>modo</strong></span> <span class='ocrx_word' id='word_1_331' title='bbox 318 4364 424 4423; x_wconf 89' lang='lat' dir='ltr'><strong>durare</strong></span> <span class='ocrx_word' id='word_1_332' title='bbox 446 4379 563 4438; x_wconf 86' lang='lat' dir='ltr'><strong>semper</strong></span> <span class='ocrx_word' id='word_1_333' title='bbox 578 4364 684 4438; x_wconf 87' lang='lat' dir='ltr'><strong>possit,</strong></span> <span class='ocrx_word' id='word_1_334' title='bbox 707 4369 807 4422; x_wconf 86' lang='lat' dir='ltr'><strong>tamen</strong></span> <span class='ocrx_word' id='word_1_335' title='bbox 824 4369 934 4434; x_wconf 87' lang='lat' dir='ltr'><strong>quauta</strong></span> <span class='ocrx_word' id='word_1_336' title='bbox 952 4361 1029 4420; x_wconf 90' lang='lat' dir='ltr'><strong>bona</strong></span> <span class='ocrx_word' id='word_1_337' title='bbox 1049 4377 1103 4433; x_wconf 91' lang='lat' dir='ltr'><strong>per</strong></span> <span class='ocrx_word' id='word_1_338' title='bbox 1120 4359 1205 4433; x_wconf 91' lang='lat' dir='ltr'><strong>plura</strong></span> <span class='ocrx_word' id='word_1_339' title='bbox 1219 4357 1321 4418; x_wconf 85' lang='lat' dir='ltr'><strong>secula</strong></span> 
     </span>
     <span class='ocr_line' id='line_1_40' title="bbox 95 4463 1323 4542; baseline -0.006 -16"><span class='ocrx_word' id='word_1_340' title='bbox 95 4468 297 4542; x_wconf 84' lang='lat' dir='ltr'><strong>procreaverit</strong></span> <span class='ocrx_word' id='word_1_341' title='bbox 319 4467 518 4528; x_wconf 87' lang='lat' dir='ltr'><strong>indicavimus.</strong></span> <span class='ocrx_word' id='word_1_342' title='bbox 555 4467 652 4540; x_wconf 80' lang='lat' dir='ltr'><strong>Quare</strong></span> <span class='ocrx_word' id='word_1_343' title='bbox 677 4471 763 4541; x_wconf 82' lang='lat' dir='ltr'><strong>grata</strong></span> <span class='ocrx_word' id='word_1_344' title='bbox 784 4466 925 4524; x_wconf 90' lang='lat' dir='ltr'><strong>memoria</strong></span> <span class='ocrx_word' id='word_1_345' title='bbox 947 4464 1070 4524; x_wconf 91' lang='lat' dir='ltr'><strong>lobanni</strong></span> <span class='ocrx_word' id='word_1_346' title='bbox 1084 4463 1228 4536; x_wconf 84' lang='lat' dir='ltr'><strong>Electori,</strong></span> <span class='ocrx_word' id='word_1_347' title='bbox 1250 4463 1323 4520; x_wconf 90' lang='lat' dir='ltr'><strong>licet</strong></span> 
     </span>
    </p>
   </div>
   <div class='ocr_carea' id='block_1_3' title="bbox 97 4567 1320 4732">
    <p class='ocr_par' dir='ltr' id='par_1_5' title="bbox 97 4567 1320 4732">
     <span class='ocr_line' id='line_1_41' title="bbox 97 4567 1320 4646; baseline -0.004 -16"><span class='ocrx_word' id='word_1_348' title='bbox 97 4571 131 4630; x_wconf 93' lang='lat' dir='ltr'><strong>in</strong></span> <span class='ocrx_word' id='word_1_349' title='bbox 153 4571 299 4630; x_wconf 87' lang='lat' dir='ltr'><strong>nonnuliis</strong></span> <span class='ocrx_word' id='word_1_350' title='bbox 314 4573 459 4631; x_wconf 91' lang='lat' dir='ltr'><strong>erraverit</strong></span> <span class='ocrx_word' id='word_1_351' title='bbox 474 4577 506 4632; x_wconf 91' lang='lat' dir='ltr'><strong>et</strong></span> <span class='ocrx_word' id='word_1_352' title='bbox 519 4571 703 4646; x_wconf 86' lang='lat' dir='ltr'><strong>peccaverit,</strong></span> <span class='ocrx_word' id='word_1_353' title='bbox 723 4572 792 4644; x_wconf 90' lang='lat' dir='ltr'><strong>jore</strong></span> <span class='ocrx_word' id='word_1_354' title='bbox 808 4569 941 4630; x_wconf 87' lang='lat' dir='ltr'><strong>debetur.</strong></span> <span class='ocrx_word' id='word_1_355' title='bbox 979 4567 1122 4640; x_wconf 87' lang='lat' dir='ltr'><strong>Quantam</strong></span> <span class='ocrx_word' id='word_1_356' title='bbox 1137 4583 1320 4628; x_wconf 80' lang='lat' dir='ltr'><strong>veterarum</strong></span> 
     </span>
     <span class='ocr_line' id='line_1_42' title="bbox 1033 4666 1099 4732; baseline 0.015 -1"><span class='ocrx_word' id='word_1_357' title='bbox 1033 4666 1099 4732; x_wconf 73' lang='lat'><strong>18*</strong></span> 
     </span>
    </p>
   </div>
   <div class='ocr_carea' id='block_1_4' title="bbox 0 0 1583 5054">
    <p class='ocr_par' dir='ltr' id='par_1_6' title="bbox 0 0 1583 5054">
     <span class='ocr_line' id='line_1_43' title="bbox 0 0 1583 5054; baseline 0 0"><span class='ocrx_word' id='word_1_358' title='bbox 0 0 1583 5054; x_wconf 95' lang='lat' dir='ltr'><strong> </strong></span> 
     </span>
    </p>
   </div>
  </div>
 </body>
</html>
