3188 5086
683 300 776 358 Oneon
794 303 840 358 VI.
1310 301 1359 361 161

146 517 223 578 dolis
245 518 445 580 adolescentes
472 521 615 582 studiosos
637 521 749 597 largus,
780 520 922 595 benignus
952 527 983 582 et
1004 518 1154 582 munificus
1177 525 1254 596 erat,
1282 520 1360 580 haud

145 625 247 698 paucis
269 640 337 684 usus
359 630 405 685 est
427 627 650 686 amanuensibus
665 625 702 685 ad
721 625 912 686 conferendos
927 625 1042 686 codices
1062 633 1093 686 ct
1108 626 1214 686 similia
1234 626 1361 700 negotia,

146 728 179 786 in
201 729 305 801 quibus
326 727 510 803 perficiendis
532 730 624 790 labori
648 736 678 789 et
700 730 838 804 impensis
860 747 918 790 nou
940 747 1062 804 parcere
1086 730 1207 791 solebat.

233 850 378 923 Quotquot
407 867 510 910 recens
545 851 653 910 alicubi
685 851 875 925 emergebant
905 853 1058 926 praeclara
1082 853 1217 927 ingenia,
1250 863 1380 912 summo·

145 970 264 1029 semper
287 971 351 1013 cum
374 955 479 1030 gaudio
502 957 640 1015 salutavit
660 962 690 1016 et
706 958 862 1031 promovit,
895 963 998 1016 concta
1019 973 1089 1016 vero
1108 957 1226 1033 ingenia
1245 955 1360 1016 Christo

145 1059 290 1118 inservire
313 1064 344 1119 et
366 1060 544 1119 eruditorum
566 1061 774 1135 rempublicam
796 1061 880 1120 simul
902 1061 1114 1135 theophilorum
1136 1055 1221 1140 (quos
1244 1060 1362 1121 Leibni·

146 1161 206 1222 tina
232 1155 318 1244 dicit)
345 1164 514 1224 societatem
544 1181 609 1224 esse
639 1165 738 1224 voluit.
784 1165 880 1238 Quare
910 1171 943 1223 ut
964 1163 1095 1224 inlibris
1115 1167 1158 1224 ita
1177 1166 1208 1224 iu
1231 1165 1361 1239 epistolis

146 1268 224 1342 suis,
252 1268 278 1325 si
306 1282 446 1326 summam
476 1283 575 1328 aarum
599 1274 731 1343 spectes,
758 1267 897 1342 quidquid
926 1269 1029 1328 virium
1051 1275 1082 1328 et
1103 1270 1284 1329 auctoritatis
1306 1273 1361 1342 est,

147 1387 184 1430 eo
205 1369 345 1445 intendit,
378 1376 410 1430 ut
439 1372 470 1430 in
492 1373 627 1432 universa
649 1373 798 1446 republica
820 1373 966 1432 litteraria
988 1373 1159 1433 humaniora
1180 1371 1275 1432 studia
1297 1388 1362 1432 oum

148 1475 258 1549 pietate
288 1476 447 1536 christiana
472 1477 588 1536 interno
620 1477 735 1536 vinculo
762 1479 982 1552 conjungantur.
1032 1477 1067 1536 ln
1093 1493 1130 1537 ea
1155 1494 1189 1538 re
1220 1485 1252 1537 ot
1276 1491 1363 1552 prae·

147 1580 317 1638 stantiasimi
346 1581 414 1655 viri,
443 1581 481 1639 ad
510 1581 574 1654 ejus
603 1581 717 1642 litteras
748 1581 974 1656 respondentes,
1005 1597 1071 1640 cum
1106 1596 1142 1640 eo
1174 1582 1361 1641 consentiunt

148 1689 236 1756 atqua
267 1684 448 1759 conspirant,
479 1689 509 1744 et
537 1685 600 1760 ipse
631 1686 711 1744 velut
740 1685 796 1744 dux
826 1686 892 1744 illos
913 1685 1124 1760 praegreditur.
1169 1686 1272 1759 Neque
1292 1686 1360 1746 ideo

148 1788 265 1861 gravium
290 1788 445 1862 quidquam
474 1789 554 1862 tulit,
586 1805 673 1863 quam
700 1789 725 1848 si
746 1794 866 1864 propter
886 1789 1073 1849 christianam
1094 1788 1279 1864 libertatem,
1303 1807 1362 1864 qua

148 1890 293 1966 utebatur,
326 1892 503 1952 christianae
536 1891 606 1952 fidei
639 1909 709 1952 suae
744 1894 896 1953 sinceritas
928 1895 960 1952 in
992 1894 1110 1954 dubium
1135 1900 1238 1954 vocata
1264 1893 1361 1954 fuerit.

148 1995 297 2070 Ejusmodi
329 1996 520 2070 suspicionem
551 1997 693 2056 acerrime
720 2014 836 2071 semper
857 1998 1056 2070 repellendam
1084 1999 1203 2072 putavit.
1255 1997 1362 2072 Quare,

148 2117 235 2172 quum
265 2115 301 2158 eo
325 2100 421 2158 animo
453 2101 582 2160 obscuris
610 2101 679 2160 viris
710 2101 831 2174 nmque
857 2102 1030 2176 angustioris
1059 2103 1169 2177 ingenii
1198 2101 1362 2161 hominibus

149 2203 267 2262 fortiter
288 2204 458 2280 resisteret,
481 2205 566 2280 longe
596 2205 813 2266 vehementiore
836 2205 936 2266 dolore
959 2205 1080 2266 affectm
1103 2213 1160 2282 eat,
1190 2206 1266 2279 qnod
1285 2222 1361 2266 anno

148 2307 224 2366 illins
247 2308 339 2366 seculi
365 2307 478 2368 decimo
505 2315 586 2369 sexto
610 2310 697 2369 etiam
720 2311 819 2369 Faber
841 2309 1020 2385 Stapulensia
1042 2310 1269 2386 Fraucogallne,
1291 2327 1361 2384 quo-

149 2427 213 2470 cum
242 2410 362 2471 Parisiis
391 2411 619 2472 familiaritatem
650 2414 808 2474 eorundem
842 2414 1001 2474 studiorum
1033 2416 1232 2475 communione
1264 2416 1361 2475 nixam

149 2521 347 2591 conbuxerat,
377 2517 422 2576 sui
448 2515 625 2578 defendendi
654 2521 860 2580 necessitatem
893 2520 922 2579 ei
951 2521 1096 2594 imposuit.
1140 2521 1197 2580 Hie
1223 2521 1301 2580 enim
1330 2519 1363 2578 in

149 2620 224 2680 libro
245 2620 370 2694 quodam
388 2621 525 2696 amicum,
544 2639 630 2696 quem
652 2624 713 2682 illic
733 2641 845 2697 quoque
868 2630 965 2700 vocat,
986 2630 1104 2700 propter
1120 2625 1273 2684 nonnullas
1294 2641 1360 2684 sen-

149 2725 275 2799 tentias,
304 2739 341 2783 ex
362 2725 443 2785 Novo
465 2725 652 2787 Testamento
674 2729 835 2787 rectissime
859 2729 1022 2804 dentatas,
1052 2729 1210 2802 impietatis
1232 2734 1264 2788 et
1284 2730 1361 2788 insa·

148 2829 215 2887 niae
238 2826 452 2889 accusaverat.²
497 2831 592 2903 Quare
615 2831 753 2892 Erasmm
775 2833 939 2907 apologiam
960 2832 1119 2907 publicavit
1139 2834 1252 2907 ipsique
1273 2833 1361 2906 misit,

148 2948 272 3005 querens
299 2933 375 3007 quod
401 2951 459 2994 non
484 2935 604 3009 privatis
639 2936 759 3011 litteris,
793 2937 845 2996 sed
871 2937 1050 2997 odiosissime
1075 2937 1270 3012 Quintinae
1300 2953 1362 2995 rem

148 3043 314 3096 tractasset:
340 3041 401 3112 jam
432 3038 539 3112 ubique
563 3038 626 3100 fere
653 3041 721 3099 hinc
743 3057 795 3113 pro
818 3041 928 3116 Fabro,
958 3041 1026 3100 hinc
1048 3056 1101 3115 pro
1124 3041 1247 3100 Erasmo
1269 3040 1362 3099 disce·

147 3141 232 3212 ptari.
265 3140 337 3216 ,Oro
359 3141 408 3216 te,‘
430 3143 538 3218 inquit,
562 3161 630 3218 ,per
652 3145 840 3203 chnstianam
860 3145 1021 3218 cantatem,
1043 3161 1098 3218 per
1116 3144 1362 3204 sanctissimorum

147 3244 307 3304 studiorum
329 3261 507 3308 communem
530 3265 675 3323 amorem,
706 3265 760 3322 per
782 3248 930 3321 utriusque
953 3247 1072 3322 famam,
1095 3264 1181 3321 qnam
1203 3264 1240 3308 ex
1261 3248 1361 3307 amici-

129 3349 207 3408 tiae
234 3350 301 3424 lege
331 3367 385 3424 par
411 3357 456 3412 est
485 3353 600 3426 utrique
630 3352 711 3412 cordi
740 3370 818 3427 csse,
848 3359 881 3410 ut
912 3353 1054 3412 communi
1075 3351 1171 3412 studio
1193 3355 1269 3412 malo
1292 3353 1361 3412 huic

147 3469 204 3526 qua
229 3454 300 3514 licet
319 3454 501 3531 medeamur,
531 3472 569 3516 ne
591 3457 678 3517 latina
700 3463 799 3532 serpat
820 3457 993 3518 incendium.
1018 3489 1060 3500 -
1082 3457 1208 3517 Nimium
1233 3457 1363 3518 delecta-

148 3557 239 3616 vimus
265 3557 336 3618 istos
368 3560 476 3618 veteris
503 3561 636 3620 inscitiae
666 3557 814 3635 mystas.‘²
859 3559 991 3622 Eundem
1020 3567 1122 3636 postea
1144 3562 1222 3637 apud
1244 3563 1361 3637 amicos,

148 3660 246 3720 durius
274 3662 310 3722 de
336 3679 371 3723 oo
394 3663 572 3740 judicantes,
595 3665 804 3726 studiosissime
824 3664 963 3726 defendit.
1009 3665 1056 3728 Sic
1081 3667 1158 3742 apud
1179 3666 1359 3726 Tonstellum

147 3763 307 3841 Anglornm
340 3769 420 3842 regia
453 3770 581 3845 legatum
613 3770 658 3828 bis
691 3771 804 3830 verbis:
840 3771 938 3846 ,Quae
982 3770 1084 3830 scribis
1118 3771 1155 3830 de
1190 3777 1290 3830 nostra
1322 3769 1360 3828 ad

147 3867 275 3929 Fabrum
296 3873 444 3948 apologia,
466 3889 637 3947 quamquam
661 3875 721 3933 scio
744 3875 840 3934 animo
863 3873 915 3933 aba
937 3879 966 3933 te
982 3873 1070 3932 scribi
1086 3875 1267 3947 amicissimo,
1289 3873 1359 3931 milri

147 3979 244 4034 amen
266 3973 311 4033 bia
333 3975 456 4036 molesta
477 3975 611 4054 fuerunt,
634 3979 681 4038 vel
704 3977 781 4051 quod
795 3983 925 4038 veterem
947 3977 1036 4037 ammi
1058 3977 1188 4037 dolorem
1210 3974 1359 4052 refricant,

236 4243 261 4312 1)
286 4241 324 4298 (if.
343 4245 458 4314 Fengbre
482 4245 500 4302 l.
520 4260 541 4303 o.
566 4243 588 4301 Ῑ.
615 4263 641 4314 p.
661 4255 710 4300 fao
728 4263 762 4302 aa.
804 4248 866 4298 Orta
888 4255 928 4298 est
954 4244 1126 4297 controversia
1148 4261 1164 4295 a
1187 4245 1246 4296 loco
1268 4247 1296 4296 in
1318 4262 1358 4310 ep.

147 4325 178 4382 ad
195 4331 276 4386 Hebr.
295 4327 334 4398 11,
363 4337 386 4386 1.
427 4331 504 4386 Hunc
522 4335 606 4386 Faber
632 4335 767 4386 faleiaume
790 4335 827 4384 ita
851 4333 1015 4398 interpretari
1038 4339 1143 4382 conatus
1167 4337 1221 4396 eat,
1248 4338 1278 4382 nt
1301 4348 1358 4381 cnm

147 4413 243 4470 Psalmi
265 4417 338 4472 VIII.
367 4421 401 4487 (ι.
421 4421 447 4488 6)
466 4425 536 4472 textu
555 4421 696 4485 Hebraico,
723 4437 795 4486 quem
820 4421 876 4484 ipse
892 4421 1001 4470 Eraamo
1019 4418 1113 4470 rectius
1131 4418 1273 4483 intellexit,
1297 4432 1358 4468 oon-

197 4510 258 4558 eret.

149 4520 196 4568 m
233 4591 260 4659 2)
279 4594 348 4660 Epp.
367 4593 405 4644 ed.
424 4595 491 4647 cler.
510 4611 548 4646 ur.
566 4599 625 4648 222.
646 4599 705 4646 211.
742 4593 858 4660 append.
875 4609 913 4647 nr.
932 4599 991 4648 211.

190 4691 400 4738 snulottnannl
414 4694 516 4740 manue
529 4695 649 4741 raram.
1099 4685 1136 4749 11
