3188 5086
228 223 263 276 74
709 225 813 275 Pluris
830 224 943 274 Palosis

1243 311 1443 324 ———

227 455 318 513 penes
344 438 498 512 parochos,
527 443 557 497 et
580 439 762 513 evangelicos
785 443 816 498 et
837 437 1008 512 catholicos,
1031 442 1104 496 erat.
1148 437 1249 510 Neque
1272 437 1302 496 id
1323 453 1444 510 prorsus

227 549 339 602 mutare
362 542 571 618 gubernatores
592 542 783 616 reipublicae
799 543 831 600 in
849 547 946 602 mente
969 541 1133 616 habebant,
1153 541 1205 600 sed
1219 542 1250 600 iu
1263 543 1443 615 singulorum

228 652 340 706 tantum
367 648 562 720 inspectorum
589 647 767 705 clericalium
794 647 889 705 locum
914 647 985 706 elios
1018 646 1165 706 seculares
1185 645 1378 706 substituendi
1393 647 1444 719 jus

228 751 364 810 Ministro
386 752 468 825 regio
490 751 578 810 rebus
601 751 806 810 ecclesiasticis
822 755 853 810 et
867 749 1044 809 scholasticis
1058 749 1206 823 praelecto
1224 744 1307 829 (tunc
1321 735 1444 829 Fallrio)

222 855 349 930 'concedi
367 856 527 915 voluerunt
573 854 607 914 ld
628 855 719 928 igitur
741 872 760 914 a
782 855 905 914 comitiis
927 852 1088 912 Borussiois
1109 853 1232 926 potitum
1255 857 1315 928 est,
1338 859 1443 928 aperte

230 958 345 1034 adjecta
360 975 457 1034 causa,
480 959 556 1033 quod
570 959 670 1018 clerici
684 959 799 1033 quidum
813 957 1077 1018 Romanooatholici
1092 974 1157 1016 cum
1172 973 1275 1031 magno
1286 955 1443 1016 Borussise
1556 1012 1557 1015 ,

230 1063 405 1123 detrimento
442 1064 615 1123 sanctissimi
651 1065 780 1123 muneris
812 1063 987 1122 auctoritate
1021 1061 1221 1121 abuterentur.
1278 1060 1313 1120 Id
1345 1061 1445 1120 allatis

230 1169 370 1244 exemplis
399 1168 607 1228 demonstravit
634 1169 748 1242 imperii
771 1167 986 1241 cancellarius,
1017 1165 1127 1226 addidit
1148 1167 1179 1224 in
1201 1167 1263 1226 sola
1284 1166 1347 1225 lare
1367 1164 1444 1226 Ger·

230 1274 328 1334 mania
348 1273 458 1332 clerum
472 1272 777 1332 Romanocatholicum
798 1273 911 1346 patriae
935 1287 1034 1332 amore
1050 1287 1168 1344 carere,
1192 1287 1280 1344 quum
1294 1271 1444 1330 Romanae

231 1377 376 1436 ecclesiae
407 1377 562 1466 utilitatem
589 1378 675 1436 saluti
705 1377 822 1450 imperii
842 1382 1045 1450 praeponeret.
1090 1375 1178 1450 Cujus
1204 1375 1249 1435 rei
1271 1375 1446 1434 documenta

231 1486 385 1554 poscentes
405 1481 506 1541 Centri
529 1483 621 1542 socios
641 1483 693 1542 ille
717 1482 855 1541 attonitos
877 1480 1005 1540 reddidit
1029 1480 1207 1538 exclamans:
1229 1479 1341 1538 Atros
1363 1477 1445 1536 dum-
1562 1473 1564 1554 ζ

232 1591 315 1645 taret
343 1591 441 1644 uestra
466 1590 586 1659 pectora
615 1583 869 1658 perscrutaminil¹
922 1584 1096 1644 Concessum
1127 1589 1172 1643 est
1200 1584 1273 1642 nibil
1304 1582 1446 1657 eiusmodi
1564 1598 1565 1624 ¹

231 1689 337 1764 probro
369 1690 445 1749 verti
474 1705 558 1762 posse
597 1690 740 1749 ccclesiae
783 1689 968 1762 evengelicae
1002 1688 1153 1762 ministris,
1191 1689 1278 1747 immo
1314 1687 1446 1762 agnitum
1565 1684 1566 1704 ¹

231 1794 284 1853 bos
312 1794 420 1868 optime
454 1809 569 1868 semper
600 1793 638 1853 de
671 1793 776 1853 sobolis
808 1793 962 1867 meruissc3
996 1809 1090 1866 nequc
1119 1791 1225 1852 oblitus
1257 1791 1378 1850 Fallrius
1411 1807 1446 1850 se

231 1895 321 1956 filiuni
343 1899 468 1972 pastoris
491 1913 568 1974 esse,
595 1899 643 1972 qui
672 1913 851 1972 pernoram
877 1897 969 1956 lustra
989 1897 1176 1971 inspiciendis
1198 1896 1303 1956 sobolis
1325 1911 1445 1970 operam

232 2001 367 2062 dedisset
411 2002 456 2062 Ex
478 2002 538 2062 solo
561 2001 771 2062 confessionum
790 2002 1053 2062 ecclesiasticarum
1071 2001 1217 2074 paritatis,
1237 1999 1314 2074 quod
1328 1999 1445 2074 dicitur,

232 2107 373 2181 principio
401 2107 497 2181 legem
528 2107 565 2166 de'
588 2107 719 2167 omnibus
739 2107 894 2167 Barassiae
920 2107 1024 2166 sobolis
1046 2105 1230 2180 popularibus
1257 2120 1361 2178 rogare
1382 2105 1446 2178 pla·

232 2211 309 2282 cuit,
345 2211 426 2284 Quod
454 2212 530 2272 mala
557 2209 686 2272 ferentes
712 2212 977 2272 conservativarum
1006 2211 1133 2285 partium
1159 2210 1231 2270 socii
1253 2209 1446 2283 testabantur,

231 2315 276 2374 ias
302 2332 362 2374 non
390 2331 455 2376 esse
484 2317 520 2376 ob
542 2316 719 2390 singulorum
745 2316 924 2390 quorundam
953 2315 1135 2375 sacerdotum
1158 2313 1446 2374 Romanocstbolico-

231 2436 296 2478 rum
327 2425 449 2492 peecata
483 2420 670 2492 evangelicae
710 2420 868 2494 ecclesiae,
910 2420 955 2478 cni
995 2423 1109 2478 tantum
1141 2419 1278 2478 Bornssia
1313 2415 1445 2490 deberet,

232 2522 359 2596 priscum
380 2521 519 2582 bonorem
540 2523 700 2598 infringere
723 2529 754 2583 et
784 2529 828 2584 tot
848 2524 1019 2583 innocentes
1040 2523 1118 2582 viros
1138 2523 1303 2596 optimeque
1326 2521 1445 2581 meritos

233 2625 361 2684 Ministri
383 2625 469 2700 Regii
495 2625 616 2686 arbitrio
642 2627 825 2700 permittere,
853 2628 878 2686 si
907 2627 977 2700 quid
1006 2633 1085 2686 essct
1104 2627 1227 2700 periculi
1249 2619 1339 2707 (quod
1360 2625 1446 2696 hujus

233 2730 325 2804 partis
346 2731 478 2804 plerique
503 2733 583 2805 justo
610 2731 730 2790 minoris
756 2725 929 2812 iaciebant),
958 2733 1097 2804 aequiora
1123 2731 1255 2790 remedia
1279 2727 1446 2804 quaerenda

234 2849 306 2894 esse.
351 2833 504 2908 Proposita
535 2835 573 2893 ab
604 2835 649 2894 his
681 2835 777 2895 mitior
808 2837 882 2909 legis
913 2836 1036 2895 formula
1064 2835 1229 2894 Ministerio
1261 2835 1354 2908 Regio
1387 2849 1446 2892 non

234 2937 395 3012 displicuit,
433 2955 451 2998 a
486 2937 655 2998 liberalibus
686 2939 817 3012 partibus
854 2941 966 3012 rejecta
998 2945 1051 2998 est
1096 2940 1150 3014 Iis,
1184 2940 1234 3012 qui
1265 2939 1359 3014 legem
1389 2937 1447 3011 ipsi

234 3043 410 3102 christianes
439 3043 601 3102 scholarum
629 3043 718 3103 indoli
745 3043 894 3103 inimicam
920 3059 985 3103 esse
1013 3043 1240 3118 contenderant,
1274 3049 1305 3102 et
1325 3038 1447 3102 Fallsius

235 3153 267 3208 et
283 3146 423 3222 Princeps
439 3147 635 3208 cancellarius
656 3148 770 3222 imperii
791 3148 907 3208 fortiter
929 3149 1106 3207 restiterunt
1151 3147 1207 3205 Hic
1229 3161 1293 3206 cum
1315 3146 1448 3218 ingenui·

235 3256 296 3310 tate
318 3251 384 3324 illa,
412 3252 443 3310 in
464 3265 521 3324 qua
541 3268 628 3312 nemo
654 3253 766 3312 sobrius
794 3252 949 3326 quidquam
971 3252 1161 3310 simulationis
1183 3250 1392 3325 suspicabitur,
1414 3267 1447 3310 se

235 3355 328 3412 vivam
350 3353 437 3412 iidem
459 3355 644 3414 christianam
665 3362 752 3429 atque
775 3357 972 3430 evangebcam
994 3356 1071 3414 domi
1093 3372 1127 3414 aa
1149 3355 1265 3429 publice
1280 3370 1395 3428 semper
1418 3360 1449 3412 et

236 3455 398 3516 confessum
431 3473 496 3516 esse
530 3463 561 3516 ct
589 3455 720 3518 confiteri
745 3459 800 3531 ait;
833 3458 885 3518 sed
918 3465 951 3516 nt
978 3459 1062 3532 hujus
1089 3459 1178 3533 ipsius
1202 3457 1271 3517 fidei
1292 3455 1395 3516 ciliciis
1416 3457 1448 3516 in

236 3575 356 3618 munere
383 3559 520 3619 divinitus
546 3561 615 3620 dato
644 3561 845 3634 satisfaceret,
874 3577 939 3645 sese
970 3561 1071 3621 eadem
1092 3561 1249 3637 industria,
1279 3578 1336 3636 qua
1356 3577 1448 3634 quon·

236 3663 304 3724 dam
326 3665 533 3724 tumultuantes
556 3681 591 3724 ac
613 3665 794 3724 rebellantes
816 3667 847 3724 in
865 3664 943 3724 urbis
964 3666 1070 3739 plateis
1091 3667 1300 3740 impugnasset,
1328 3667 1388 3738 jam
1412 3665 1449 3724 iis

235 3769 404 3829 restiturum
423 3784 505 3844 csse,
527 3769 577 3842 qni
597 3769 635 3829 ad
654 3767 795 3828 firmanda
815 3769 992 3842 reipublicae
1014 3768 1202 3829 fundamenta
1220 3770 1314 3828 vocati
1339 3775 1449 3828 munere

236 3889 274 3934 ea
296 3873 477 3934 subruerent
512 3873 651 3934 Similiter
673 3873 755 3932 multi
776 3873 826 3932 alii
849 3873 969 3932 animati
985 3879 1077 3934 erant.
1110 3873 1177 3932 Non
1189 3873 1294 3932 mirum
1312 3879 1410 3932 minen
1424 3872 1450 3930 si

235 3979 267 4036 in
287 3983 367 4038 tanto
390 3984 533 4038 conventu
556 3977 687 4038 nonnulli
700 3976 827 4052 luerunt,
850 3979 899 4051 qui
912 3979 1019 4052 partim
1034 3977 1101 4038 odio
1111 3977 1285 4036 christianae
1300 3975 1451 4050 religionis

236 4082 283 4140 vel
313 4079 393 4140 falsis
415 4081 453 4140 de
474 4099 510 4142 ca
532 4083 715 4162 opinionibus
743 4080 822 4140 ducti
845 4083 993 4154 utriusque
1017 4081 1160 4141 ecclcsiae
1182 4081 1409 4140 imminutionem
1433 4095 1452 4138 a

235 4190 340 4258 rogata
360 4185 426 4258 lege
449 4193 668 4261 exspectarent,
691 4187 799 4261 partim
820 4202 873 4259 pro
896 4185 1078 4260 ignoratione
1098 4201 1152 4244 sua
1174 4190 1321 4244 tantarum
1343 4200 1452 4258 rernm,

234 4288 281 4348 vel
303 4287 578 4350 ecclesiasticarum
595 4290 644 4351 vcl
665 4289 918 4365 scholasticarum,
950 4288 987 4350 ad
1009 4294 1091 4349 recta
1110 4287 1298 4363 judicandum
1320 4288 1357 4349 de
1380 4288 1454 4361 legis

338 4523 365 4590 1)
382 4520 487 4573 Grsiien
506 4521 550 4572 eis
566 4521 631 4572 docb
648 4535 696 4570 nur
713 4521 742 4571 in
759 4519 808 4570 den
825 4520 916 4586 aignan
933 4519 1027 4572 Busan.
