3202 5058
686 317 778 372 cison
797 321 831 372 ll.
1330 317 1364 376 33

152 532 311 591 inimicitiis
338 533 424 591 hellis
447 533 617 606 impeditum
644 535 691 592 vel
717 536 910 609 interruptum
936 541 1034 594 tamen
1061 536 1158 596 divina
1184 538 1366 611 procidentis

152 635 194 693 itu
216 637 406 711 gubernatam
432 653 497 696 esse
519 637 726 714 demonstravi,
749 647 782 698 ut
801 640 837 698 ab
860 640 961 700 alteris
975 639 1043 700 iude
1060 641 1193 715 gentihus
1207 643 1244 701 sd
1260 643 1367 702 alteras

151 743 214 813 ipsa
234 741 341 800 indolis
363 741 529 816 ingeniique
551 743 721 802 diversitate
748 744 855 802 eximia
875 743 952 803 hona
972 745 1178 805 redundarent.
1222 747 1298 806 Huic
1321 749 1365 807 rei

152 845 296 919 proluisse
320 847 476 922 quondam,
503 853 606 921 postea
628 847 775 908 obstaculo
796 849 884 906 luisse
907 848 1029 908 Romani
1052 851 1180 924 episcopi
1202 853 1364 924 primatum.

152 949 356 1024 Degenerasse
380 951 457 1009 enim
479 951 652 1024 jampridem
680 953 710 1010 iu
737 950 931 1011 foedissimam
962 955 1162 1028 tyrannidem,
1191 971 1266 1028 qnae
1289 957 1368 1017 inter

152 1061 255 1128 gentes
272 1054 458 1130 Neolatinas,
482 1072 567 1128 quum
590 1057 653 1128 ejus
667 1073 762 1128 neque
785 1057 855 1114 vitia
869 1073 965 1130 neque
988 1057 1117 1116 remedia
1139 1057 1217 1118 lerre
1238 1069 1366 1138 possent,

153 1159 306 1218 universae
329 1159 471 1218 hnmanae
495 1161 642 1218 societatis
656 1159 845 1220 fundamenta
860 1161 942 1234 quasi
964 1160 1121 1220 adrosisset
1143 1169 1174 1222 et
1194 1163 1368 1224 labefactas·

152 1268 205 1321 set.
262 1263 365 1336 Neque
396 1281 516 1337 nsquam
554 1281 605 1338 pro
643 1265 699 1324 isto
731 1266 853 1338 imperio
883 1283 985 1338 parum
1018 1267 1175 1326 christiano
1208 1269 1366 1342 permultos

153 1369 215 1440 ejus
245 1367 371 1426 asseclas
399 1375 432 1428 ut
462 1369 586 1429 antehac
614 1370 656 1429 ita
683 1371 789 1429 nostrin
815 1367 939 1429 diebus1
969 1372 1077 1430 veritos
1109 1388 1186 1446 esse,
1212 1379 1367 1448 praetextu

154 1472 303 1530 christiani
328 1474 452 1532 nominis
480 1472 626 1532 Romanas
653 1479 756 1547 gentes
785 1491 850 1533 curn
873 1474 1053 1533 Germanicis
1083 1482 1181 1535 mutuo
1203 1477 1270 1536 odio
1290 1495 1367 1537 corn·
1396 1463 1397 1468 ¹

154 1577 269 1635 mittere
298 1581 329 1635 et
350 1577 427 1636 inter
448 1577 527 1651 ipsos
551 1577 711 1638 Germanos
739 1579 939 1638 incendiorum
961 1581 1127 1654 materiem,
1154 1587 1186 1640 ut
1207 1589 1367 1656 opportuno

154 1685 285 1754 tempore
304 1681 384 1740 faces
406 1683 575 1756 injicerent,
600 1699 738 1757 spargere
761 1689 848 1756 atque
872 1684 1068 1758 accumulare,
1091 1701 1129 1744 ue
1148 1683 1231 1744 flocci
1251 1687 1367 1760 quidem

154 1784 255 1844 habita
284 1787 362 1844 omni
390 1787 522 1846 1111111111
550 1792 580 1846 11
601 1788 719 1860 pudoris
748 1789 932 1848 conscientia.
976 1789 1069 1862 Hujus
1092 1790 1201 1862 ingenii
1223 1791 1369 1851 ministros

155 1896 186 1948 11
215 1890 397 1964 adparitores
423 1892 583 1951 miserrimo
615 1894 747 1965 exemplo
769 1894 907 1966 plurimos
930 1891 1139 1953 Germanorum
1162 1895 1327 1971 episcopos,
1350 1913 1368 1955 a

154 1994 296 2052 Vaticano
325 1996 447 2055 concido
477 1997 523 2054 vix
543 2013 688 2072 reversos,
719 2013 750 2056 se
772 1997 955 2070 praebuisse,
976 1997 1071 2056 allatis
1095 2015 1193 2057 eornm
1214 2000 1311 2058 verbis
1333 2017 1367 2058 ac

153 2098 329 2157 facinoribus
363 2105 392 2158 ct
426 2100 544 2160 detecta
569 2101 751 2176 ioeshssims,
784 2118 870 2174 quam
900 2102 1067 2176 subierunt,
1100 2102 1189 2160 animi
1208 2105 1367 2163 mutatione

153 2203 274 2264 ostendi.
319 2203 365 2262 Ex
386 2205 424 2262 iis
445 2206 543 2280 igitur,
564 2221 638 2279 qnae
661 2211 730 2264 tnnc
752 2206 869 2279 scripsi,
892 2205 1030 2264 nonnulla
1052 2210 1192 2279 repetam.

241 2307 371 2382 ‚Quanta
399 2309 535 2370 libertate
566 2311 693 2384 episcopi
712 2309 879 2368 Germanici
902 2309 1135 2383 obstrepentibus
1157 2309 1315 2370 Pontificiis
1337 2313 1368 2371 in

154 2413 277 2472 concilio
304 2413 445 2472 Vedcano
473 2416 561 2473 locuti
593 2415 665 2488 siut,
694 2416 754 2487 jam
777 2415 839 2473 sola
862 2415 999 2488 epistola,
1033 2417 1200 2488 germanice
1220 2416 1258 2474 ad
1280 2433 1368 2475 unum

153 2534 254 2577 eornm
276 2518 314 2575 ah
331 2518 522 2577 illustrissimo
544 2520 667 2592 quodam
688 2520 784 2591 Auglo
799 2519 1071 2578 Rornanocathohco
1087 2521 1266 2595 conscripta,
1289 2523 1369 2580 lucu·

152 2623 314 2681 lentissime
345 2620 550 2682 demonstrat.²
595 2625 659 2682 Illic
689 2625 766 2683 enirn
792 2629 939 2682 tantorum
968 2624 1122 2683 verborum
1151 2626 1234 2698 quasi
1260 2625 1370 2686 lumina

153 2727 345 2800 exhiheutnr3
367 2727 505 2800 inspectis
528 2728 708 2801 paucissimis
731 2729 844 2802 paginis
866 2727 965 2786 videre
987 2729 1069 2802 licet,
1092 2745 1166 2802 qnae
1181 2729 1369 2802 Mognutinus

154 2832 323 2904 episcopus,
351 2847 426 2904 quae
450 2830 618 2891 Gurdinales
638 2833 800 2906 Austriaci,
829 2847 904 2905 qnae
925 2833 976 2890 alii
998 2832 1131 2892 dixerint.
1175 2833 1262 2892 Malis
1285 2835 1369 2894 nimi·

153 2953 217 2993 rum
251 2936 393 2994 ominibus
425 2937 491 2995 novi
521 2937 663 3009 dogmatis
699 2935 896 2996 definitionem
930 2937 1074 3010 inceptam
1106 2955 1187 3012 esse,
1220 2938 1368 3012 pejoribus

154 3043 328 3116 completum
349 3041 398 3113 iri3
420 3057 525 3100 novum
546 3041 615 3100 inde
638 3041 761 3100 schisma
780 3042 923 3100 ecclesiae
938 3041 1089 3100 imminere
1113 3049 1143 3100 et
1164 3047 1368 3101 extraneorum

153 3145 397 3204 irreconciliabile
420 3146 530 3219 odium3
556 3146 655 3219 itaque
679 3146 758 3220 iore,
782 3151 813 3203 at
835 3145 988 3203 concilium
1011 3143 1047 3203 ad
1066 3145 1196 3203 sananda
1217 3147 1264 3204 vel
1286 3151 1367 3204 certe

152 3249 290 3308 lenienda
318 3251 394 3308 mala
424 3257 644 3324 congregatum,
673 3249 762 3309 futuri
784 3247 907 3307 remedii
930 3249 1087 3321 quamlibet
1109 3265 1190 3322 spem
1212 3250 1367 3308 humanam

153 3353 321 3428 praecidat,
340 3351 570 3414 fidelissimorum
592 3354 769 3427 quorundam
791 3353 936 3411 hominum
959 3351 1046 3410 corda
1060 3353 1222 3428 conturbet,
1245 3349 1368 3412 infideli·

153 3458 206 3516 hus
237 3459 348 3532 largam
372 3459 533 3518 calamiae
565 3467 596 3517 et
620 3457 739 3518 ludibrii
768 3457 919 3516 materiam
947 3456 1128 3532 suppeditet;
1157 3457 1263 3531 quippe
1296 3457 1368 3532 ipsis

153 3561 323 3634 quibusdam
347 3564 488 3622 ecclesiae
504 3562 648 3636 theologis
666 3559 862 3621 definitionem
884 3562 962 3619 illum
977 3561 1131 3619 absurdam
1154 3567 1185 3620 et
1202 3562 1296 3635 logice
1317 3563 1370 3619 im-

154 3666 323 3738 possibilem
351 3667 441 3725 visam
465 3683 543 3740 esse,
575 3681 668 3739 neque
692 3666 818 3725 dubitari
841 3681 938 3740 posse,
962 3665 1030 3738 quin
1051 3665 1102 3723 illu
1121 3664 1246 3724 admissa
1269 3667 1370 3722 intimo

154 3771 326 3842 antiquioris
349 3771 490 3830 ecclesiae
513 3771 611 3829 sensui
633 3771 741 3830 bellum
763 3769 913 3843 inferatur,
937 3773 1069 3828 veterum
1084 3783 1225 3827 canonum
1240 3767 1372 3827 haereti-

155 3890 220 3932 cum
252 3891 358 3948 papam
389 3876 532 3933 removeri
556 3874 717 3947 jubentium
751 3875 909 3933 auctoritas
938 3873 1119 3947 derideatur,
1148 3874 1213 3946 ipsa
1245 3871 1370 3943 denique

245 4098 270 4164 1)
288 4099 329 4148 Ex
351 4097 440 4148 multis
463 4097 640 4163 praesentibus
663 4096 717 4163 ejus
740 4095 778 4145 rei
802 4093 924 4158 exemplis
948 4107 1087 4144 memorare
1110 4091 1204 4141 sulflcit
1226 4107 1315 4140 versus
1338 4089 1371 4141 sd

154 4183 325 4236 Massiliensis
342 4184 410 4250 qnod
428 4185 521 4234 dicitur
538 4182 658 4234 carminis
676 4183 821 4249 rhythmum
838 4197 889 4230 nou
907 4181 962 4230 sine
980 4187 1033 4229 arte
1046 4177 1202 4241 compositos
1223 4183 1249 4228 st
1260 4178 1371 4228 1111111-

155 4272 212 4321 rico
231 4271 347 4322 Venillot
371 4271 527 4335 publicatos,
555 4270 647 4335 quihus
666 4268 783 4320 Rhenaui
800 4267 939 4318 incitantur
961 4271 1050 4316 contra
1067 4277 1154 4326 regern
1172 4280 1245 4314 sunm
1263 4281 1372 4331 evauge-

153 4359 231 4408 licum
249 4363 276 4408 et
293 4358 521 4421 Frsueogsllorum
539 4357 688 4406 lauatismus
701 4361 853 4420 provocetur
864 4354 913 4402 hec
931 4351 1091 4417 ineptissimo
1102 4349 1373 4416 impudentissimeque

154 4445 298 4494 mendacio:
324 4443 472 4508 ,Biemsrclr
488 4451 548 4494 veut
566 4443 646 4506 hletn,
664 4441 755 4492 Bitcha
775 4445 800 4491 el
818 4439 941 4500 l'Alsuce,
960 4454 1025 4502 pour
1042 4437 1134 4506 yioire
1154 4437 1245 4487 adoret
1256 4437 1372 4487 Luther.‘

155 4531 193 4581 (li.
212 4531 392 4582 commentatio
411 4547 467 4581 urea
485 4545 564 4593 supra
582 4529 660 4580 allata
679 4545 703 4592 p.
722 4533 763 4578 11.

243 4619 270 4686 2)
289 4618 359 4669 Lnrd
377 4619 473 4680 hoton,
493 4615 693 4666 Seudschreihen
713 4632 744 4665 an
763 4615 837 4664 einen
855 4613 992 4662 deutschen
1010 4609 1130 4672 Bisohoi,
1151 4609 1221 4672 Sept.
1243 4613 1318 4662 1810.

198 4720 408 4764 Schlottrnunni
422 4719 526 4762 1111111111
539 4717 658 4760 redivivus.
772 4757 775 4762 ,
1132 4699 1151 4754 3
