3134 5054
629 314 723 366 Garun
741 314 774 368 X.
1255 312 1307 368 257

100 523 250 612 quantur),
273 545 384 588 veneno
406 529 546 588 tollantur
567 545 633 588 cum
652 528 857 588 benedictione
872 525 1027 588 Pontificis.
1069 527 1133 586 Hac
1149 533 1214 588 arte
1230 529 1309 588 adet

98 633 258 693 Alcandsr:
288 634 313 693 is
342 649 389 692 me
419 631 557 692 Coloniae
586 633 797 706 impensissime
827 631 950 706 rogabat
977 631 1012 690 ad
1042 631 1212 706 prandium,
1245 647 1307 707 ego,

99 754 151 810 quo
184 737 276 813 magis
306 738 356 796 ille
390 735 533 811 instabat,
563 737 625 816 boc
649 737 828 811 pertinacius
860 730 1034 796 excusavi‘1
1100 735 1187 796 Hand
1218 735 1308 794 multo

98 848 174 916 post,
206 843 289 916 'justo
324 839 422 900 durius
458 840 605 914 judicasse
644 841 699 900 sibi
731 842 823 914 visus,
864 840 954 899 nimia
983 837 1089 899 fiducia
1121 839 1308 913 Alcandrum,

95 947 218 1018 juratum
242 963 274 1005 se
296 938 472 1023 fidissimum:
493 945 556 1017 ejus
579 946 703 1004 amicum
727 961 805 1019 esse,
828 945 918 1004 semel
941 943 1048 1018 adhuc,
1075 943 1105 1002 id
1128 944 1203 1018 quod
1222 961 1310 1018 snpra

99 1050 288 1124 narravimus,
318 1065 371 1122 pro
394 1054 524 1122 tempora
546 1050 698 1122 amplexus
721 1053 775 1108 est.
806 1049 888 1107 Tunc
909 1048 1029 1108 Budaeo
1052 1048 1182 1122 scripsit,
1213 1049 1309 1123 ,illurn

100 1153 200 1212 lortem
230 1169 266 1212 ao
295 1157 443 1212 mensum
473 1153 565 1211 virum
595 1170 627 1212 sc
653 1153 822 1226 praebuisse
845 1153 876 1211 in
898 1152 1067 1212 Lutherano
1088 1153 1221 1227 negotio,
1253 1167 1309 1224 quo

99 1275 180 1330 quum
204 1255 357 1318 defunctus
380 1261 470 1331 osset,
489 1257 580 1316 licere
603 1257 758 1329 aliquoties
780 1256 904 1316 hominis
927 1257 1137 1316 consuetudine
1159 1254 1231 1330 frui,
1253 1273 1310 1315 non

98 1364 188 1420 minus
211 1377 335 1422 amoena
356 1378 443 1434 quam
466 1361 599 1420 eundits.‘
643 1363 734 1420 Immo
755 1378 821 1420 cum
844 1361 1027 1420 callidissimo
1048 1361 1157 1420 Nuntio
1180 1361 1254 1437 egit,
1279 1365 1311 1419 ut

97 1465 179 1526 daret
220 1465 276 1526 sibi
305 1471 425 1540 propter
463 1465 654 1539 sycophantas
690 1464 858 1524 facultatem
895 1465 1012 1539 legendi
1050 1464 1173 1524 Lutberi
1212 1465 1311 1540 libres,

98 1572 203 1644 quippe
227 1571 277 1643 qui
302 1571 364 1643 jam
393 1586 492 1629 omnes
521 1569 705 1629 condemnati
736 1575 848 1640 essent;
883 1569 960 1642 quod
989 1571 1039 1630 ills
1069 1585 1102 1630 se
1131 1586 1217 1644 posse
1244 1587 1311 1644 per-

97 1675 228 1750 negavit,
262 1675 317 1733 nisi
351 1674 519 1732 nominatim
549 1675 721 1748 impetraret
753 1691 772 1732 a
802 1673 919 1733 Summo
951 1670 1123 1734 Pontifics.¹
1175 1675 1310 1750 Undique

98 1779 232 1837 nimirum
263 1778 423 1853 urgebatur
453 1783 484 1837 et
513 1778 719 1852 impellebatur
745 1778 899 1854 Erasmus,
929 1783 963 1837 ut
992 1778 1144 1838 scribendo
1172 1779 1311 1840 &semus

97 1882 258 1942 Lutberum
278 1900 309 1943 ss
332 1881 471 1957 probaret
492 1883 690 1943 orthodoxum.
730 1883 775 1942 De
798 1899 835 1942 ea
856 1900 890 1943 re
912 1883 944 1941 iu
967 1883 1092 1956 epistola
1114 1882 1152 1942 sd
1173 1884 1311 1942 amicum:

96 1987 133 2061 ,Ο
154 1989 196 2046 mi
217 1986 375 2061 Bombasi‘,
396 1988 504 2061 inquit,
527 1988 668 2062 ,proclive
688 1987 768 2046 dictu
788 1993 848 2046 cst:
871 1987 972 2046 Scribe
988 1987 1127 2046 adversus
1141 1986 1311 2046 Luthernm.

95 2091 152 2150 Sed
175 2091 289 2150 adirem
316 2091 447 2166 pluribus
467 2089 554 2150 rebus
578 2108 650 2165 opus
673 2095 732 2167 est,
755 2107 840 2163 quam
862 2090 900 2149 ad
922 2090 1081 2164 plaustrum
1103 2088 1311 2164 fabricandum,

96 2199 128 2252 ut
150 2197 194 2254 ait
215 2193 379 2256 Hesiodus.‘

183 2299 349 2374 sentiebat,
372 2317 457 2382 quam
480 2297 598 2358 difficile
622 2304 700 2359 esset
723 2297 851 2358 scribere
874 2298 996 2372 aliquid,
1019 2296 1096 2370 quod
1121 2314 1217 2371 neque
1240 2313 1311 2357 suae

96 2405 186 2476 ipsius
209 2403 345 2478 dignitati
364 2401 497 2464 officeret
521 2420 616 2477 neque
639 2403 757 2476 negotio
778 2402 947 2476 evangelico
970 2417 1116 2474 nunquam
1142 2401 1312 2462 deserendo.

95 2509 160 2568 Jam
185 2513 274 2568 antes
295 2506 521 2582 significaverat,
545 2525 576 2568 se
600 2507 636 2566 ud
659 2508 813 2566 imminens
834 2507 958 2566 schisma
981 2511 1012 2566 et
1037 2506 1138 2566 turbas
1161 2505 1312 2566 evitandas

95 2614 225 2686 ,majora
249 2612 415 2671 moliturum
438 2611 540 2687 tuisse,
570 2611 626 2670 nisi
649 2628 681 2670 se
703 2617 823 2686 praeter
845 2611 903 2670 alia
924 2611 1028 2685 religio
1050 2611 1192 2684 quasdam
1215 2611 1313 2671 deter-

96 2717 217 2792 ruisset,
244 2733 282 2776 ne
311 2716 388 2776 forts
417 2715 584 2790 imprudens
613 2721 791 2790 repugnaret
820 2715 933 2790 spiritui
952 2714 1079 2776 Christi‘
1132 2715 1253 2790 Saepius
1282 2733 1313 2775 se

96 2827 198 2880 tantae
218 2822 263 2882 rei
285 2836 387 2896 parem
407 2837 464 2880 non
480 2837 544 2880 essa
560 2820 698 2879 declarat
732 2820 847 2894 Optime
860 2837 927 2878 mox
941 2821 1035 2895 novit,
1057 2826 1168 2880 semoto
1182 2819 1314 2880 Lutbsro

96 2941 159 2984 rem
183 2923 294 2986 finitam
318 2942 376 2984 non
399 2941 472 2985 esse.
516 2926 552 2984 In
574 2930 634 2984 tam
656 2925 769 2999 ingenti
785 2925 864 2984 orbis
885 2925 1005 2984 discidio
1027 2925 1064 2984 ab
1087 2930 1210 2998 utraque
1230 2930 1314 2998 parte

97 3031 172 3090 recti
203 3031 322 3102 verique
351 3029 460 3103 aliquid
491 3045 555 3089 esse
585 3030 746 3102 existimat,
776 3028 807 3086 id
829 3044 865 3086 ex
888 3027 977 3088 Sacra
999 3027 1148 3101 Scriptura
1169 3029 1314 3100 certisque

98 3135 280 3208 argumentis
302 3133 477 3209 dijudicare,
507 3149 564 3207 qno
586 3133 748 3208 religiosius
770 3133 925 3191 veritatem
948 3132 1078 3205 quaerit,
1110 3148 1146 3190 eo
1169 3127 1315 3189 difficilius

97 3255 164 3299 esse
198 3239 352 3314 intellegit
396 3237 473 3297 Dum
500 3243 623 3311 utraque
649 3253 717 3311 pars
743 3236 874 3294 ultimum
902 3236 947 3296 rei
970 3235 1126 3294 discrimen
1148 3235 1316 3294 accelerare

99 3341 234 3402 omnibus
256 3343 377 3402 intentis
400 3342 507 3402 viribus
530 3341 640 3416 studet,
666 3343 728 3414 ipse
750 3341 857 3400 iterum
878 3339 950 3398 illud
972 3339 1186 3413 procrastinare
1209 3337 1317 3398 frustra

96 3447 209 3506 nititur.
253 3445 339 3506 Haud
368 3448 459 3507 semel
489 3463 588 3506 sorum
618 3446 742 3505 maxime
768 3443 979 3518 impatientiam
1000 3443 1195 3517 perniciosam
1218 3448 1317 3518 putat,

97 3553 147 3624 qui
170 3567 268 3610 rerum
290 3551 479 3611 mutationem
500 3549 577 3610 baud
599 3549 740 3624 paulatim
762 3549 814 3608 sed
833 3549 928 3608 subito
951 3546 1027 3608 silici
1046 3547 1155 3608 volunt.
1201 3547 1314 3623 Quippe

97 3671 186 3727 quum
208 3653 311 3714 iisdem
332 3655 480 3715 mensibus
501 3655 532 3713 in
554 3653 669 3714 edendo
691 3653 804 3713 Hilario
826 3658 983 3727 occupatus
1006 3657 1098 3728 esset,
1128 3669 1165 3712 sx
1193 3651 1316 3711 historia

99 3759 244 3818 ccclesiae
266 3757 361 3818 denuo
381 3758 537 3834 didicerat,
558 3775 642 3832 qnam
659 3759 755 3818 lentus
771 3763 849 3818 esset
865 3758 1054 3817 accuratioris
1069 3757 1218 3816 doctrinae
1234 3754 1315 3813 tbeo·

97 3865 210 3938 logicae
229 3879 400 3937 progressus
424 3867 455 3922 et
469 3879 555 3936 quam
576 3877 664 3936 saepe
684 3862 817 3921 humanis
832 3860 1010 3920 diversarum
1026 3859 1150 3932 partium
1166 3855 1315 3916 affectibus

96 3967 246 4041 turbatus,
282 3965 334 4026 sed
369 3966 407 4026 de
437 3967 482 4026 bis
512 3965 688 4026 adsumendis
720 3966 784 4038 sius
814 3963 917 4023 studiis
947 3960 1025 4022 inira
1051 3961 1134 4022 nobis
1161 3958 1315 4019 dicendum

98 4073 164 4131 erit.
209 4071 254 4146 ,Si
274 4071 405 4131 seculum
426 4071 509 4147 hoo‘‚
535 4072 643 4145 inquit,
671 4075 777 4146 ,totum
800 4067 945 4128 Christum
967 4083 1025 4126 uon
1049 4063 1121 4140 iert,
1151 4069 1316 4124 esttamen

99 4175 210 4248 aliquid
239 4177 329 4237 licere
360 4193 427 4236 euru
457 4177 641 4250 aliquatenus
670 4171 860 4250 praedicare.t
913 4172 994 4231 Tunc
1023 4185 1097 4244 quae
1128 4170 1158 4229 iu
1187 4169 1316 4228 Lntbcro

100 4297 217 4354 sempor
246 4281 469 4356 displicuerant,
499 4283 600 4356 pejora
623 4296 708 4354 qnam
731 4283 819 4338 antea
841 4279 869 4337 ei
891 4276 1033 4336 videntur.
1078 4274 1200 4346 Quaerit
1221 4289 1317 4332 annon

99 4385 224 4444 fortasse
247 4385 345 4459 aliquo
365 4387 433 4460 jure
455 4401 606 4460 repressus
625 4383 671 4443 sit
714 4384 818 4442 Nonne
840 4381 905 4456 ille,
933 4397 1020 4454 quum
1041 4395 1094 4454 pro
1117 4395 1153 4438 eo
1175 4375 1318 4438 servando

187 4607 212 4670 1)
231 4605 456 4672 0pp.111,1ess
563 4603 590 4671 2)
608 4603 706 4654 Ibidem
724 4617 751 4666 p.
766 4605 825 4652 6⁸0.
932 4599 959 4664 ³)
978 4597 1075 4648 ibidem
1094 4613 1120 4662 p.
1134 4601 1193 4648 666.

143 4705 351 4750 Schlottrusnni
364 4705 468 4748 Erumns
480 4704 601 4748 redivivus.
882 4717 884 4721 ·
1057 4691 1096 4750 17
