3156 5056
610 296 702 352 Osrur
719 295 778 352 vir.
1256 291 1308 349 179

106 513 211 570 mitiora
237 515 361 573 condita
390 515 595 588 sequebantur,
624 515 710 574 sicuti
740 512 958 608 Melanehthoni
985 517 1015 571 et
1037 511 1165 586 Bueero,
1187 511 1266 572 dulia
1289 526 1308 570 a

104 613 178 690 Pflag
204 623 235 676 et
258 617 398 678 Sadoleto
427 617 583 678 Cardinali
628 618 694 678 Non
723 617 827 676 mirum
856 616 934 690 qaod
960 619 1040 692 justa
1067 617 1113 676 ira
1141 621 1307 688 commotus,

102 719 165 778 licet
185 737 237 780 saa
257 721 332 781 vitia
353 737 412 782 non
434 723 505 782 sads
527 721 718 796 perspiciens,
742 721 864 780 botheri
885 721 1006 796 injurias
1024 721 1138 794 injuriis
1160 719 1308 795 rependit,

100 829 290 885 verumtamen
313 825 404 885 nobih
426 826 521 885 animo
543 826 633 884 semel
655 827 818 898 iterumque
840 841 872 884 se
895 831 1021 885 revocat.
1058 823 1218 884 Lutherum
1237 825 1307 884 hae·

98 927 212 986 reticurn
238 946 389 1004 nunquam
421 929 564 1003 nominat,
598 929 704 988 merita
731 930 793 1003 ejus
825 929 914 988 etiam
948 933 1050 1003 postea
1077 928 1217 988 audacter
1244 927 1308 1001 plus

96 1031 180 1090 semel
202 1048 305 1092 coram
325 1034 485 1108 pharisaeis
508 1033 674 1108 praedicat3
699 1032 735 1092 de
758 1033 862 1106 spiritu
885 1034 948 1106 ejus
971 1032 1093 1106 dubitat,
1116 1031 1169 1092 sed
1190 1036 1307 1091 senten-

95 1134 160 1192 tiam
192 1135 230 1196 de
268 1155 306 1198 eo
339 1155 398 1198 non
427 1137 483 1197 sibi
510 1139 630 1198 assumit
661 1135 713 1197 sed
735 1137 799 1196 Deo
826 1137 977 1210 relinquit,
1010 1143 1041 1196 et
1073 1151 1246 1210 quamquam
1276 1139 1309 1194 ut

94 1236 235 1300 Lutharus
257 1242 368 1318 ipsum,
395 1243 438 1302 ita
459 1243 522 1316 ipse
544 1241 702 1302 Lutherum
733 1246 853 1316 propter
872 1240 978 1300 indohs
1000 1241 1172 1300 varietatem
1191 1257 1308 1314 prorsus

94 1358 147 1401 non
169 1345 377 1422 intellegebat,
399 1352 498 1407 tamen
520 1347 551 1405 in
573 1346 624 1405 illo
647 1345 724 1406 bona
745 1351 775 1405 et
796 1345 874 1404 mala
896 1349 956 1404 tam
979 1345 1115 1422 religiose
1138 1345 1306 1406 mammete

93 1445 202 1522 studet,
234 1455 269 1509 ut
298 1450 428 1525 pluribus
459 1451 490 1510 in
518 1449 606 1510 rebus
633 1449 773 1510 historiae
796 1449 937 1524 iudicium
962 1449 1136 1524 anticipasse
1166 1448 1307 1510 rideatur.

94 1546 225 1625 Denique
248 1554 392 1630 singulari
414 1554 573 1629 sagacitate
595 1553 762 1628 praevidet,
787 1553 951 1627 ubicunque
971 1571 1026 1628 per
1039 1553 1183 1630 Emepam
1200 1554 1308 1614 Luthe·

93 1669 139 1712 rus
167 1671 234 1715 cum
261 1657 481 1733 praedicatione
511 1673 564 1717 sna
594 1658 763 1730 evangelica
791 1673 946 1732 oppressus
977 1658 1079 1734 fuerit,
1113 1657 1154 1718 ibi
1183 1657 1246 1720 lore
1275 1663 1307 1718 ut

93 1757 194 1818 eadem
216 1761 411 1836 sanguinaria
434 1761 572 1822 violentia
593 1766 697 1836 postea
719 1767 750 1822 et
769 1761 908 1822 fflasmus
930 1779 994 1822 cum
1017 1763 1160 1838 spirituali
1183 1767 1214 1824 et
1235 1761 1309 1822 lihe-

94 1863 145 1920 rali
172 1880 226 1924 sno
257 1865 456 1926 catholicismo
482 1866 671 1940 opprimatur.
723 1865 804 1938 Quae
835 1867 933 1926 omnia
959 1871 991 1925 ut
1019 1865 1220 1940 ostendamus,
1246 1868 1307 1940 jam

93 1967 212 2036 primum
242 1971 276 2030 in
303 1987 439 2044 magnum
467 1969 548 2029 illum
570 1969 735 2030 Erasmm
763 1970 874 2044 ingenii
897 1974 928 2029 et
948 1976 1101 2044 patronum
1124 1975 1154 2030 et
1173 1970 1309 2029 adversa·

94 2070 184 2148 num,
206 2075 372 2136 Martinam
391 2073 567 2149 lutherum,
590 2074 666 2135 oculi
685 2073 768 2134 nobis
789 2072 923 2136 vertendi
945 2081 1020 2134 suut.

669 2265 733 2326 VII.

174 2403 233 2464 illo
263 2411 393 2479 tempore
422 2410 486 2478 post
513 2402 585 2464 duos
614 2419 705 2478 papas
732 2403 803 2463 satis
826 2402 902 2462 mala
926 2402 1064 2478 famosos,
1094 2409 1159 2476 post
1180 2401 1308 2463 Alexam

95 2502 173 2564 drum
187 2507 238 2572 Vl.
264 2511 390 2570 omnium
404 2509 639 2568 scelestissimum
654 2511 773 2582 ejusque
792 2521 990 2568 successorem
1003 2507 1113 2567 dulium
1128 2507 1166 2566 ΙΙ.
1182 2509 1308 2567 omnium

96 2604 358 2688 bellicosissimum,
390 2612 557 2672 Marcamm
588 2618 829 2688 expugnatorem,
859 2611 920 2672 Leo
952 2611 989 2672 K
1022 2612 1172 2672 Modicens
1201 2613 1307 2686 triplici

94 2727 199 2776 corona
226 2717 380 2778 redimitus
411 2723 464 2778 est.
509 2716 565 2788 aui
588 2723 708 2791 propter
728 2733 841 2776 morum
862 2717 1068 2777 amoenitatem
1091 2721 1122 2777 et
1143 2717 1307 2778 litterarum

95 2829 220 2880 amorem
253 2837 359 2896 magna
388 2836 440 2896 spe
467 2826 620 2895 aceeptus,
649 2819 686 2880 de
718 2821 851 2895 ingenuis
881 2820 991 2880 artibus
1019 2823 1146 2882 omnium
1167 2837 1306 2896 paparum

94 2923 308 3004 meritissimus,
332 2923 385 2984 sed
409 2925 498 2984 animi
529 2940 721 2998 sensuumque
751 2923 976 2984 oblectationem
998 2926 1084 2998 longe
1107 2926 1198 2998 magis
1220 2941 1307 2998 quam

95 3025 267 3100 religionem
284 3045 404 3104 curans,
422 3028 460 3088 ad
475 3045 616 3088 summum
630 3025 803 3102 pontificalis
824 3030 1050 3101 omnipotentiae
1069 3029 1183 3087 culmen
1206 3045 1309 3102 perve-

94 3128 170 3188 nisse
191 3135 272 3194 visus
293 3139 346 3193 est
390 3133 437 3192 De
458 3121 509 3192 iilo
531 3133 609 3192 enim
623 3133 654 3191 in
675 3131 862 3192 servilissima
881 3132 1034 3206 concione,
1055 3147 1131 3206 quaa
1153 3133 1308 3190 concilium

95 3228 293 3297 lateranense
324 3237 487 3296 universale
511 3235 683 3309 vocabatur,
718 3241 817 3294 orator
844 3233 962 3307 quidam
982 3233 1072 3294 rerba
1093 3234 1202 3293 Psalmi
1221 3250 1307 3310 prae-
1420 3291 1424 3298 .

96 3333 212 3400 dicant:
247 3339 353 3400 Omnes
385 3355 470 3415 reges
498 3343 598 3400 terrae
632 3337 795 3399 adorabunt
826 3343 857 3397 et
886 3338 1014 3397 servient
1043 3339 1087 3412 ei,
1120 3337 1195 3399 alius
1221 3339 1307 3400 deum

96 3443 191 3504 ienae
220 3461 287 3504 eum
316 3444 491 3517 nominavit3
517 3445 583 3518 jnra
606 3444 682 3518 ejus,
706 3443 879 3517 praesertim
900 3442 931 3502 in
953 3441 1087 3518 Galliam,
1109 3444 1191 3504 novis
1212 3445 1307 3520 pactis

99 3543 247 3608 admodum
276 3546 450 3622 amplificate
477 3551 551 3607 sunt
601 3549 683 3608 llaec
713 3547 781 3608 dum
807 3564 843 3607 ex
869 3546 959 3608 medii
989 3549 1053 3608 aevi
1075 3553 1173 3610 mente
1196 3549 1306 3610 Reum

98 3659 242 3728 seruntur,
270 3653 301 3711 in
328 3652 452 3714 Suonia
480 3653 695 3726 inexspectatus
724 3653 775 3712 ille
803 3653 963 3712 animorum
993 3657 1086 3713 motus
1112 3653 1221 3728 oritur,
1250 3669 1307 3726 quo

100 3745 201 3816 fuctum
221 3772 287 3816 esse
309 3761 438 3832 constat,
460 3763 493 3816 ut
514 3757 687 3816 recentioris
709 3758 775 3817 aevi
796 3757 961 3832 ingenium,
984 3755 1093 3817 frustra
1114 3756 1307 3816 renitentibus

101 3861 247 3925 vrmtemi
279 3862 426 3937 patronis,
467 3861 618 3921 victoriam
654 3861 745 3934 magis
779 3859 926 3934 magisque
964 3859 1167 3934 reportaverit
1220 3857 1308 3928 eujus

102 3965 192 4036 magni
214 3971 307 4024 motus
324 3981 415 4038 parva
436 3965 521 4025 initia
542 3964 620 4024 haud
646 3965 734 4037 longe
759 3969 826 4038 post
849 3963 1002 4036 ingeniosa
1023 3961 1148 4035 quadam
1167 3957 1307 4034 parabola

100 4060 209 4138 depicta
231 4074 312 4142 sunt,
332 4085 418 4143 qnam
440 4074 576 4143 repetere
598 4069 654 4127 hoc
676 4068 739 4126 loeo
760 4063 883 4141 placet¹

179 4171 329 4232 lhaditum
363 4179 422 4248 est,
455 4171 560 4233 Oarolo
588 4171 622 4231 V.
650 4171 823 4245 Imperatori
853 4173 973 4246 ejusque
1006 4168 1091 4229 fratri
1120 4167 1305 4228 Ferdinaudo

100 4277 170 4350 regi,
192 4293 281 4349 quum
298 4292 375 4336 suno
397 4279 442 4336 aui
464 4277 557 4338 seculi
579 4277 728 4336 tricesimo
749 4275 930 4334 comitiorum
953 4289 1042 4334 causa
1064 4273 1213 4346 Augustae
1235 4273 1306 4332 Vin·

101 4403 349 4422 ¹⁸-u—-ae-

96 4571 108 4622 1
179 4491 207 4557 1)
225 4492 265 4542 Gi.
275 4491 407 4544 Inflant.
418 4493 501 4559 hlaine
519 4493 547 4546 in
560 4491 613 4547 rita
625 4493 761 4546 Bouchlini
780 4491 872 4558 pisid.
900 4491 1011 4542 numni
1029 4505 1107 4555 opera
1119 4488 1158 4544 ed.
1171 4485 1304 4553 Boeching

114 4611 120 4637 ,
138 4582 197 4630 881.

1019 4663 1087 4731 12*
