3156 5056
681 335 773 386 Gerus
790 334 849 386 v11.
1119 359 1128 376 ·
1319 337 1371 392 185

151 548 347 622 Nequaquam
373 547 533 622 spernebat
563 554 700 608 externas
728 550 791 623 eJus
821 551 1012 610 caerimonias
1035 557 1066 610 ιι
1089 552 1234 626 instituta,
1265 552 1370 612 sedin

149 652 271 712 interno
299 654 350 712 illo
372 652 590 712 christianismo
615 655 708 726 majus
738 654 847 728 aliquid
877 655 1008 714 tenebat·
1030 661 1118 728 atque
1141 657 1265 730 certius,
1288 663 1372 716 extra

149 758 280 815 omnium
306 757 453 816 homiuum
477 759 566 816 etiam
595 775 767 817 summorum
793 757 974 819 hierarchiae
1006 761 1170 834 principum
1193 761 1370 820 voluntatem

149 867 241 934 atque
263 861 413 920 libidinem
435 863 567 935 positum.
613 862 763 921 Diversam
787 865 954 939 materiam,
976 869 1097 924 aeterno
1113 867 1254 926 ecclesiae
1271 865 1372 925 sunda-

149 970 253 1024 mento
274 965 312 1024 ab
335 965 497 1026 hominibus
519 972 760 1042 superstructum,
783 967 829 1025 vel
843 966 1019 1042 durabilem,
1043 971 1090 1028 vel
1114 971 1182 1044 igne
1203 969 1371 1028 comburen-

148 1068 238 1144 dam,
258 1087 323 1128 cum
338 1071 467 1144 apostolo
480 1071 640 1129 christiana
652 1070 787 1130 libertate
803 1069 962 1144 dijudicare
974 1073 1066 1146 magis
1084 1073 1233 1146 magisque
1245 1071 1371 1131 didicit¹

148 1174 295 1232 Similiter
317 1179 403 1247 atque
416 1173 554 1232 Erasmus
576 1180 644 1232 tunc
667 1175 805 1247 sperabat
824 1174 901 1250 iore,
925 1181 956 1234 ut
969 1177 994 1234 si
1007 1177 1203 1250 evangelicam
1217 1178 1370 1236 veritatem

148 1294 215 1336 una
237 1294 301 1336 cum
319 1279 416 1336 moltis
437 1279 502 1337 aliis
525 1277 695 1351 aequalibus
716 1278 844 1352 doceret,
868 1296 982 1339 errores
1005 1281 1087 1353 quasi
1106 1297 1158 1339 sua
1180 1285 1281 1354 sponte
1300 1296 1370 1353 pan-

149 1382 237 1440 latim
264 1387 483 1442 evanescerent
527 1382 568 1442 Ut
596 1381 633 1440 ad
657 1399 706 1441 cos
729 1382 844 1440 fortiter
874 1384 1085 1443 conducendos
1109 1389 1140 1442 et
1161 1384 1370 1458 impugnandos

149 1485 271 1559 publice
300 1485 444 1559 prodiret,
470 1503 489 1545 a
515 1486 644 1560 patronis
674 1503 773 1545 eorum
803 1493 920 1546 coactus
947 1493 999 1548 est.
1045 1488 1118 1546 Boni
1150 1487 1228 1546 enim
1247 1489 1371 1562 pastoris

149 1607 274 1650 munere
295 1596 326 1649 et
347 1591 508 1649 animarum
532 1607 615 1661 cura,
638 1607 722 1663 quam
737 1597 921 1665 susceperat,
944 1589 1070 1650 officium
1094 1593 1122 1650 ci
1138 1593 1300 1665 impositum
1316 1597 1371 1666 est,

148 1701 185 1754 at
209 1711 273 1752 curn
294 1694 538 1769 indulgentiarum
560 1695 776 1768 nundinationi,
806 1694 893 1769 cujus'
909 1695 1118 1769 turpitudinem
1137 1696 1235 1755 Leone
1259 1701 1371 1754 mortno

150 1801 242 1860 etiam
266 1800 347 1858 multi
370 1801 526 1872 scriptores
548 1799 746 1858 Romanenses
769 1800 894 1859 confessi
917 1806 998 1875 sunt,
1021 1807 1082 1859 tum
1104 1801 1277 1874 mendaciis,
1307 1801 1370 1873 qui-

149 1904 207 1962 bus
236 1903 304 1962 illac
332 1903 370 1962 ad
396 1903 623 1976 extorquendam
642 1903 721 1977 plebi
744 1905 896 1977 pecuniam
926 1905 1148 1979 exornabantur,
1174 1905 1371 1979 evangelicam

148 2009 307 2068 vamtatem
342 2007 458 2082 publice
496 2013 665 2082 opponeret
724 2008 808 2067 Hanc
845 2026 931 2082 quum
968 2004 1129 2068 adversarii
1167 2015 1200 2068 ut
1235 1995 1370 2067 haeresin

149 2113 399 2172 calumniarentur
425 2118 456 2170 et
480 2111 517 2170 ad
540 2109 709 2170 Pontificem
732 2115 852 2186 ejusque
875 2113 987 2185 legatos
1009 2112 1086 2170 haud
1109 2113 1217 2172 frustra
1238 2129 1372 2171 recurre·

148 2221 235 2286 rent,
257 2215 294 2274 de
325 2217 405 2274 curia
428 2216 558 2274 Romana
584 2221 683 2274 tamen
712 2215 785 2274 nihil
814 2214 893 2274 aliud
917 2215 1062 2274 Lutherus
1084 2216 1168 2274 initio
1190 2201 1371 2289 praedicavit

149 2321 210 2380 nisi
236 2320 289 2394 id,
324 2319 398 2393 quod
424 2322 486 2394 jam
515 2325 603 2378 autea
632 2319 737 2379 multos
763 2318 949 2393 probissimos
977 2321 1053 2378 viros
1084 2336 1190 2393 eosque
1213 2320 1370 2379 acerrimos

149 2421 317 2498 pontificiae
340 2423 490 2497 dignitatis
512 2422 679 2483 defensores
702 2423 887 2497 praedicasse
910 2423 1040 2484 uelimus.
1087 2423 1204 2498 Papalis
1218 2424 1370 2497 potestatis

149 2528 278 2588 divinam
313 2528 455 2602 originem
490 2544 555 2586 eum
586 2527 708 2586 Erasmo
732 2543 791 2586 non
820 2543 856 2586 ex
883 2533 982 2587 mento
1009 2527 1126 2601 quidem
1155 2527 1272 2587 fabulae
1294 2527 1371 2586 illius

150 2633 310 2708 concessit,
337 2633 419 2706 quasi
442 2630 575 2691 Christus
597 2631 703 2707 Petro,
733 2632 838 2690 Petrus
860 2633 1076 2692 successoribus
1098 2633 1253 2706 imperium
1276 2631 1371 2691 eccle·

149 2739 213 2798 siae
250 2743 280 2796 et
315 2736 414 2795 muudi
446 2735 632 2810 tradidisset,
661 2752 761 2795 verum
795 2736 933 2796 historico
970 2738 1019 2810 qui
1045 2753 1123 2796 nunc
1152 2736 1257 2795 dicitur
1284 2753 1371 2795 sensu

150 2841 328 2916 singularem
357 2855 452 2914 papae
481 2841 684 2900 auctoritatem
705 2857 766 2900 non.
783 2841 914 2915 negavit,
942 2842 1078 2913 quoniam
1102 2839 1249 2913 apostolus
1268 2857 1370 2898 omncs

150 2951 325 3020 potestates,
353 2946 429 3018 quae
458 2946 530 3020 sint,
558 2961 576 3003 a
596 2944 661 3004 Deo
683 2945 831 3004 ordinatas
860 2961 923 3003 esse
946 2944 1058 3004 doceat.
1104 2943 1196 3015 Quum
1219 2960 1288 3002 vero
1308 2921 1369 3017 jam

150 3057 221 3110 tuno
248 3049 376 3110 sanando
403 3049 551 3109 Romanae
579 3051 677 3108 curiae
704 3049 804 3108 morbo
833 3065 871 3107 ue
900 3049 1043 3121 piissimus
1076 3045 1192 3120 quidem
1213 3047 1295 3120 Papa
1316 3063 1370 3119 par

152 3171 218 3216 esse
247 3155 409 3230 videretur,
439 3153 584 3214 Lutherus
610 3154 739 3214 Leonem
765 3153 817 3226 X,
846 3169 864 3210 ι
893 3168 949 3224 qao
977 3167 1042 3208 curn
1067 3150 1189 3208 Erasmo
1216 3149 1370 3222 multisque

152 3259 219 3319 aliis
242 3260 352 3334 optima
374 3274 506 3334 quaeque
530 3261 765 3334 exspectaverat,
787 3255 940 3315 Danielem
960 3255 991 3312 in
1005 3253 1163 3328 Babylone,
1185 3253 1370 3312 Ezechielem

151 3366 231 3423 inter
265 3365 431 3438 scorpiones
465 3364 588 3422 vocavit.
641 3361 790 3434 Quumque
823 3360 947 3434 bullam,
982 3374 1038 3432 qua
1074 3358 1231 3416 haereseos
1265 3355 1302 3415 ab
1336 3374 1371 3417 eo

152 3468 305 3526 damnatus
333 3474 411 3541 erat,
438 3473 593 3540 antequam
619 3466 816 3542 publicaretur
843 3464 976 3538 legisset,
1004 3463 1132 3521 instante
1162 3461 1270 3520 Leonis
1293 3460 1372 3521 cubi-

152 3572 267 3631 eniserio¹
287 3577 317 3631 et
339 3571 441 3630 nuntio
463 3571 597 3644 Miltitio,
626 3571 777 3644 epistolam
800 3567 937 3628 edilium
961 3567 1089 3642 scripsit,
1118 3582 1176 3640 qua
1198 3566 1286 3625 animi
1307 3583 1373 3625 sen-

152 3676 275 3736 tentiam
306 3682 336 3736 ιι
363 3674 497 3735 affectum
528 3680 694 3734 testaretur.
741 3673 824 3732 Hanc
850 3671 949 3731 libello
981 3670 1018 3730 de
1046 3671 1205 3730 christiana
1235 3669 1372 3728 libertato

152 3781 312 3854 composito
333 3777 491 3853 praelixam
511 3779 630 3837 Miltitio
652 3777 788 3852 tradidit,
815 3793 901 3850 quam
922 3791 1020 3835 secum
1043 3775 1163 3834 Romam
1186 3772 1287 3831 ferret.
1326 3771 1386 3829 Ita‘

153 3884 391 3944 satisfaciendum
418 3884 576 3944 christiano
600 3880 708 3956 oiiicio,
739 3885 874 3940 eventum
897 3880 960 3939 Deo
987 3877 1209 3952 relinquendum
1241 3873 1372 3932 credidit

153 3988 198 4048 Ex
224 3989 361 4064 epistola,
389 3988 585 4048 nobilissimae
610 3987 716 4046 mentis
743 3989 944 4056 monumento,
972 3997 1065 4055 pauca
1096 3981 1144 4038 hic
1164 3978 1372 4039 exscribantur.

239 4091 346 4167 ,Cava
382 4093 420 4151 mi
450 4093 511 4152 Leo
540 4097 633 4166 pater,
668 4106 738 4148 cavo
767 4089 885 4148 Sirenes
919 4088 990 4146 istos
1021 4085 1138 4158 audias,
1170 4084 1220 4157 qni
1252 4087 1291 4158 te¹
1315 4098 1373 4141 nou

154 4213 256 4272 purum
287 4198 447 4270 bominem,
475 4197 528 4256 sed
549 4197 670 4255 mixtum
691 4193 787 4253 Deum
817 4191 946 4268 faciunt,
981 4195 1014 4248 ut
1035 4189 1153 4262 quaeris
1175 4186 1314 4248 mandare
1344 4191 1374 4244 et

155 4303 273 4376 exigere
295 4301 395 4378 possis.
441 4301 507 4364 Non
528 4299 580 4362 bet
601 4301 644 4358 ita
665 4315 721 4358 nec
743 4295 933 4371 praevalebis.
978 4293 1084 4352 Servus
1107 4307 1254 4352 servorum
1275 4307 1324 4364 es,
1344 4295 1375 4349 ιι

98 4441 115 4476 .
154 4423 226 4480 prae
252 4405 385 4465 omnibus
410 4405 573 4474 hominibus
598 4404 759 4470 miserrimo
790 4407 821 4463 et
849 4397 1092 4476 periculosissimo
1122 4396 1194 4455 loeo.
1246 4395 1312 4454 Nou
1342 4399 1373 4452 te

244 4618 271 4688 1)
291 4618 380 4676 1001.
401 4622 431 4682 3,
452 4622 573 4676 ta—-rt
