3156 5056
670 269 762 318 01111
781 269 837 320 VII.
1274 261 1277 268 ’
1307 273 1358 327 199

762 358 1313 370 ----------
1324 364 1355 370 --.

144 484 308 542 Hebraieae
332 499 416 542 11111
441 480 678 556 exspectante,
705 484 751 540 cui
776 484 897 542 multum
920 501 1010 557 opera
1031 485 1168 560 dederat,
1193 489 1358 559 germanice

143 587 277 646 reddidit.
324 587 405 658 Quod
437 593 495 646 tam
527 585 680 660 magnifice
712 604 779 646 eum
808 587 967 660 perfecisse
999 589 1138 648 Gnathins
1166 591 1293 666 judicat,
1327 599 1360 650 11

143 691 316 764 paucissima
336 692 408 765 sint,
431 707 506 763 quae
525 690 630 750 melius
653 691 815 764 eloquenda
837 697 1022 764 suscepturus
1045 694 1091 750 111
1129 693 1272 764 Quantum
1294 697 1358 769 ipse

143 797 211 854 huic
234 796 419 854 Lutberanae
449 810 596 852 sacrarum
624 795 787 854 litterarum
810 797 936 855 versioni
962 797 993 854 in
1019 796 1161 870 fingendis
1183 799 1358 860 carminibus

143 900 292 974 debuerit,
321 900 438 972 saepius
465 897 645 959 1111111111.1
690 900 735 958 Er
765 900 820 958 boo
848 901 1026 974 potissimum
1055 901 1136 960 fonte
1167 902 1217 960 ille
1247 908 1279 962 et
1308 905 1359 962 1111

143 1005 244 1062 summi
272 1005 428 1076 scriptores
453 1004 627 1062 recentioris
653 1004 772 1063 dialecti
794 1004 988 1064 Germanicae
1015 1006 1168 1065 thesauros
1195 1007 1260 1066 illos
1287 1009 1358 1067 hau·

143 1116 257 1181 serunt,
292 1125 363 1181 quos
391 1107 550 1166 admiratus
580 1109 745 1181 nuperrime
774 1110 913 1168 Italorum
943 1115 1031 1182 poeta
1058 1111 1189 1183 qnidam,
1223 1111 1357 1185 egregius

142 1213 303 1272 suavissimi
324 1213 466 1271 sermonis
484 1213 529 1270 111
547 1213 700 1272 domestici
720 1211 840 1286 artifex,
864 1211 1067 1272 Germanicam
1082 1215 1210 1287 linguam
1226 1214 1358 1274 Graecae

141 1319 234 1376 instar
256 1319 483 1390 omnipotentem
505 1313 645 1375 vocavit.²

229 1421 343 1494 Quippe
365 1421 511 1480 Lutherns
539 1421 629 1480 etiam
655 1437 758 1495 prosae
788 1422 913 1480 urationi
942 1427 1058 1482 1111111
1081 1439 1223 1482 summurn
1245 1423 1358 1482 roboris

142 1532 174 1584 et
201 1525 424 1600 pulchritudinis
453 1526 615 1598 exemplum
640 1526 804 1598 proposuit,
834 1525 872 1583 ad
899 1526 974 1598 quod
1002 1527 1048 1584 vix
1076 1533 1145 1586 ante
1174 1527 1355 1602 Lessingium

141 1631 258 1703 propios
280 1630 385 1702 aliquis
408 1630 513 1688 itemm
535 1631 671 1702 accessit,
690 1629 766 1703 quod
790 1629 875 1688 hodic
891 1647 1005 1702 quoquc
1020 1631 1130 1688 nemini
1144 1632 1357 1706 neglegendum

141 1751 206 1793 esse
228 1734 355 1792 Jaccbus
377 1733 488 1792 Grimm
515 1735 634 1792 monuit.
686 1733 789 1806 Neque
812 1739 872 1792 tarn
893 1734 1035 1792 immensa
1057 1737 1120 1808 ejus
1142 1736 1180 1794 de
1202 1740 1356 1796 vernaculo

140 1854 274 1896 sermone
303 1839 409 1897 merita
438 1839 703 1911 praestantissimos
734 1839 797 1912 ejus
826 1839 965 1910 aequales
991 1837 1136 1910 fugerunt
1181 1840 1226 1898 Er
1253 1841 1356 1914 quibus

140 1942 294 2003 Sleidanus
316 1943 400 2016 dicit,
423 1941 582 2000 Lutherum
605 1943 635 1999 11
658 1941 832 2002 Germanica
853 1943 966 2015 lingua,
989 1959 1074 2014 quam
1096 1943 1251 2016 plurimum
1271 1961 1357 2003 orna·

140 2049 218 2106 verit
246 2053 276 2106 11
305 2046 539 2120 locupletaverit,
569 2047 692 2119 primam
722 2045 838 2104 laudem
869 2045 1017 2120 obtinere,
1045 2047 1167 2105 vertisse
1201 2064 1218 2106 1
1248 2047 1355 2108 Latino

139 2169 287 2224 sermone,
309 2167 384 2224 quae
407 2152 559 2211 11111111
581 2167 665 2223 mssa
689 2155 875 2223 putarentur,
903 2147 1174 2222 significantissimis
1196 2152 1238 2208 uti
1258 2151 1355 2210 verbis

139 2257 321 2328 maximeque
344 2257 480 2330 propriis,
503 2261 534 2314 et
556 2256 642 2314 unica
661 2271 731 2313 voce
755 2271 818 2313 rem
840 2253 985 2312 interdum
1008 2253 1044 2312 ob
1068 2253 1167 2312 oculos
1191 2271 1309 2326 ponere.

227 2361 338 2418 Harum
364 2377 477 2434 rerum,
505 2361 591 2418 sicuti
613 2360 739 2418 omnium
762 2375 836 2432 quae
859 2375 947 2430 supra
968 2358 1005 2416 de
1026 2357 1156 2416 Luthero
1179 2359 1355 2434 scripsimus,

139 2465 302 2538 largissima
326 2464 500 2522 documenta
529 2465 560 2522 in
590 2465 668 2522 illius
697 2463 832 2536 operibus
854 2464 886 2520 in
909 2468 1044 2535 promptu
1066 2469 1140 2520 sunt
1184 2463 1267 2521 Haec
1289 2469 1355 2537 post

139 2575 261 2628 mortem
284 2569 399 2628 demum
422 2570 485 2641 ejus
507 2569 652 2640 paulatim.
669 2567 793 2626 collecta
821 2561 910 2646 (quae
935 2566 1052 2639 quidem
1079 2583 1214 2640 magnum
1240 2572 1354 2640 partam

139 2689 196 2731 non
217 2673 255 2732 ab
277 2674 339 2745 ipso
362 2673 539 2745 conscripta,
562 2673 614 2732 sed
637 2690 672 2731 cx
696 2688 747 2732 ore
769 2672 914 2744 loquentis
935 2671 971 2728 ab
995 2671 1112 2730 1111111
1135 2671 1266 2732 chartam
1288 2687 1355 2729 con·

136 2777 216 2847 jecta
246 2771 326 2854 sunt)
360 2778 506 2849 ingentem
541 2776 645 2836 molam
674 2777 817 2849 praebent
845 2775 1023 2833 multitudini
1056 2792 1131 2833 nunc
1167 2776 1354 2834 1111111111.

138 2880 239 2939 limae
271 2881 401 2940 laborem
429 2880 591 2955 Lutbems,
620 2882 645 2939 11
672 2881 825 2940 bibliorum
855 2879 1016 2938 versionem
1048 2879 1191 2952 excipias,
1221 2879 1354 2938 similiter

138 2991 226 3056 atque
242 2984 389 3059 Erasmus,
404 3002 524 3058 perraro
540 2984 684 3057 adhibuit,
703 2985 762 3042 suis
776 2983 944 3056 aequalibus
959 2981 1083 3040 officium
1099 2999 1185 3055 quarn
1202 2983 1353 3042 celerrime

137 3095 288 3160 praestare
311 3087 429 3147 studuit.
474 3089 568 3147 Multa
589 3090 619 3146 in
642 3089 756 3160 scriptis
780 3090 842 3160 ejus
861 3089 928 3160 jure
951 3087 997 3144 vel
1018 3085 1284 3159 reprehenduntur,
1307 3087 1353 3144 vel

139 3197 288 3265 tamquam
302 3207 321 3250 1
335 3199 452 3253 1111111
473 3194 578 3252 acutis
594 3192 762 3250 condicione
777 3191 862 3248 nimis
878 3191 975 3248 aliena
995 3195 1185 3262 seponuntnr;
1209 3190 1353 3262 permulta

139 3297 309 3370 dignissima
330 3303 409 3371 sunt,
432 3315 506 3370 quae
527 3297 615 3356 ctiam
638 3313 716 3354 nunc
738 3312 757 3353 a
778 3295 847 3353 viris
868 3293 1103 3366 prudentioribus
1125 3293 1261 3367 religiose
1282 3309 1353 3366 pon·

137 3401 292 3476 darentur,
327 3403 424 3460 omnia
457 3403 482 3459 si
516 3403 605 3474 probe
640 3401 836 3472 excutiantur,
869 3399 995 3472 amplum
1030 3397 1101 3456 illud
1135 3397 1283 3472 ingenium
1314 3397 1370 3472 ad,

138 3504 348 3564 diversissimas
375 3511 474 3579 partes
496 3505 694 3578 suscipiendas
717 3504 897 3578 aptissimum
922 3503 983 3574 jam
1008 3502 1075 3560 11111
1096 3517 1168 3575 prae
1191 3519 1223 3560 11
1246 3501 1352 3560 lerunt.

226 3609 317 3682 Hujus
347 3610 391 3668 rei
417 3610 570 3683 Erasmus,
597 3615 748 3684 postquam
772 3607 893 3666 Lutheri
918 3605 1103 3666 adversarius
1133 3607 1258 3679 exstitit,
1289 3611 1349 3664 tam

138 3713 270 3787 insignis,
294 3729 380 3786 quarn
407 3714 514 3772 invitus
536 3719 567 3771 et
591 3713 698 3772 inscius
721 3713 804 3771 testis
827 3717 899 3772 erat
946 3711 1000 3783 Qui
1022 3712 1054 3768 in
1076 3711 1275 3783 hyperaspiste
1298 3726 1351 3767 suo

138 3818 215 3876 illius
236 3819 446 3892 eloquentiam,
468 3819 524 3878 etsi
546 3835 583 3876 ex
605 3818 674 3876 solis
694 3816 808 3875 Latinis
830 3817 944 3888 scriptis
966 3815 1004 3874 de
1027 3831 1063 3873 ea
1081 3813 1207 3887 judicat,
1228 3829 1352 3870 summo-

138 3925 208 3994 pbre
238 3922 410 3995 admiratus,
441 3923 497 3980 vim
526 3924 603 3996 ejus,
632 3921 764 3979 alludens
787 3919 825 3978 ad
847 3937 884 3978 es
904 3935 979 3992 quae
1002 3917 1142 3976 Horatius
1164 3915 1202 3974 de
1224 3914 1350 3972 Pindaro

137 4025 300 4100 praedicat,
322 4028 482 4101 praeclaris
501 4027 547 4086 bis
570 4025 664 4084 verbis
684 4025 837 4084 describit:
860 4024 946 4098 ,Novi
969 4023 1109 4095 impeturn
1128 4025 1196 4078 tuae
1212 4019 1351 4077 orationis

138 4135 169 4188 et
200 4136 360 4190 torrentem
389 4131 470 4189 illum
499 4131 612 4204 ingenti
641 4128 757 4202 fragore
787 4129 824 4188 de
856 4131 953 4186 monte
983 4125 1186 4186 decurrentem
1216 4140 1252 4182 ac
1282 4137 1352 4181 sara

138 4241 311 4308 truncosque
331 4252 429 4294 secum
450 4235 633 4309 1111111111.ι
677 4232 736 4294 Sed
757 4234 861 4290 mirum
884 4232 915 4289 in
936 4229 1052 4289 modum
1075 4229 1185 4288 erravit
1204 4227 1351 4300 Erasmus,

228 4479 253 4531 11
274 4472 383 4533 Wcrke,
402 4468 520 4536 Ausgabe
538 4472 627 4521 letcter
645 4469 721 4519 fland
741 4470 771 4526 V.
787 4475 832 4526 3⁵23
854 4467 902 4527 VI,
916 4473 957 4516 61.

228 4560 254 4624 l)
273 4561 383 4621 ,Quarta
395 4559 481 4610 nobile
493 4559 596 4623 lingna,
616 4558 788 4622 omnipotente
801 4571 871 4605 come
884 4555 911 4605 la
923 4555 1022 4604 Grcca‘
1051 4551 1211 4603 Bernardino
1222 4550 1350 4602 aaudiat
