3202 5058
211 285 245 338 10
695 285 797 332 Pataris
820 283 929 334 Pacorus

210 500 343 559 similiter
371 499 561 558 sentientibus
590 499 710 556 intimae
741 499 887 557 amicitiae
915 499 1123 558 consuetudine
1155 499 1324 570 conjunctus
1346 501 1421 556 erat.

210 604 291 664 Idem
313 603 531 662 necessitudinis
548 605 691 662 vinculum
713 609 813 662 nostra
833 604 1135 663 memoriaMelchiori
1156 603 1193 662 de
1206 602 1419 680 Diopenbroch,

210 709 343 782 episcopo
367 708 597 782 Vratislaviensi,
628 709 770 767 intererat
800 725 865 767 curu
894 709 956 767 viro
980 709 1084 768 eximio
1106 709 1280 780 Passauant,
1308 706 1420 764 medico

211 813 454 871 Francofurteusi.
499 813 553 883 Qui
583 812 723 886 quamde
746 813 882 874 sanandis
905 813 1075 886 quibusdam
1097 811 1246 872 Romanae
1268 811 1419 869 Ecclesiae

211 917 322 975 damnis
355 915 393 974 ad
427 919 590 990 episcopum
625 919 803 992 scripsisset,
836 917 882 976 bic
915 919 1082 991 plenissime
1118 919 1145 976 ei
1180 911 1330 975 assensit¹
1387 915 1421 972 ln

191 1001 331 1094 ⁴utraque
358 1022 491 1080 nimirum
520 1023 645 1081 ccclesia
666 1023 762 1081 inesse
785 1023 937 1097 putabant,
955 1039 1031 1095 quae
1053 1023 1260 1081 reformatione
1283 1027 1420 1095 egerent,

210 1142 267 1198 qua
289 1127 427 1198 paulatim
448 1132 568 1200 peracta
586 1127 741 1200 sperabant
764 1127 841 1202 fore,
865 1133 898 1186 ut
919 1127 1045 1186 omnium
1061 1127 1288 1184 Christianorum
1304 1141 1421 1183 coneor-

211 1229 260 1288 dia
278 1231 392 1290 restitui
415 1231 532 1290 tandem
553 1232 706 1305 aliquando
727 1238 831 1305 posset.
875 1232 921 1290 Ad
936 1231 1059 1290 eandem
1074 1233 1249 1289 senteutiam
1264 1229 1421 1288 doctissimi

211 1335 317 1408 quique
347 1335 612 1409 religiosissimique
647 1337 772 1410 theologi
800 1336 1062 1396 Romauocatholici
1088 1334 1221 1408 perducti
1250 1341 1331 1408 suut,
1366 1334 1421 1392 etsi

208 1439 333 1513 juvenili
359 1439 463 1498 ardore
493 1441 760 1514 protestantismum
783 1442 923 1500 acerrime
946 1455 1113 1514 oppugnare
1137 1445 1301 1513 coeperant.
1341 1437 1422 1510 Quod

213 1543 325 1601 scilicet
352 1550 432 1604 recte
458 1543 524 1603 fieri
545 1562 603 1604 uon
624 1563 708 1618 posse
729 1546 865 1605 ridebant
894 1547 950 1604 nisi
971 1545 1168 1618 spiritualibus
1190 1545 1279 1602 armis
1301 1544 1337 1602 ab
1360 1545 1422 1615 ipso

212 1649 446 1719 protestantismo
468 1648 647 1722 mutuandis,
677 1667 741 1708 curu
768 1650 812 1707 his
834 1651 921 1708 arnds
943 1665 1012 1708 vero
1034 1665 1149 1722 semper
1169 1649 1278 1721 aliquid
1299 1663 1423 1719 evange·

213 1751 262 1808 lici
286 1752 402 1823 spiritus
426 1748 629 1813 asciscebant.'
658 1754 691 1812 ld
712 1757 742 1813 in
759 1755 891 1814 Mbhlero
915 1755 1097 1827 conspicuum
1120 1757 1180 1827 est,
1209 1754 1257 1826 qui
1280 1753 1423 1812 Schleier-

215 1855 343 1914 macberi
374 1857 517 1930 quondam
552 1863 582 1917 et
604 1858 734 1918 Neandri
767 1859 898 1932 auditor,
935 1865 1038 1932 postea
1069 1858 1314 1933 ingeniosissimus
1345 1857 1424 1914 inter

215 1961 394 2019 recentiores
417 1961 606 2021 catholicismi
629 1961 777 2037 defensor,
800 1965 1026 2037 protestantismi
1051 1965 1219 2036 insectator,
1240 1967 1423 2020 tamencum

216 2066 390 2140 evangelicis
413 2065 449 2125 de
469 2067 611 2140 spirituali
635 2069 777 2128 ecclesiae
798 2067 984 2127 fundamento
1007 2061 1153 2147 (similiter
1172 2073 1259 2140 ablue
1274 2060 1425 2144 Erasmus)

215 2171 288 2229 mire
317 2168 488 2245 congruit3⁸
518 2189 607 2246 quare
638 2191 694 2232 nou
723 2175 810 2233 aliter
830 2191 915 2246 quam
934 2173 1074 2232 Hirscher
1104 2173 1212 2245 aliique
1234 2174 1297 2244 ejus
1318 2169 1426 2228 similes

215 2275 342 2349 theologi
356 2277 477 2336 Jesuitis
497 2278 605 2336 invisus
628 2296 692 2338 esse
713 2281 820 2352 coepit,
843 2278 896 2336 sed
917 2283 1101 2351 praematura
1121 2293 1197 2335 mors
1220 2277 1344 2356 graviori
1360 2291 1426 2333 eum

215 2381 367 2438 certamini
404 2381 518 2454 eripuit.
566 2382 612 2440 Ad
645 2383 700 2441 boc
730 2382 956 2441 contrahendum
988 2383 1126 2454 deinceps
1153 2381 1297 2439 Nestorea
1329 2384 1427 2438 aetate

217 2489 403 2542 conservatus
435 2491 479 2544 est
507 2485 726 2561 Doellingerus,
759 2488 803 2544 vir
832 2491 863 2546 st
897 2488 1013 2558 iugenio
1042 2492 1129 2559 atque
1158 2485 1320 2544 eruditione
1349 2485 1427 2542 inter

192 2623 193 2626 =
218 2604 318 2647 omnes
338 2594 503 2663 praestans,
524 2607 594 2663 quos
616 2591 827 2650 recentioribus
850 2591 1027 2664 temporibus
1037 2589 1310 2650 Romauocatholiea
1325 2587 1428 2646 Eccle-

218 2693 263 2752 sia
287 2695 402 2767 genuit,
433 2698 464 2752 et
493 2695 668 2755 christianae
698 2697 872 2754 sinceritatis
894 2701 981 2768 atque
1004 2696 1184 2754 constantiae
1208 2694 1339 2766 exemplo
1361 2709 1429 2766 per·

218 2798 313 2856 multis
336 2799 436 2856 amicis
459 2799 662 2873 discipulisque
680 2801 857 2860 carissimus.
902 2801 958 2872 Qui
979 2817 1066 2872 quum
1088 2798 1199 2872 pridem
1214 2798 1312 2856 hostili
1327 2797 1429 2856 adver·

217 2919 266 2962 sus
290 2902 489 2962 Protestautes
519 2903 623 2964 ardore
647 2906 774 2964 eminere
803 2907 880 2964 visus
911 2910 1007 2978 esset,
1035 2922 1111 2963 nunc
1138 2910 1169 2963 ct
1196 2904 1281 2976 longe
1308 2902 1429 2974 justiore

218 3013 305 3080 atque
335 3011 473 3081 aequiore
497 3009 534 3068 de
556 3011 592 3068 iis
616 3009 725 3084 judicio
754 3016 785 3068 et
811 3009 901 3084 probo
923 3011 1002 3083 pacis
1025 3025 1089 3067 enm
1110 3010 1146 3068 iis
1167 3007 1313 3067 iucundae
1336 3007 1430 3065 studio

218 3129 285 3171 suos
305 3113 484 3187 praecedere
515 3115 631 3189 nititur,
660 3115 794 3174 ardorem
815 3115 896 3172 illum
918 3115 1008 3172 multo
1030 3115 1122 3186 magis
1145 3113 1283 3171 adversus
1306 3128 1342 3170 ea
1363 3127 1431 3168 con-

219 3225 348 3293 vertens,
374 3237 449 3294 quae
478 3225 511 3279 nt
539 3221 570 3280 iu
599 3221 680 3280 curia
709 3226 740 3280 et
767 3220 892 3279 ecclesia
916 3219 1048 3279 Romana
1077 3219 1293 3292 corrigerentur
1320 3215 1430 3275 tamdiu

219 3323 326 3382 frustm
347 3327 523 3397 postulatum
543 3331 595 3385 est.
1276 3375 1279 3382 .

308 3425 444 3485 Ceterum
470 3429 662 3502 perniciosam
687 3429 743 3486 vim
773 3429 949 3487 Jesuitarum
975 3444 1088 3486 omnem
1117 3425 1353 3486 reformationem
1380 3423 1431 3484 de-

220 3531 406 3589 trectantium
433 3534 494 3606 jam
521 3537 590 3590 tuuc
618 3533 668 3591 ille
695 3531 892 3606 significabat,
920 3550 1006 3606 quum
1025 3533 1146 3590 meliora
1168 3531 1261 3590 adhuc
1282 3531 1318 3590 de
1340 3530 1433 3588 Roma

221 3649 359 3709 sperans,
382 3637 444 3708 ipse
464 3635 690 3696 Ultramontanis
713 3637 930 3710 adnumeratus,
954 3653 972 3694 a
994 3637 1114 3695 Bararis
1137 3651 1213 3694 auno
1235 3637 1319 3710 hujus
1342 3634 1431 3692 seculi

220 3738 441 3814 quadragesimo
475 3745 577 3800 octavo
603 3741 824 3801 Francofurtum
855 3741 893 3800 ad
922 3741 1045 3800 Comitia
1074 3739 1247 3800 Germanica
1281 3739 1432 3812 delegatus

222 3853 274 3905 est
319 3844 376 3904 Ubi
409 3861 496 3918 quum
523 3847 585 3919 jam
620 3845 657 3905 de
691 3847 892 3906 constituendo
923 3847 1050 3919 Imperio
1079 3844 1251 3903 Germanico
1286 3847 1432 3915 ageretur,

221 3950 426 4025 Doellingerus
448 3949 667 4010 celeberrimam
689 3952 768 4010 illam
791 3951 935 4011 libertatis
950 3951 1167 4010 ecclesiasticae
1182 3948 1333 4008 formulam
1348 3946 1432 4005 rede·

120 4061 122 4064 '
221 4056 265 4128 git
293 4062 324 4114 et
346 4058 508 4130 proposuit,
539 4071 613 4129 quae
635 4057 719 4129 paulo
741 4063 807 4130 post
828 4058 859 4114 in
880 4057 964 4130 regui
985 4053 1128 4114 Borussici
1158 4049 1434 4133 ,Constitutionem‘

223 4165 343 4231 accepta
363 4165 423 4233 est,
453 4161 504 4220 sed
523 4159 634 4220 addidit
655 4161 854 4220 condicionem
876 4162 936 4220 sive
956 4161 1168 4233 exceptionem,
1190 4174 1276 4231 quam
1299 4157 1322 4216 si
1344 4156 1435 4214 Bero-

223 4263 352 4322 lineuses
378 4263 521 4324 libertatis
550 4270 712 4324 assertores
738 4271 819 4326 recte
848 4265 1061 4339 ponderasseut
1088 4269 1119 4322 et
1147 4264 1207 4336 legi
1235 4261 1437 4336 inseruissent,

314 4505 339 4570 1)
357 4502 444 4555 Briefe
461 4519 512 4552 ron
530 4503 625 4563 Sallen,
643 4501 823 4565 Diepcnhrock
840 4500 892 4574 und
912 4501 1053 4551 Passaraut
1073 4505 1138 4552 laod
1156 4515 1181 4564 p.
1202 4503 1243 4551 20.

314 4591 339 4656 2)
359 4591 397 4642 ct.
416 4591 439 4641 J.
459 4589 581 4654 Nitasch,
597 4591 724 4654 Vortrdgc
744 4589 805 4638 iiber
824 4587 865 4638 die
884 4587 1033 4638 christliche
1053 4585 1251 4637 Glaubenslsbre
1268 4600 1294 4648 p.
1313 4586 1370 4632 161.
