3144 5092
676 269 764 327 Oaror
782 271 815 326 V.
1308 274 1358 329 131

128 363 289 372 -—.-.-—-.

123 473 243 533 hiscere
266 472 355 533 etiam
378 473 416 533 dc
438 475 526 534 rebus
548 475 733 535 naturalibus
755 473 880 535 liceat‘l
926 475 1023 536 Simul
1046 474 1211 550 Galilaeus,
1231 476 1293 552 jam
1316 494 1359 551 eo,

126 581 207 658 quod
231 598 302 641 suos
325 581 507 642 adversarios
530 583 620 642 etiam
642 582 674 642 in
692 559 855 660 Keplerum
877 582 1137 643 vehementissime
1159 583 1261 643 invehi
1279 583 1360 643 vide·

125 689 191 763 bat,
214 689 324 750 veteris
347 689 434 749 amici
457 690 546 750 etiam
568 695 658 768 atque
680 691 769 750 etiam
792 691 1056 766 commonefactus,
1083 695 1183 750 tamen
1205 691 1360 750 evitandae

127 795 309 873 suspicionis
337 814 427 857 causa
453 797 617 872 litterarum
645 799 854 858 commercium
881 817 950 859 eum
977 817 1011 858 eo
1033 798 1232 875 redintegrare
1254 798 1358 858 noluit.

128 901 224 976 Quem
247 922 316 964 vero
338 905 470 964 animum
494 924 564 983 erga
586 923 654 966 eum
678 907 839 966 servaverit
861 911 892 966 et
914 925 1003 984 quam
1026 906 1160 984 impense
1180 905 1360 984 reipublicae

128 1011 289 1072 litterariae
325 1012 479 1072 vinculum
511 1014 607 1074 varios
639 1013 765 1091 populos
797 1013 997 1091 complectens
1029 1014 1106 1074 tueri
1138 1017 1168 1073 et
1198 1031 1360 1092 propagare

129 1117 291 1194 studuerit,
323 1137 383 1179 una
415 1119 541 1197 epistola
573 1121 645 1181 satis
677 1126 803 1182 testatur
834 1121 923 1199 paulo
956 1127 1024 1198 post
1055 1121 1091 1180 ad
1123 1120 1210 1180 illurn
1242 1121 1359 1198 scripta.
1393 1197 1395 1202 Ι

129 1225 186 1285 Cui
219 1218 333 1286 a'ddidit
360 1228 534 1302 ,orationem
562 1228 762 1288 adulescentis
790 1229 822 1288 in
849 1228 930 1289 omni
957 1228 1130 1289 humaniore
1157 1233 1188 1288 et
1215 1229 1360 1289 severiore

128 1333 295 1393 litteratius
323 1335 533 1410 excultissimi,
562 1355 637 1414 quae
664 1337 788 1396 mirifice
814 1337 852 1395 ad
874 1335 996 1414 Kepleri
1023 1335 1155 1413 palatum
1182 1341 1213 1396 et
1238 1343 1360 1413 gustum

129 1441 229 1500 lutura
251 1445 348 1502 essetf
398 1443 496 1504 Simul
518 1462 587 1504 vero
609 1444 701 1504 alium
724 1445 752 1504 ei
774 1444 960 1504 commendat
979 1444 1120 1521 juvenem
1142 1443 1225 1504 hisce
1246 1444 1358 1504 verbis:
1426 1513 1429 1520 ,

128 1548 311 1626 ,Stephanus
331 1549 454 1610 Bossius
473 1551 716 1627 Mediolanensis,
740 1551 792 1630 qui
815 1552 869 1611 has
888 1551 940 1611 tibi
960 1551 1074 1626 reddet,
1098 1550 1129 1610 in
1147 1551 1360 1612 remotissimas

127 1657 202 1716 istas
236 1657 370 1733 regiones
402 1659 611 1735 proficiscitur,
648 1677 707 1720 non
739 1659 858 1719 divitias
890 1659 1078 1738 perquirens,
1115 1659 1168 1720 sed
1202 1659 1359 1734 doctrinas,

127 1781 184 1823 nec
203 1764 301 1824 studet
319 1765 542 1842 patrimonium,
566 1766 618 1827 sed
636 1767 762 1827 virtutes
780 1785 902 1845 augere3
926 1767 1017 1827 immo
1034 1766 1131 1827 libens
1150 1766 1360 1845 patrimonium

127 1871 292 1948 impendet,
320 1877 354 1932 ut
382 1871 535 1934 seientiam
563 1879 718 1952 comparet.
765 1874 928 1952 Praecipue
954 1893 1024 1934 vero
1047 1874 1213 1934 matheseos
1236 1873 1359 1934 scientia

127 1979 273 2055 pervellat
300 1980 425 2040 erudiri:
455 1981 520 2041 ideo
548 1982 586 2041 ad
608 1987 639 2041 te
661 1999 821 2059 properans
844 2000 892 2042 me
915 1999 1102 2058 summopere
1124 1981 1298 2056 obsecravit,
1326 1985 1360 2040 ut

128 2103 162 2145 se
188 2087 242 2146 tibi
269 2087 307 2147 de
333 2087 455 2148 meliore
482 2094 551 2149 nota
579 2089 822 2149 commendarem.
869 2087 952 2163 Quod
981 2107 1034 2165 ego
1057 2087 1238 2166 longioribus
1260 2088 1359 2148 verbis

128 2211 187 2252 non
211 2211 278 2253 sum
301 2195 446 2270 facturus,
476 2203 522 2256 sat
545 2197 624 2256 enim
648 2196 751 2271 luerit,
779 2197 897 2274 quade
919 2213 1008 2256 causa
1031 2213 1063 2256 se
1085 2196 1139 2255 tibi
1162 2195 1359 2256 commendari

127 2300 256 2360 voluerit
283 2303 438 2364 indicasse.
485 2303 550 2363 Hoc
577 2310 676 2363 tamen
704 2321 765 2364 non
791 2310 852 2363 tam
880 2303 963 2363 illius
990 2321 1079 2381 quam
1106 2321 1172 2363 mea
1198 2320 1286 2362 causa
1308 2303 1359 2362 ad·

125 2408 240 2488 jiciam:
273 2409 413 2470 Roscium
447 2411 488 2470 ita
519 2412 650 2472 officiose
680 2416 710 2472 et
736 2411 896 2488 prolixiore
923 2410 1115 2471 beneficentia
1141 2409 1229 2471 velim
1259 2427 1358 2487 prose·

128 2517 243 2593 quaris,
272 2523 306 2576 ut
328 2518 434 2594 adea,
459 2537 534 2597 quae
557 2525 608 2578 tua
631 2525 736 2597 sponte
759 2520 892 2579 facturus
915 2537 960 2596 es,
984 2537 1043 2579 non
1065 2537 1170 2596 parum
1193 2537 1258 2578 mea
1280 2521 1358 2578 eom·

129 2623 316 2684 mandatione
338 2625 474 2686 videatur
495 2627 695 2687 accessisse‘2

234 2731 346 2792 Eodem
368 2751 459 2809 anno,
483 2752 542 2812 quo
560 2734 709 2812 Keplerus
731 2735 764 2794 in
783 2734 941 2796 Germania
963 2734 1027 2795 diro
1049 2733 1127 2795 bello
1149 2733 1258 2811 agitata
1275 2750 1358 2811 pere

128 2839 250 2915 grinans
273 2859 340 2900 cum
363 2841 414 2918 pio
436 2841 505 2901 fidei
525 2841 710 2902 Christianae
732 2843 901 2903 testimonio
919 2849 1053 2903 mortuus
1072 2841 1148 2916 est,⁸
1170 2840 1262 2902 seculi
1281 2859 1358 2900 anno

128 2946 278 3007 tricesimo
306 2947 470 3024 Galilaeua,
498 2949 631 3010 conlecto
659 2967 746 3027 opera
773 2968 840 3025 suo,
872 2955 907 3010 ut
933 2949 998 3024 ejus
1025 2948 1214 3027 imprimendi
1241 2947 1358 3007 veniam

128 3054 285 3130 obtineret,
313 3055 437 3116 Romam
465 3074 497 3116 se
525 3057 658 3118 contulit.
704 3057 793 3116 Haud
819 3075 914 3134 pauca
940 3057 973 3115 in
999 3075 1046 3131 eo,
1074 3074 1133 3115 non
1160 3055 1247 3114 ahter
1268 3061 1357 3132 atque

127 3161 161 3220 in
193 3167 301 3222 statera
333 3163 448 3223 auraria
480 3164 621 3240 inveniri,
653 3181 728 3242 quae
755 3182 876 3224 erronea
900 3163 1075 3241 jamdudum
1102 3165 1251 3239 comperta
1278 3165 1356 3236 sunt,

127 3287 188 3329 non
221 3275 267 3330 est
299 3271 377 3348 quod
409 3272 564 3350 miremrrr;
596 3271 757 3350 permulta,
789 3289 864 3350 quae
896 3275 926 3332 et
952 3269 989 3330 ad
1016 3269 1235 3348 philosophiam
1263 3273 1293 3328 et
1320 3268 1356 3327 ad

126 3381 250 3438 naturae
276 3379 475 3455 cognitionem
502 3379 680 3456 pertinentia
706 3379 747 3439 ibi
773 3378 925 3456 leguntur,
952 3377 1108 3438 verissima
1130 3382 1161 3438 et
1182 3375 1357 3454 gravissima

128 3489 212 3559 sunt,
236 3485 470 3562 splendidissimi
493 3487 606 3564 ingenii
629 3492 818 3547 monumenta
840 3486 952 3564 omnia;
976 3486 1140 3546 certissima
1164 3483 1357 3562 Copernioani

127 3593 300 3667 systematis
327 3599 514 3670 argumenta,
547 3595 655 3672 partim
682 3595 718 3654 ab
746 3595 812 3672 ipso
839 3593 981 3672 scriptore
1008 3611 1112 3654 recens
1139 3597 1267 3670 reperta,
1295 3595 1356 3650 tam

128 3700 272 3776 sagaciter
294 3705 325 3760 et
346 3702 504 3780 perspicua
527 3707 730 3780 exponuntur,
753 3708 788 3761 ut
809 3701 846 3761 ad
869 3701 958 3761 fidem
981 3701 1065 3761 illius
1087 3701 1237 3760 doctrinae
1259 3697 1355 3758 erudi·

126 3807 243 3868 tissimo
275 3809 383 3887 cuique
414 3807 584 3888 aequalium
616 3809 781 3870 faciendam
813 3809 893 3869 haud
924 3827 1029 3888 parum
1061 3807 1224 3868 contulerit.
1275 3805 1356 3865 Haec

127 3933 197 3974 vero
229 3917 388 3992 sententia,
421 3935 514 3996 qmrm
546 3917 644 3995 palam
672 3935 737 3978 eam
764 3917 895 3994 profiteri
922 3935 981 3976 non
1007 3915 1121 3990 liceret,
1154 3931 1260 3990 magna
1287 3930 1355 3973 cum

126 4028 189 4083 arte
211 4022 244 4082 in
264 4023 473 4102 disputationis
492 4025 615 4086 formam
634 4025 751 4086 redacta
768 4029 822 4085 est.
859 4023 965 4102 Itaque
984 4023 1134 4084 Galilaeus
1153 4023 1227 4082 duos
1245 4019 1355 4080 andoos

127 4129 189 4190 uita
216 4131 371 4192 defunctos
399 4131 515 4211 sibique
542 4133 711 4194 carissimos
738 4132 939 4212 colloquentes
966 4131 1081 4191 inducit
1103 4135 1229 4210 quatuor
1250 4127 1354 4188 dicbus

235 4398 261 4466 l)
280 4395 389 4468 Keplcri
407 4414 487 4468 opera
504 4398 558 4453 VH
576 4398 627 4454 276
647 4397 691 4468 (ol.
711 4397 771 4452 274.
791 4397 854 4468 277)
875 4397 934 4452 156.

234 4487 261 4556 2)
280 4487 389 4558 Kepleri
407 4487 534 4558 epistolae
554 4489 654 4558 p.101.

235 4577 262 4646 3)
281 4577 390 4647 Kepleri
408 4595 489 4648 opera
505 4578 572 4633 Vlll
591 4579 616 4634 6.
635 4577 696 4632 922.
