3156 5056
230 279 282 334 184
718 279 819 332 Pas-rra
836 280 950 332 Parours

229 497 336 570 virum,
364 493 416 554 sed
446 494 537 554 bonos
563 495 608 553 vir
634 495 706 554 lacit
731 493 808 554 bona
835 493 943 568 operef
993 494 1082 555 Addit
1111 495 1186 554 banc
1215 495 1447 556 similitudinem:

230 601 403 674 ,Episcopus
440 615 524 658 sacer
556 599 695 673 templum
729 615 917 672 consecrans,
950 616 1058 673 pueros
1088 597 1260 659 continuans
1290 602 1336 661 vel
1364 601 1447 660 aliud

229 704 374 778 quippiam
402 702 490 762 oflicii
508 705 551 762 sui
574 702 703 778 iaciens,
731 719 788 762 non
807 709 994 763 consecratur
1022 704 1058 762 iis
1080 705 1150 778 ipsis
1173 705 1308 779 operibus
1330 705 1360 763 in
1384 707 1448 778 epi·

230 826 363 882 scopum,
388 809 474 867 immo
502 809 557 867 nisi
587 813 655 868 ante
685 813 763 868 esset
784 813 970 868 consecratus
994 809 1161 884 episcopus,
1191 809 1302 868 nullum
1323 809 1446 868 istorum

229 929 349 986 eperum
377 912 514 986 quidquid
543 913 656 972 valeret
686 917 840 986 essentque
864 913 952 971 stulta
975 918 1006 972 et
1035 895 1159 986 puerilia
1181 919 1212 972 et
1234 911 1354 972 ludicra.
1399 914 1448 972 lta

230 1017 410 1076 Christianus
432 1033 486 1090 per
506 1014 592 1076 fidem
618 1033 700 1076 suum
720 1021 905 1075 consecratus
927 1015 1005 1076 bona
1027 1016 1097 1076 fecit
1119 1031 1218 1091 opera,
1240 1017 1292 1076 sed
1314 1034 1370 1076 non
1391 1035 1448 1092 per

229 1121 303 1180 haec
333 1121 425 1194 magis
452 1136 537 1180 sacer
567 1121 612 1180 vel
643 1120 825 1180 Christianus
856 1119 1004 1179 eflicitur.‘
1048 1119 1160 1180 ibidem
1189 1121 1246 1181 duo
1265 1121 1346 1194 penit
1366 1123 1450 1180 axio·

229 1231 308 1285 meta
335 1227 432 1284 verbis
462 1226 635 1300 pugnantia,
665 1223 716 1284 sed
743 1225 851 1298 optime
884 1225 1082 1300 concilianda,
1113 1225 1149 1286 de
1180 1226 1283 1300 quibus
1311 1226 1448 1300 egregius

229 1331 368 1390 historiae
398 1331 597 1404 investigator,
624 1328 833 1388 illustrissimus
860 1329 1115 1404 iurisconsultus„
1133 1329 1217 1388 Vitus
1238 1331 1400 1390 Ludovicus
1427 1348 1449 1389 a

178 1512 181 1520 Ι
231 1432 429 1507 Seckendorf,
451 1433 525 1492 haec
548 1433 691 1507 quondam
714 1434 843 1508 scripsit:
877 1431 1010 1508 ,Utinam
1032 1435 1160 1508 isthaec,
1182 1435 1225 1494 ita
1247 1441 1280 1493 ut
1299 1435 1448 1494 Lutberus

231 1555 267 1597 ea
290 1538 457 1613 explicavit,
479 1539 607 1597 omnium
623 1537 850 1598 Christianorum
872 1539 975 1597 animis
995 1538 1179 1613 insiderent‚‘
1201 1539 1334 1598 nimimm
1356 1541 1447 1600 haec:

231 1643 429 1718 ,Christianus
463 1643 548 1701 homo
584 1643 709 1701 omnium
740 1643 871 1703 dominus
902 1649 947 1704 est
977 1643 1155 1718 liberrimus,
1187 1645 1260 1706 nulli
1290 1645 1446 1720 subjectus.

233 1747 413 1806 Christianus
436 1748 562 1806 omnium
584 1763 684 1807 servus
708 1753 752 1807 est
774 1745 1012 1822 officiosissimus,
1036 1748 1167 1807 omnibus
1190 1748 1353 1822 subiectus‘
1397 1750 1446 1808 Li-

231 1853 329 1912 bertas
351 1856 396 1910 est
414 1869 465 1923 ea,
496 1851 533 1911 de
556 1868 612 1925 qua
634 1851 764 1910 Christus
787 1852 819 1910 in
843 1852 994 1926 evangelio
1016 1852 1157 1912 Johannis
1180 1857 1211 1910 et
1233 1854 1349 1927 saepius
1371 1853 1447 1914 Pau·

230 1958 274 2017 lus
305 1957 468 2030 loquuntur.
514 1954 601 2031 Cujus
633 1956 778 2015 libertatis
808 1957 923 2015 nomine
953 1956 1098 2016 Lutberus
1128 1957 1233 2016 multos
1260 1955 1341 2016 abuti
1367 1957 1445 2031 dicit,

229 2063 335 2136 quippe
370 2061 418 2135 qui
451 2063 547 2133 omnia
575 2061 630 2120 sibi
659 2061 756 2120 statim
780 2062 871 2120 licere
902 2061 1081 2120 arbitrentur
1111 2077 1207 2134 neque
1238 2061 1298 2120 ulla
1328 2061 1387 2122 alia
1412 2079 1444 2121 ro

229 2167 315 2226 liberi
345 2171 376 2224 ot
406 2165 558 2226 christiani
588 2164 680 2225 videri
711 2166 819 2238 velint,
851 2181 936 2238 quam
966 2170 1133 2239 contemptu
1163 2170 1193 2224 et
1219 2166 1444 2239 reprehensione

230 2270 483 2345 caerimoniarum,
512 2269 712 2343 traditionum,
739 2270 836 2342 legum
866 2269 1063 2328 humanarum.
1109 2270 1215 2328 Veram
1244 2275 1341 2328 summ
1360 2271 1445 2330 libor·

230 2380 321 2434 tatem
343 2379 373 2432 et
393 2375 516 2433 eandem
540 2391 605 2434 esse
625 2373 749 2433 liberam
770 2375 954 2446 servitutem,
978 2389 1014 2432 ex
1037 2378 1119 2448 grato
1143 2388 1215 2447 erga
1233 2373 1329 2432 Deum
1352 2375 1445 2434 animo

228 2478 462 2556 provenientem,
502 2478 585 2550 quasi
614 2477 678 2549 quis
709 2476 803 2535 dicat:
838 2477 926 2550 ,Huic
956 2477 1007 2535 tali
1035 2477 1132 2552 Patri,
1166 2478 1215 2550 qni
1242 2494 1289 2536 me
1316 2479 1375 2537 suis
1403 2479 1449 2566 his

230 2580 491 2640 inaestimabilibus
514 2581 621 2640 divitiis
644 2581 754 2654 obruit,
776 2597 828 2638 cur
850 2597 908 2640 non
929 2580 1100 2655 liberaliter,
1122 2580 1263 2656 hilariter,
1285 2587 1346 2642 toto
1361 2583 1446 2643 cordo

231 2689 449 2759 spontaneoque
473 2685 567 2744 studio
590 2685 712 2760 faciam,
735 2701 924 2758 quaecuuque
939 2687 1051 2744 scivero
1068 2694 1152 2760 grata
1168 2691 1199 2746 et
1220 2687 1329 2760 placita
1351 2704 1446 2747 corum

232 2807 268 2849 eo
292 2769 364 2850 esse.
410 2788 494 2848 Dabo
517 2791 616 2863 itaque
640 2807 686 2850 me
708 2790 836 2864 proximo
858 2806 939 2863 meo,
968 2789 1207 2863 quemadmodum
1230 2789 1360 2850 Christus
1382 2808 1447 2850 seso

166 2969 169 2974 ,
231 2879 368 2970 praebuit
399 2894 487 2953 mihi‘
536 2893 576 2952 Et
602 2899 720 2969 postea:
750 2893 946 2967 ,Christianus
974 2894 1050 2954 liber
1071 2894 1165 2954 lactus
1188 2895 1230 2954 sic
1253 2895 1346 2956 dicet:
1384 2896 1448 2968 ago

229 3001 285 3060 hoc
313 3003 343 3058 et
373 2999 427 3059 hoc
457 2998 579 3074 faciam,
609 2999 684 3074 quod
713 3015 768 3073 per
789 2999 920 3058 homines
943 2998 1108 3058 mandatum
1132 3003 1190 3074 est,
1218 3015 1277 3058 non
1299 3000 1375 3075 quod
1398 3001 1449 3062 illo

229 3105 299 3164 mihi
331 3106 369 3163 sit
397 3121 468 3178 opus
508 3105 545 3164 ad
571 3106 715 3179 justitiam
751 3109 801 3163 aut
833 3105 971 3174 salutem,
1006 3103 1058 3163 sed
1091 3104 1177 3192 quod.
1192 3105 1223 3163 ia
1253 3101 1309 3165 hoc
1339 3122 1449 3165 morem

231 3226 330 3282 goram
348 3225 458 3285 papae,
483 3210 631 3284 episcopo,
655 3209 854 3268 communitati
877 3207 921 3266 illi
934 3213 965 3266 et
985 3207 1027 3266 illi
1042 3208 1234 3283 magistratui,
1255 3209 1451 3284 estproximo

231 3331 296 3373 meo
320 3313 357 3372 ad
380 3314 558 3388 exemplum
577 3313 683 3372 faciam
706 3319 737 3373 et
758 3315 855 3388 patiar
878 3314 988 3386 omnia,
1012 3313 1088 3372 sicut
1111 3311 1241 3373 Christus
1264 3314 1334 3373 mihi
1357 3315 1449 3375 multo

231 3418 317 3490 pluro
352 3415 424 3475 iecit
455 3423 485 3476 et
518 3434 619 3492 passus
653 3423 707 3476 est.
765 3417 805 3476 Et
835 3403 964 3490 qua'mvis
994 3419 1110 3490 tyranni
1144 3417 1201 3476 rim
1233 3417 1281 3477 vel
1313 3418 1450 3492 iniuriam

232 3520 358 3593 iaciant,
390 3521 446 3579 hoc
476 3522 522 3580 vel
551 3521 621 3579 illud
651 3522 817 3596 exigentes,
849 3535 906 3580 non
934 3526 1032 3582 tamen
1061 3522 1192 3597 nocebit,
1225 3522 1319 3582 donec
1348 3527 1452 3583 conus

231 3625 327 3685 Deum
346 3640 404 3683 non
426 3624 533 3684 luerit‘

320 3729 403 3789 Haec
435 3730 532 3788 omnia
570 3737 602 3790 ut
634 3731 796 3789 certissima
832 3731 1020 3806 persuasione
1050 3737 1180 3807 teneret,
1211 3731 1356 3792 Lutherus
1389 3737 1450 3791 tum

232 3834 322 3896 verbo
344 3835 442 3894 divino
465 3833 621 3908 nitebatur,
645 3841 705 3894 tum
728 3836 926 3910 experientia,
950 3852 1036 3910 qnam
1060 3836 1365 3896 interiorumillarum
1386 3843 1453 3896 ten-

232 3941 374 4000 tationum
398 3945 428 4000 et
449 3937 650 4014 afflictionum,
680 3939 717 4000 de
740 3941 843 4014 quibus
866 3941 1004 4014 diximus,
1027 3941 1110 4015 quasi
1129 3939 1254 4000 fructum
1276 3941 1365 4000 luisse
1386 3942 1451 4016 ipse

232 4043 395 4104 confitetur.
441 4044 537 4116 Quare
567 4047 597 4104 in
620 4046 797 4106 monasterio
824 4045 968 4119 quondam
990 4046 1035 4104 vir
1061 4045 1205 4120 piissimus
1228 4051 1259 4104 et
1282 4044 1452 4104 candidissi-

232 4165 310 4222 mus,
347 4149 496 4209 lohannes
530 4149 705 4225 Staupitius,
743 4150 1019 4224 Augustinianorum
1062 4151 1092 4208 in
1127 4148 1284 4210 Germania
1319 4150 1452 4209 Vicarius

234 4252 401 4346 Generalis,
432 4255 583 4314 consolans
610 4269 677 4312 eum
710 4260 741 4313 et
769 4271 875 4328 magua
903 4253 941 4314 de
968 4271 1003 4314 eo
1030 4255 1200 4330 auspicans,
1230 4257 1340 4328 majore
1365 4270 1451 4330 quam

231 4358 294 4431 ipse
323 4359 436 4416 sciebat
461 4360 527 4432 jure
558 4359 585 4417 ei
613 4341 743 4418 dixerat':
772 4359 857 4418 Haud
887 4365 998 4420 temere
1021 4365 1052 4418 to
1075 4365 1194 4420 exercet
1215 4358 1305 4420 Deus.
1350 4358 1453 4433 Neque

232 4467 330 4522 tamen
352 4462 499 4520 Lethorus
521 4469 640 4537 proptor
661 4464 840 4537 spiritualem
870 4464 952 4522 illum
977 4464 1221 4524 christianismum
1244 4465 1291 4524 vel
1313 4467 1453 4538 quantum

233 4565 375 4636 ccclesiae
408 4565 531 4634 deberet
565 4568 671 4628 oblitus
706 4573 764 4641 est,
798 4569 844 4628 vel
875 4569 988 4630 minore
1018 4569 1047 4630 ei
1082 4585 1180 4634 amore
1213 4567 1344 4637 addictus
1379 4574 1454 4634 erat·
