3188 5086
677 334 769 385 Garun
788 333 818 384 V.
914 332 918 351 '
1308 336 1359 390 139

138 546 193 606 sed
217 547 308 606 babet
334 553 364 606 et
385 548 541 606 idiotarum
563 549 680 606 inscitia
707 566 765 608 non
788 549 881 608 minus
905 566 1044 624 arrogans
1067 551 1252 624 supercilium
1270 568 1359 612 suum.

139 652 233 710 Divus
263 651 454 726 Hieronymus
493 657 524 712 et
552 654 677 727 virgines
713 659 742 712 et
777 654 876 712 viduas
909 660 939 712 et
967 656 1134 728 conjugatas
1164 656 1298 714 hortatur
1323 655 1360 714 ad

139 756 296 816 lectionem
320 773 469 816 sacrorum
492 759 664 816 voluminum
695 764 724 816 et
755 764 852 817 tamen
875 760 1005 832 queritur
1027 761 1111 834 bujua
1132 761 1271 820 scientiae
1294 778 1361 834 pro·

139 861 298 920 sessionem
320 864 427 934 passim
450 863 487 920 ab
507 863 633 936 indignis
662 865 803 936 arrogari.
850 863 908 922 Sed
930 870 962 921 ut
983 865 1125 937 professio
1148 881 1201 923 nec
1224 881 1241 922 a
1263 865 1361 923 multis

141 965 264 1023 eruditis
293 973 449 1038 usurpatur
478 967 549 1024 satis
571 967 716 1040 modeste,
746 968 789 1025 ita
811 967 883 1024 nulli
906 984 964 1026 non
986 967 1212 1040 permittendam
1235 968 1361 1026 arbitror

140 1069 268 1128 sobriam
291 1085 324 1126 ae
347 1071 424 1142 piam
448 1072 682 1144 vestigationem,
713 1072 886 1144 pracsertim
910 1088 1009 1129 eorum
1031 1087 1107 1143 quae
1129 1073 1218 1130 vitam
1236 1071 1361 1130 reddunt

140 1174 299 1232 meliorem.
344 1155 435 1232 Porro
461 1191 548 1247 quum
578 1176 608 1232 in
637 1176 673 1232 iis
699 1175 790 1232 bortis
813 1176 894 1233 varia
916 1191 1027 1248 genera
1048 1175 1219 1234 deliciarum
1240 1192 1361 1234 nascan-

139 1283 197 1351 tur,
227 1279 366 1350 decerpat
393 1279 448 1338 sibi
475 1280 593 1352 quisque
622 1279 697 1352 quod
725 1279 902 1338 commodum
930 1287 982 1341 est.
1028 1280 1264 1354 Consideremus,
1290 1297 1360 1353 quos

141 1381 290 1440 auditores
309 1382 445 1441 babuerit
465 1383 527 1456 ipse
544 1383 688 1457 Christus,
711 1399 806 1441 nonne
829 1383 1019 1456 promiscuam
1041 1383 1253 1442 multitudinem
1277 1387 1308 1441 et
1329 1385 1360 1442 iu

141 1487 196 1544 bac
212 1502 324 1560 caecos,
345 1487 471 1560 claudos,
486 1488 642 1562 mendicos,
662 1487 840 1561 publicanos,
863 1489 1060 1561 centuriones,
1080 1486 1205 1560 opifices,
1225 1487 1360 1546 mulieres

141 1607 176 1648 ac
191 1593 320 1662 pueros?
346 1591 390 1648 Au
408 1598 544 1664 gravetur
558 1593 594 1650 ab
618 1593 654 1649 iis
676 1593 744 1665 legi,
767 1608 785 1649 a
807 1591 909 1664 quibus
931 1592 1022 1649 voluit
1040 1591 1153 1651 audiri?
1177 1623 1216 1632 -
1238 1592 1360 1663 Quidam

140 1695 287 1766 piaculum
303 1695 489 1768 arbitrantur,
513 1696 537 1753 si
552 1696 628 1753 sacri
643 1696 709 1754 libri
726 1699 877 1754 vertantur
890 1697 921 1753 in
935 1697 1063 1770 linguam
1076 1695 1217 1754 Gallicam
1231 1701 1281 1754 aut
1296 1695 1360 1753 Bri·

142 1787 296 1857 tannicam.
327 1799 384 1856 Sed
401 1799 596 1872 evangelistae
612 1817 670 1858 non
685 1801 770 1858 veriti
785 1807 851 1858 sunt
867 1816 972 1873 graece
988 1801 1125 1872 scribere,
1139 1800 1215 1873 quod
1231 1799 1361 1858 Christus

141 1901 255 1975 syriace
280 1903 393 1961 locutus
423 1908 476 1962 est.
528 1903 629 1976 Neque
652 1903 750 1961 Latini
778 1904 863 1961 veriti
895 1909 961 1962 sunt
984 1905 1176 1977 apostolorum
1198 1919 1359 1961 sermonem

140 2005 171 2062 in
192 2005 351 2064 Romanam
375 2007 501 2080 linguam
523 2011 656 2080 vertere,
678 2008 734 2064 hoc
755 2013 812 2080 est,
834 2008 1015 2079 promiscuae
1031 2007 1209 2064 multitudini
1229 2007 1359 2078 prodere.

139 2109 242 2183 Neque
266 2110 443 2184 Hieronymo
465 2112 569 2185 religio
592 2109 647 2168 fuit
670 2127 767 2169 sacras
790 2112 903 2168 litteras
925 2111 1079 2168 dalmatiae
1103 2117 1226 2171 vertere.
1272 2110 1360 2183 Equi-

139 2214 206 2272 dem
237 2215 352 2288 cupiam
386 2216 417 2273 in
446 2232 546 2273 omnes
571 2217 645 2274 verti
673 2216 795 2287 linguas.
841 2213 973 2274 Christus
1006 2231 1057 2287 pro
1079 2215 1211 2272 omnibus
1232 2219 1361 2274 mortuus

140 2324 200 2394 est,
230 2319 267 2378 ab
297 2320 430 2378 omnibus
450 2319 585 2393 cognosci
609 2319 764 2381 desiderat.
810 2319 869 2377 Gur
890 2319 1059 2378 indecorum
1081 2319 1205 2392 videtur,
1236 2321 1260 2378 si
1284 2319 1360 2392 quis-

139 2440 225 2496 quam
253 2430 337 2483 sonet
366 2425 548 2498 evangelium
579 2441 615 2483 ea
646 2425 747 2497 lingna
776 2441 833 2497 qua
857 2429 941 2482 natus
972 2429 1018 2482 ost
1043 2429 1073 2482 et
1100 2440 1185 2496 quam
1213 2423 1360 2498 inteuigit,

140 2528 241 2587 Gallus
282 2529 399 2602 gallice,
436 2529 594 2588 Britannus
634 2529 815 2604 britannice,
858 2527 1018 2588 Germanus
1053 2529 1233 2602 germanice,
1273 2527 1360 2586 Indus

138 2633 255 2691 indice?
299 2633 362 2706 Ego
397 2650 461 2690 cum
489 2633 564 2692 Divo
593 2634 769 2706 Hieronymo
804 2635 934 2692 sentiens
969 2633 1099 2707 gratuler
1127 2633 1239 2706 gloriae
1267 2633 1360 2690 crucis

139 2734 380 2810 magnificumque
411 2755 475 2795 cum
504 2738 604 2810 primis
631 2743 662 2794 et
688 2739 861 2811 triumphale
890 2737 1028 2811 dixerim,
1055 2739 1079 2795 si
1102 2738 1207 2810 linguis
1230 2737 1360 2795 omnibus

140 2841 178 2900 ab
200 2841 326 2900 omnium
347 2842 493 2900 hominum
516 2857 624 2914 genere
648 2842 821 2916 celebretur,
845 2843 869 2901 si
891 2843 995 2900 stivam
1017 2847 1121 2900 tenens
1139 2847 1237 2899 arator
1252 2841 1360 2914 aliquid

140 2961 194 3002 sua
223 2945 323 3018 lingua
353 2945 490 3004 decantet
517 2963 534 3004 e
564 2947 682 3018 psalmis
708 2947 848 3020 mysticis,
871 2948 896 3004 si
919 2953 1015 3005 textor
1038 2945 1167 3004 assidens
1190 2945 1268 3004 telae
1290 2961 1360 3004 non·

145 3049 217 3107 nibil
238 3066 273 3107 ex
296 3051 447 3124 evangelio
469 3049 618 3108 modulans
649 3051 760 3108 soletur
781 3049 931 3108 laborem‘
975 3051 1057 3107 Haec
1078 3053 1110 3106 ut
1130 3047 1195 3106 fieri
1217 3049 1360 3119 quondam

142 3158 279 3226 possent,
318 3154 439 3212 meliore
476 3155 553 3227 vulgi
591 3155 772 3212 institutione
811 3170 882 3225 opus
924 3169 989 3210 esse
1024 3152 1131 3225 optime
1166 3151 1360 3209 intellexerat.

141 3255 234 3327 Quam
266 3263 295 3316 et
326 3258 430 3316 scholis
459 3258 654 3335 popularibus¹
678 3263 709 3315 et
737 3256 852 3329 publica
875 3257 1021 3330 evangelii
1042 3254 1260 3328 praedicatione
1284 3252 1360 3312 effici

141 3360 240 3420 voluit.
284 3362 330 3420 De
348 3367 471 3434 utraque
494 3379 526 3420 re
549 3363 632 3420 nobis
653 3360 806 3419 dicendum
827 3365 880 3418 est.

228 3465 386 3524 Puerorum
411 3467 693 3538 adolescentiamque
718 3465 872 3524 eruditioni
897 3471 981 3537 atquc
1007 3465 1171 3524 educationi
1193 3464 1360 3538 prospicere

141 3569 206 3642 ipse
228 3569 377 3642 permultis
397 3587 430 3628 ac
455 3570 543 3628 variis
566 3569 681 3642 scriptis
701 3570 820 3630 studuit.
858 3571 891 3628 ln
914 3569 989 3628 banc
1010 3586 1072 3628 rem
1088 3571 1216 3628 intentus
1236 3585 1360 3627 surnmus

142 3673 188 3730 vir
210 3673 317 3732 adres
339 3674 386 3733 vel
406 3675 539 3733 minimas
562 3673 741 3733 descendere
761 3691 908 3748 nunquam
931 3675 1040 3732 veritus
1063 3679 1115 3732 cst.
1161 3674 1209 3732 Sic
1232 3672 1269 3731 ad
1284 3672 1360 3730 obsi-

141 3776 274 3834 stendum
317 3779 472 3837 indecorae
509 3777 623 3836 cuidam
653 3781 807 3837 multorum
846 3779 1010 3853 aequalium
1042 3778 1197 3835 rusticitati
1230 3775 1361 3833 libellum

141 3882 300 3953 composuit
323 3881 373 3956 ,de
390 3883 529 3940 civilitate
545 3897 653 3939 morum
669 3882 793 3954 puerili.‘
826 3882 880 3952 Qui
896 3881 1020 3954 libellus,
1039 3896 1210 3952 quamquam
1225 3878 1362 3936 nonnulla

141 3985 173 4042 in
192 3999 227 4042 eo
246 3985 456 4044 dubitationem
476 3986 523 4044 vel
545 3986 635 4044 risum
657 3985 743 4043 facile
766 3991 899 4058 movent,
922 3985 1071 4042 tamenin
1090 3985 1264 4054 universnm,
1286 3996 1361 4054 quae

140 4103 249 4161 pueros
276 4088 416 4163 deceant,
447 4090 577 4148 breviter
602 4095 660 4147 tam
686 4089 803 4161 egregie
834 4087 933 4161 docet,
958 4093 989 4144 ut
1020 4087 1131 4144 omissis
1154 4083 1362 4158 quibusdama

140 4199 239 4250 nostro
273 4209 353 4252 more
390 4195 506 4267 alienis,
537 4193 702 4251 etiamnunc
731 4193 845 4250 illorum
872 4189 1053 4248 enchiridion
1082 4205 1145 4247 esse
1174 4205 1257 4262 posse
1280 4191 1362 4263 inge·

140 4296 230 4354 niosis
259 4298 430 4370 quibusdam
452 4297 653 4371 Francogallis
679 4292 839 4356 videatur.¹
889 4295 991 4366 Itaque
1014 4311 1068 4366 per
1090 4294 1174 4366 plura
1195 4295 1295 4352 secula
1316 4295 1362 4353 vel

226 4535 252 4602 1)
271 4535 367 4586 Nisard
394 4535 410 4585 l.
431 4553 452 4587 c.
476 4553 502 4602 p.
523 4509 581 4588 lia.
617 4534 723 4586 Durand
747 4534 777 4584 de
796 4535 866 4585 Laur
882 4533 901 4584 1.
919 4549 941 4586 c.
965 4531 1001 4582 II.
1024 4548 1049 4597 p.
1070 4538 1101 4582 ll
1128 4529 1167 4596 (in
1189 4531 1273 4597 capite
1293 4531 1360 4598 quod

138 4621 293 4687 inscriptum
314 4629 365 4673 est:
388 4609 494 4674 Hraama
513 4622 682 4675 reformatam
700 4622 731 4674 do
749 4620 921 4687 l'dducation).
