3156 5056
237 273 289 327 250
724 275 826 327 Psnrrs
845 276 960 326 Pniceis

236 491 376 566 agitatas,
404 491 460 549 uisi
488 490 609 550 concilio
639 492 771 566 generali
800 491 897 552 dirimi
924 509 985 552 nou
1013 509 1100 567 posse
1127 493 1229 554 videri.
1278 496 1343 555 lloc
1364 513 1450 570 quum

236 595 385 654 Alcander
406 596 498 654 iratus
520 595 658 656 refellere
682 596 847 656 enixissime
871 597 1014 672 studeret,
1037 614 1113 672 rem,
1136 617 1223 673 quam
1238 600 1320 674 Papa
1339 600 1452 659 locutus

236 700 413 774 diremisset,
441 699 479 758 ad
503 701 648 759 neminem
671 701 759 760 alium
780 701 928 774 pertinere
949 703 1139 762 vehementer
1161 702 1324 779 affirmans,
1353 705 1396 762 illi
1419 721 1452 762 se

237 805 386 879 theologos
413 822 471 863 nou
499 820 563 864 osee
590 804 816 880 responderunt,
847 807 878 864 in
899 805 1005 864 talibus
1028 807 1117 866 rebus
1139 825 1171 868 se
1191 809 1321 882 pendere
1343 825 1362 868 a
1383 808 1452 868 Gle-

235 909 338 984 pioue;
361 925 426 967 cum
444 909 510 984 hoc,
534 909 558 967 si
581 909 729 983 disputare
752 910 854 984 vellet,
877 910 1080 983 disputandum
1103 911 1132 970 ei
1155 927 1229 972 esse.
1274 913 1360 972 Hunc
1380 929 1450 972 vero

235 1015 365 1087 proxime
400 1016 478 1072 inter
510 1030 609 1072 omnes
642 1013 680 1072 ad
712 1013 879 1089 Erasmnm,
912 1015 999 1074 immo
1033 1015 1071 1074 ad
1100 1015 1260 1076 Lutherum
1292 1017 1451 1076 accessisse

236 1119 354 1192 seimus,
384 1118 459 1191 quod
482 1118 611 1191 quamvis
633 1117 783 1178 Alcander
810 1135 957 1192 nunquam
986 1135 1105 1192 prorsus
1126 1121 1323 1196 perspexerit,
1353 1126 1452 1180 minen

235 1225 417 1297 aliquetenus
439 1223 576 1283 odoratus
599 1227 651 1282 est
697 1223 794 1296 Quare
817 1240 903 1296 quum
925 1223 1107 1284 Wormatiac
1125 1225 1252 1300 undique
1271 1225 1308 1284 ab
1328 1225 1451 1285 Erasmo

236 1331 356 1402 ejusque
384 1335 477 1402 scote,
506 1345 592 1401 quam
614 1334 713 1402 vocat,
741 1329 953 1388 circumventus
975 1329 1031 1388 sibi
1054 1329 1217 1404 videretur,
1248 1331 1279 1388 in
1300 1330 1378 1388 huuc
1398 1347 1451 1404 pro

235 1433 332 1491 indole
365 1449 417 1491 sua
445 1449 503 1492 non
532 1435 625 1506 potuit
653 1450 712 1492 non
737 1432 927 1492 furiosissime
957 1433 1063 1493 invehi.
1123 1433 1290 1494 clarissime
1321 1439 1451 1509 noverat,

235 1536 303 1610 quid
332 1537 390 1611 vir,
420 1537 539 1596 Caesari
563 1553 598 1596 ac
620 1538 718 1612 Papae
746 1538 940 1613 gratissimus,
968 1554 1022 1611 per
1044 1538 1152 1598 amicos
1175 1545 1206 1598 et
1227 1539 1360 1598 fautores
1383 1555 1450 1598 snos

235 1638 352 1701 efficere
381 1642 483 1716 vellet,
516 1642 651 1700 nimirum
683 1647 715 1700 ut
745 1642 826 1701 bulla
856 1641 1037 1702 damnatoria
1066 1643 1126 1702 siue
1156 1643 1247 1702 invito
1276 1643 1358 1717 Papa
1389 1644 1452 1702 sive

236 1746 437 1805 consentiente
464 1746 692 1820 suspenderetur
716 1747 764 1807 vel
787 1747 1007 1822 neglegemus,
1034 1764 1129 1820 neque
1148 1747 1268 1821 Imperii
1290 1748 1406 1806 nomine
1430 1765 1450 1806 a

157 1857 160 1862 '
235 1849 365 1910 Comitiis
380 1849 611 1926 confirmaretur,
633 1851 754 1912 Lutheri
775 1869 845 1911 vero
868 1857 1138 1924 mussantesque
1160 1852 1199 1911 ad
1220 1851 1343 1910 liberum
1357 1853 1447 1926 quod-

234 1955 300 2014 dam
318 1955 460 2030 judicium
482 1972 501 2015 a
523 1957 593 2016 viris
612 1957 668 2030 piis
691 1962 722 2015 ct
737 1957 858 2016 eruditis
873 1959 905 2016 in
920 1957 1078 2016 Germania
1092 1954 1269 2030 habendum,
1289 1962 1341 2014 aut
1355 1973 1447 2029 usque

234 2061 272 2118 ad
294 2061 446 2119 concilium
469 2061 607 2135 generale
631 2061 805 2121 differretur.
841 2061 978 2134 Percepit
999 2061 1147 2120 Alcender
1175 2075 1240 2118 cum
1261 2076 1368 2134 magna
1389 2066 1448 2119 tre·

232 2164 394 2240 pidationo,
417 2181 560 2238 quaenam
582 2183 630 2224 ree
645 2166 711 2225 huic
726 2167 844 2226 consilio
857 2165 1004 2239 faverent,
1026 2164 1200 2239 praesertim
1214 2165 1445 2239 quamproxime

233 2281 347 2344 tempus
368 2271 506 2346 instaret,
534 2287 590 2344 quo
610 2270 728 2330 Caesari
750 2268 990 2344 proficiscendum
1012 2277 1078 2330 erat
1101 2271 1132 2328 in
1154 2271 1332 2345 Hispaniam.
1378 2269 1447 2328 Post

233 2376 296 2446 ejus
325 2372 484 2434 discessum
513 2376 669 2448 pessimam
702 2373 765 2434 fore
796 2374 838 2432 uit
867 2391 964 2434 rerum
993 2373 1209 2434 Pontifieiarum
1238 2373 1446 2448 condicionem,

232 2479 288 2536 uisi
320 2485 492 2552 ,antequam
523 2479 645 2537 Comitia
679 2478 918 2552 dissolverentur,
955 2478 1162 2538 demonstratio
1193 2478 1335 2552 quaedam
1368 2476 1446 2537 facta

233 2579 351 2640 esset.‘¹
396 2583 477 2641 Tunc
500 2585 577 2641 enim
601 2583 663 2642 fore
685 2583 822 2658 putabat,
852 2589 885 2642 ut
907 2583 1021 2643 Erasmi
1044 2600 1079 2644 ac
1100 2583 1223 2643 Lutheri
1245 2582 1373 2657 ‚sectae‘
1394 2582 1444 2642 ad-

232 2705 333 2746 versus
357 2689 467 2746 curiam
486 2687 645 2746 Romanam
667 2692 877 2763 conjungerent
912 2733 920 2746 .

320 2792 386 2850 Jam
408 2793 498 2865 igitur
519 2793 549 2850 id
571 2808 642 2864 prae
666 2793 773 2852 ceteris
798 2809 921 2852 necesse
952 2809 1016 2853 osse
1041 2793 1069 2852 ei
1090 2792 1256 2867 videbatur,
1278 2797 1312 2850 nt
1333 2795 1446 2851 tanturn

232 2897 393 2971 periculum
416 2915 434 2956 a
456 2895 596 2956 Pontifice
619 2899 739 2971 ejusque
762 2897 952 2957 familiaribus
976 2898 1055 2957 clare
1072 2897 1286 2971 perspiceretur
1309 2903 1340 2956 et
1359 2897 1444 2954 nimis

231 3003 326 3061 securi
356 3020 457 3062 eorum
484 3003 572 3063 animi
603 3001 641 3061 ad
668 3003 895 3077 propulsandum
924 3003 998 3062 illud
1029 3003 1233 3062 excitarentur.
1278 3001 1342 3061 Hoc
1368 3001 1444 3060 datis

231 3108 336 3168 litteris
359 3108 451 3168 solum
474 3107 651 3167 Aloandrum
675 3107 806 3167 offecisse
823 3107 1016 3166 Pallavicinns
1046 3105 1129 3166 testis
1160 3111 1218 3180 cst3
1249 3105 1361 3165 scilicet
1391 3104 1443 3180 ,oli

231 3215 329 3273 oculos
364 3231 430 3273 aum
461 3214 593 3288 posuisse
622 3213 757 3273 Mediceo
785 3211 934 3272 cardinali
962 3217 1142 3270 crescentem
1172 3211 1203 3269 in
1231 3211 1295 3269 dies
1323 3209 1443 3268 Martini

230 3319 401 3392 factionem,
424 3319 630 3378 alienationem
647 3318 820 3377 Germanice
844 3317 881 3376 ab
896 3318 963 3376 nula
979 3315 1122 3392 Romana,
1143 3317 1303 3389 periculum
1319 3314 1442 3387 denique

124 3435 129 3442 ·
230 3423 408 3481 amittendae
424 3423 599 3482 Germaniae
622 3441 658 3482 er
679 3423 855 3495 parsimonia
875 3427 1024 3496 monetae,
1048 3423 1129 3495 cujus
1143 3421 1288 3479 aerarium
1302 3419 1442 3479 inexhau-

230 3531 305 3584 stum
328 3527 359 3583 in
374 3528 484 3586 calamo
500 3527 652 3600 Principes
671 3525 834 3588 habereut}
870 3526 955 3586 Unde
972 3543 1038 3584 mox
1055 3526 1083 3583 ei
1105 3525 1268 3600 mandata,
1290 3523 1442 3598 pecuniae,

230 3630 387 3702 diplomata
410 3627 622 3689 efficacissima‘
644 3625 815 3688 transmissa
836 3637 911 3690 sunt
956 3629 1015 3690 Sed
1037 3631 1123 3703 longe
1141 3631 1279 3702 majorem
1304 3643 1389 3701 quam
1411 3627 1442 3684 in

230 3735 294 3795 aliis
318 3735 404 3794 rebus
426 3733 559 3793 fiduciam
581 3735 613 3792 in
635 3735 765 3806 pecuniis
787 3735 890 3808 posuit
933 3735 974 3794 Et
996 3735 1169 3794 secretarios
1192 3739 1223 3792 et
1244 3734 1362 3792 lictores
1384 3731 1442 3790 lar·

229 3841 386 3916 gitiouibus
415 3841 471 3899 sibi
501 3839 638 3899 emendos
661 3855 724 3898 esse
745 3840 872 3913 monuit;
902 3839 980 3915 ,sie‘,
1000 3840 1055 3914 ait,
1079 3839 1171 3912 ‚lieet'
1184 3838 1270 3898 aulae
1292 3836 1442 3896 Romanae

228 3946 421 4020 infestissimi,
444 3950 542 4005 nostro
565 3944 651 4003 modo
671 3946 832 4020 saltabunt,
854 3946 924 4019 quia
938 3946 1026 4004 aliter
1040 3944 1113 4004 nihil
1128 3943 1173 4019 fit,
1196 3949 1226 4002 ct
1240 3944 1287 4002 vir
1302 3941 1442 4001 faciemus

228 4052 355 4125 aliquid‘
405 4053 501 4122 Quare
531 4049 678 4110 indefessa
700 4051 822 4110 audacia
852 4069 982 4110 nummos
1011 4050 1140 4110 aCuria
1161 4049 1329 4123 postulavit,
1357 4063 1442 4120 quae,

227 4171 283 4227 quo
312 4154 409 4226 plures
438 4156 485 4212 vel
508 4155 732 4229 corrumpendos
754 4158 801 4214 vel
824 4161 974 4230 corruptos
997 4173 1060 4215 esso
1086 4155 1287 4226 nuntiaverat,
1318 4168 1354 4210 eo
1375 4151 1442 4224 plns

227 4257 341 4317 dedisse
372 4257 495 4316 videtur.
541 4259 718 4335 Compluries
748 4262 878 4334 inprimis
910 4261 946 4320 de
969 4260 1117 4334 Spiegelio
1140 4257 1278 4332 quodem,
1308 4254 1444 4314 Caesaris

227 4363 401 4440 secretario,
430 4365 561 4442 scripsit,
590 4367 666 4424 hunc
688 4367 812 4439 pecunie
833 4383 866 4425 ee
889 4367 1059 4426 conciliasse
1083 4363 1138 4423 sibi
1160 4361 1301 4436 gloriatus
1322 4366 1381 4436 est,
1409 4366 1445 4420 nt

315 4589 341 4656 1)
361 4588 482 4640 Aleandri
500 4604 558 4654 epp.
579 4604 604 4654 p.
620 4591 668 4638 114
688 4585 719 4638 cf.
738 4603 763 4652 p.
777 4579 832 4636 ild.
