3202 5036
253 201 269 252 2
741 207 843 258 Pnurrs
862 208 979 258 Paronrs

251 437 344 493 nuper
372 420 605 493 nominaverunt,
641 421 723 492 quasi
755 419 876 480 defensa
903 423 940 480 ab
970 423 1021 480 illo
1044 439 1130 481 causa
1156 423 1210 482 boc
1237 439 1294 482 uno
1321 425 1406 482 verbo
1431 428 1461 480 ut

251 525 406 583 decantata
431 525 602 597 jampridem
625 531 656 582 et
676 524 829 597 deperdita
849 527 1081 598 prostitueretur.

337 628 392 700 Qui
414 629 457 686 ita
477 629 634 702 loquuntur
656 628 802 701 ignorant,
824 646 911 702 quam
933 647 1021 704 grave
1041 631 1138 690 dicant
1155 633 1350 690 testimonium
1365 635 1461 689 conta

251 749 283 792 se
312 734 389 805 ipsos
409 739 439 791 et
465 750 516 806 pro
540 733 672 793 veritate.
716 733 858 792 Nesciunt
886 751 917 793 se
939 735 1071 793 oratione
1094 751 1146 793 sua
1167 753 1223 794 non
1247 752 1311 794 cum
1330 736 1462 794 adversa·

250 838 317 912 riis,
339 837 392 896 sed
414 853 511 896 secum
533 837 611 909 ipsos
633 853 771 909 pugnare.
816 837 1016 896 Confitendum
1039 841 1148 898 scilicet
1170 841 1206 898 iis
1221 847 1277 909 est,
1302 857 1359 898 non
1373 841 1462 898 solum

249 943 280 1000 in
303 939 490 1014 Doelling‘ero
517 941 620 1006 sedin
643 940 740 999 mulda
760 944 1016 1015 praestantissimis
1037 945 1135 1015 viris,·
1151 945 1200 1018 qui
1222 963 1286 1002 cum
1309 962 1344 1004 co
1367 945 1462 1002 curiae

249 1047 395 1106 Romanae
427 1046 555 1103 morbum
576 1045 623 1102 vix
645 1046 806 1112 sanabilem
828 1047 995 1120 deplorant,
1017 1048 1157 1107 revixisse
1178 1049 1293 1108 Erasmi
1316 1049 1462 1122 ingenium

248 1151 334 1224 idque
369 1165 421 1222 pro
447 1155 564 1208 nostrae
597 1151 702 1208 aetatis
734 1150 904 1208 condicione
931 1152 1013 1224 quasi
1039 1153 1244 1226 juvenescens.
1297 1153 1355 1210 Hos
1386 1153 1463 1210 viros

248 1273 342 1329 nuper
358 1245 476 1312 'demum
500 1255 758 1313 excommunicatos
780 1257 826 1313 vel
848 1255 891 1312 illi
910 1255 966 1329 ipsi
990 1257 1035 1313 vel
1057 1257 1183 1330 ipsorum
1207 1258 1277 1315 socii
1297 1273 1355 1315 non
1372 1258 1464 1314 multo

248 1367 316 1418 ante
344 1359 422 1416 velut
448 1359 591 1416 ecclesiae
614 1375 683 1416 suae
706 1360 815 1417 lumina
836 1360 1032 1420 celebrabant.
1077 1361 1161 1418 Nunc
1191 1377 1261 1419 sane
1284 1361 1321 1420 de
1349 1377 1465 1420 excom-

248 1465 400 1522 municatis
422 1463 489 1520 boui
510 1463 619 1534 aliquid
640 1463 811 1535 praedicare
834 1463 917 1522 nefas
940 1465 1128 1523 existimatur.
1172 1464 1281 1524 Verum
1305 1467 1367 1538 ipse
1390 1465 1465 1524 Era-

248 1586 337 1644 smus,
360 1583 504 1640 nunquam
529 1585 565 1624 ex
590 1567 716 1624 ecclesia
746 1569 894 1642 exclusus,
922 1570 1079 1641 usquead
1104 1570 1182 1628 vitae
1208 1567 1295 1628 finem
1323 1587 1464 1628 summam

247 1675 278 1732 in
308 1689 345 1731 ea
372 1671 590 1746 amplitudinem
621 1678 651 1729 et
680 1673 881 1732 auctoritatem
908 1673 1042 1732 babebat.
1089 1673 1194 1732 Omnes
1223 1675 1301 1732 illius
1323 1677 1465 1747 temporis

247 1793 356 1852 papae,
384 1777 460 1850 Leo,
490 1776 648 1850 Adrianus,
679 1775 828 1850 Clemens,
859 1776 982 1848 Paulus,
1012 1794 1077 1836 cum
1105 1779 1208 1836 mirum
1229 1781 1291 1852 ejus
1313 1780 1465 1852 ingenium

247 1899 428 1956 summopere
457 1880 683 1954 praedicabant,
710 1887 769 1938 tum
801 1882 936 1940 auxilium
966 1883 1029 1955 ejus
1055 1884 1092 1941 ad
1126 1883 1253 1942 arcenda
1285 1885 1465 1960 gravissbna,

247 2003 321 2062 quae
333 1988 370 2046 iis
382 1986 564 2060 videbantur,
577 1986 719 2044 ecclesiae
733 1985 864 2058 pericula
873 1988 1002 2059 impense
1015 1987 1198 2060 appetebant.
1222 1989 1312 2046 Immo
1324 1989 1359 2062 is,
1375 2005 1463 2061 quem

246 2112 335 2152 uuum
358 2093 436 2151 inter
457 2109 507 2150 eos
534 2093 648 2150 sincera
676 2093 785 2165 pietate
809 2091 897 2151 fuisse
921 2097 1051 2168 constat,
1084 2093 1229 2152 Adrianus
1256 2093 1318 2166 vt,
1351 2096 1462 2166 majore

246 2216 330 2272 quam
360 2199 452 2258 ceteri
483 2181 578 2255 studio
606 2199 667 2269 ejus
693 2199 842 2255 consilium
865 2199 1017 2269 exquisivit
1038 2215 1158 2269 eumque
1182 2203 1283 2254 contra
1304 2199 1462 2255 calumnia-

246 2311 341 2374 tores,
378 2303 563 2359 0bscur0rum
596 2301 720 2356 virorum
751 2301 919 2372 cognomine
947 2303 1008 2371 jam
1041 2298 1182 2373 famosos,
1212 2299 1343 2358 defendit
1372 2307 1461 2374 atque

244 2412 352 2463 tutatus
382 2409 434 2464 est.
478 2403 529 2460 Isti
552 2403 664 2460 scilicet
686 2403 739 2459 soli
760 2400 823 2460 fere
854 2410 923 2460 tunc
952 2403 1090 2474 temporis
1119 2403 1150 2459 in
1176 2403 1306 2462 Romana
1337 2409 1462 2464 ecclesia

245 2509 365 2566 Erasmo
388 2505 616 2564 adversabantur
645 2522 678 2562 ac
705 2504 846 2562 maledice
873 2505 909 2562 de
933 2521 967 2563 eo
990 2505 1189 2578 loquebantur.
1234 2508 1335 2580 Neque
1357 2517 1461 2580 postca

244 2613 305 2670 illic
331 2609 500 2684 defuerunt,
530 2611 579 2681 qui
607 2615 709 2667 contra
739 2609 965 2666 obtrectationes
992 2626 1010 2666 a
1039 2609 1160 2666 Jesuitis
1183 2611 1306 2667 maxime
1327 2618 1459 2670 recoctas

245 2733 310 2774 eum
336 2714 537 2773 defenderent.
582 2713 645 2771 Hoc
663 2713 759 2769 animo
780 2711 868 2769 etiam
891 2711 988 2768 seculo
1011 2717 1112 2768 octavo
1135 2711 1247 2769 decimo
1271 2712 1314 2768 vir
1337 2713 1458 2769 eximius

244 2820 450 2892 Francogallus
465 2818 602 2875 Burinius
620 2817 707 2872 vitam
722 2815 836 2871 Erasmi
857 2815 984 2888 scripsit,
1007 2816 1038 2872 in
1055 2815 1199 2873 laudando
1222 2821 1253 2872 et
1268 2815 1458 2887 vituperando

243 2929 380 2998 quantum
403 2922 497 2996 potuit
518 2921 648 2979 veritatis
668 2918 856 2991 justitiaeque
880 2919 1031 2977 studiosus.
1077 2917 1172 2989 Quare
1195 2919 1231 2977 iis
1254 2921 1390 2994 maxime,
1409 2924 1459 2993 qui

243 3029 394 3088 ecclesiam
416 3025 720 3084 Romanocatbolicam
743 3023 868 3083 decretis
891 3023 1039 3082 Vaticanis
1055 3040 1112 3081 non
1128 3030 1267 3083 mutatam
1284 3041 1347 3084 esse
1363 3043 1458 3098 neque

243 3132 448 3192 reformatione
484 3147 571 3204 egere
601 3131 797 3205 contendunt,
829 3131 886 3189 nisi
915 3128 989 3188 forte
1027 3130 1064 3188 ad
1090 3129 1244 3189 hodiernos
1272 3130 1458 3189 obscurorum

243 3239 362 3296 istorum
383 3238 508 3294 virorum
530 3241 667 3307 patronos
690 3241 721 3294 et
742 3235 902 3295 imitatores
924 3237 1048 3294 transire
1071 3235 1174 3308 velint,
1197 3235 1287 3306 probe
1310 3235 1457 3307 inquiron-

242 3341 311 3398 dum
340 3357 405 3398 esse
435 3339 674 3414 existimaverim,
696 3340 789 3412 qualis
806 3339 945 3397 Erasmus
967 3355 1072 3396 revera
1093 3338 1183 3394 fuerit
1206 3344 1236 3395 et
1255 3339 1331 3396 unde
1351 3339 1457 3396 factum

242 3447 293 3516 sit,
315 3451 347 3502 ut
369 3445 430 3516 ejus
452 3445 579 3517 ingenio,
602 3459 620 3500 a
640 3450 685 3502 tot
708 3439 894 3500 Pontificibus
917 3441 1078 3513 celebrato,
1101 3447 1167 3513 post
1188 3440 1270 3498 Pium
1289 3441 1339 3498 IX.
1363 3445 1457 3500 nullus

242 3549 356 3608 omnino
377 3550 456 3606 locus
477 3547 587 3607 Romae
610 3547 734 3619 relinqui
749 3546 890 3603 videatur.
936 3543 1017 3614 Quod
1038 3562 1124 3616 quum
1144 3545 1188 3602 illi
1209 3545 1385 3620 investigare
1401 3548 1457 3619 ipsi

242 3653 405 3726 negligant,
429 3669 482 3726 ego
504 3668 694 3725 aggressurus
714 3668 785 3722 sum,
808 3666 867 3706 non
889 3647 1041 3706 bellatorio
1065 3647 1169 3706 ardore
1187 3650 1341 3722 instigatus
1361 3667 1455 3723 neque

243 3775 343 3817 corum
373 3757 536 3830 immernor,
567 3772 641 3828 quae
666 3755 773 3828 partim
800 3769 851 3810 suo
874 3753 940 3824 jure
967 3751 1104 3810 Erasmus
1134 3753 1163 3810 in
1187 3752 1315 3810 Lutbero
1337 3756 1455 3827 eJusque

242 3863 360 3921 asseclis
382 3861 571 3935 vituperavit,
591 3859 643 3918 sed
663 3860 815 3916 universae
839 3857 1017 3930 reipublicae
1040 3857 1215 3915 christianae
1236 3858 1331 3916 studio
1354 3860 1456 3917 ductus

242 3969 362 4040 ejusque
387 3965 574 4038 concordiae,
598 3979 683 4036 quam
711 3963 789 4021 idem
810 3961 947 4020 Erasmus
970 3963 1072 4020 altiore
1095 3979 1179 4034 quum
1201 3961 1332 4035 plerique
1354 3969 1457 4036 putant

241 4072 337 4127 animo
358 4069 596 4142 persequebatur,
617 4083 670 4141 pro
690 4067 765 4124 virili
779 4073 863 4141 parte
880 4067 1021 4125 inservire
1044 4066 1170 4137 cupiens.
1215 4065 1364 4125 Interdum
1379 4069 1457 4126 enirn

240 4173 465 4248 praeteritarum
490 4189 587 4231 rerum
618 4173 725 4229 veritas
755 4172 893 4230 historica
929 4169 1049 4228 candide
1082 4171 1230 4244 proposita
1258 4172 1456 4243 praesentium

240 4277 420 4350 quarundam
455 4277 584 4334 rixarum
609 4277 692 4348 quasi
712 4275 856 4334 medicina
878 4293 942 4334 esse
962 4251 1076 4349 potest,
1105 4276 1210 4347 exigua
1233 4275 1404 4346 ecquidem
1427 4283 1458 4333 ut

238 4383 352 4441 videtur
373 4398 408 4440 ac
430 4381 515 4439 tarda
536 4397 630 4452 neque
651 4387 748 4438 tamen
772 4379 990 4438 contemnenda.
1038 4379 1131 4448 Quam
1154 4378 1327 4437 medicinam
1342 4381 1459 4452 quibus·

238 4503 305 4544 nam
327 4486 413 4560 hujus
442 4484 580 4558 temporis
600 4485 682 4543 malis
709 4485 797 4544 etiam
818 4501 869 4558 ea,
892 4500 977 4556 quarn
1005 4500 1091 4556 supra
1111 4483 1209 4558 innui,
1235 4483 1459 4556 investigatione
