3188 5086
659 346 752 398 Garnr
771 339 816 398 VI.
1295 343 1346 399 159

136 559 238 619 Jnstus
257 558 348 619 lonas
370 565 401 620 et
423 559 576 634 Schalbus,
598 565 754 633 praeterea
775 558 870 618 Draco
891 559 977 634 longo
997 559 1104 618 itinere
1125 557 1164 618 ad
1185 559 1346 634 Erasmurn,

137 669 207 722 tunc
230 663 351 722 Lovanii
379 664 552 736 degentem,
574 665 754 737 peregrinati
780 663 872 722 ιιιιιιι
923 661 1029 722 Omnes
1059 663 1152 738 diem,
1180 679 1237 736 quo
1266 664 1347 722 illum

136 772 362 840 conspexerant,
384 773 418 826 ut
437 769 516 826 vitae
535 767 732 826 beatissimum
752 767 980 826 celebraverunt.

224 869 270 930 Ad
292 871 500 930 conciliandam
522 877 633 930 mutam
655 872 967 944 praestantissimorum
985 872 1111 930 virorum
1126 869 1347 932 admirationem

135 976 312 1048 permultum
336 976 492 1034 contulisse
511 977 665 1035 amabilem
687 974 832 1048 quandam
853 976 883 1032 in
898 974 1020 1034 Ειιιειιιο
1043 991 1155 1034 morum
1169 981 1348 1050 naturaeque

135 1079 312 1151 probitatem
341 1085 372 1138 et
403 1078 577 1150 bonitatem,
610 1079 635 1137 si
671 1079 736 1151 quis
763 1078 901 1152 epistolas
926 1079 989 1151 ejus
1017 1078 1139 1152 legerit,
1174 1095 1210 1138 eo
1235 1079 1348 1153 plenius

136 1187 292 1256 agnoscet,
318 1199 374 1255 quo
403 1183 534 1256 apertius
556 1183 617 1240 illic
648 1183 736 1240 etiam
756 1180 894 1254 quidquid
916 1182 947 1239 iu
969 1197 1004 1240 eo
1024 1182 1167 1242 humanae
1190 1183 1350 1244 debilitatis

136 1285 207 1362 fuit,
231 1303 398 1360 expressum
421 1286 657 1360 deprehenditur.
701 1286 782 1358 Quae
805 1287 898 1344 minus
921 1291 1018 1360 recte,
1042 1303 1117 1360 quae
1131 1287 1220 1348 nimio
1235 1286 1350 1362 affectu,

136 1406 213 1462 qnae
235 1405 292 1450 non
315 1391 386 1448 satis
408 1389 524 1450 leniter
545 1407 580 1449 ao
601 1391 714 1450 sincere
735 1389 809 1448 dixit
832 1395 863 1448 et
885 1388 968 1463 iecit,
991 1405 1028 1450 ea
1046 1392 1149 1466 ipsum,
1172 1393 1350 1452 conscientia

137 1495 294 1568 monitum,
329 1494 476 1568 corrigere
512 1495 628 1567 saepius
662 1493 805 1566 videmus3
839 1507 897 1551 non
938 1499 1034 1554 tantas
1066 1495 1098 1552 in
1129 1494 1179 1554 illo
1211 1495 1349 1570 ejusmodi

137 1597 268 1658 maculas
301 1597 406 1672 luisse,
434 1605 559 1671 quantae
587 1598 756 1670 plemmque
778 1613 855 1655 nunc
877 1602 1040 1672 censentur,
1066 1613 1118 1657 sno
1142 1597 1206 1658 loco
1233 1599 1351 1658 demon·

137 1702 306 1774 suabinus,
338 1701 386 1760 hic
415 1701 513 1761 dicere
540 1699 661 1775 sufficit,
688 1701 779 1760 multo
801 1699 991 1774 praevalere,
1020 1717 1096 1774 qnae
1120 1703 1179 1761 sint
1200 1702 1350 1762 nobilioris

136 1805 253 1864 indolis.
296 1805 331 1864 Id
351 1803 495 1878 Clericus,
520 1805 571 1878 qni
592 1811 623 1865 et
641 1804 719 1864 illius
740 1805 876 1878 epistolas
899 1805 994 1865 denuo
1016 1805 1110 1865 editas
1130 1806 1350 1880 diligentissime
1409 1881 1417 1896 ·

137 1909 332 1982 examinavit,
366 1914 397 1968 et
429 1909 519 1983 ipsius
550 1909 682 1968 vitiorum
718 1908 789 1968 satis
819 1925 936 1967 severus
960 1907 1051 1983 jndex
1078 1915 1158 1984 erat,
1185 1911 1350 1983 plenissime

137 2012 264 2086 agnovit
315 2013 373 2072 Suo
401 2015 467 2086 jure
499 2013 614 2071 Erasmi
644 2012 799 2071 virtutibus
840 2011 928 2071 etiam
961 2013 1156 2074 hilaritatem·
1170 2013 1349 2088 adnumerat,

17 2127 18 2162 ι
136 2115 217 2174 inter
238 2119 282 2174 tot
303 2117 380 2176 vitae
398 2117 529 2176 miserias
550 2132 585 2176 ao
605 2121 794 2189 tempestates
816 2121 973 2190 servatam,
996 2132 1090 2189 neque
1112 2117 1203 2176 multa
1222 2117 1348 2178 lectione

137 2233 235 2292 neque
264 2225 399 2280 accurata
428 2221 562 2279 vitiorum
593 2219 740 2278 bominum
770 2219 934 2293 cognitione
964 2220 1144 2280 exstinctam.
1187 2221 1284 2295 Atque
1306 2227 1350 2280 tot

17 2327 18 2354 ¹
138 2322 262 2396 singulis
289 2325 320 2382 in
348 2340 383 2382 eo
411 2323 599 2398 vituperatis,
626 2329 725 2382 tamen
748 2323 785 2381 ad
807 2323 1054 2396 complectendam
1077 2329 1167 2384 totam
1187 2327 1250 2399 ejus
1271 2326 1348 2384 vitae

137 2427 310 2502 imaginem,
332 2432 435 2501 poetae
459 2428 556 2488 verbis
578 2428 621 2486 uti
640 2443 698 2486 non
721 2425 849 2486 dubitat:

621 2597 662 2608 -
681 2565 749 2624 bnic
769 2563 866 2624 Pudor
888 2569 919 2623 et
939 2565 1076 2625 iustitiae
1099 2581 1182 2626 soror

448 2668 619 2743 Incorrupta
640 2667 729 2727 Fides
752 2667 886 2742 nudaque
909 2669 1025 2729 Veritas

534 2771 656 2844 Quando
680 2772 770 2831 ullum
792 2774 943 2832 invenient
964 2774 1080 2848 pareml

139 2927 254 2990 Eodem
276 2927 338 2989 iere
361 2933 492 3002 tompore
515 2925 696 2988 doctissimus
719 2933 806 3001 atque
824 2927 1009 3002 probissimus
1031 2928 1225 3006 Lutheranus,
1247 2932 1350 2992 alber-

138 3041 188 3094 tus
211 3032 379 3107 Fabricius,
408 3033 473 3107 pari
507 3031 658 3105 diligentia
687 3031 802 3090 Erasmi
833 3032 969 3104 epistolas
991 3039 1207 3108 perscrutatus,
1236 3053 1352 3109 prorsus

138 3139 220 3198 idem
249 3137 285 3197 de
314 3138 364 3196 illo
389 3136 528 3212 judicium
558 3137 632 3194 tulit.
677 3136 731 3208 Qui
760 3139 850 3194 totam
878 3138 940 3210 ejus
970 3136 1172 3209 vitemusque
1204 3138 1242 3196 ad
1267 3138 1353 3198 finem

140 3241 345 3316 considerans,
371 3241 504 3300 similiter
530 3246 622 3328 'atque
652 3255 744 3312 nuper
765 3238 905 3298 Nisardns
933 3238 964 3297 id
987 3255 1098 3313 quoque
1126 3256 1235 3300 summo
1258 3241 1353 3302 studio

139 3345 307 3420 contendit,
340 3345 432 3404 virum
458 3344 555 3420 illum,
591 3344 720 3417 quamvis
747 3342 845 3402 indole
871 3341 1020 3416 timidum,
1050 3348 1149 3403 mmcn
1174 3361 1354 3422 nequequam

139 3451 288 3510 bominem
318 3449 451 3524 ignavum
477 3446 576 3507 fuisse.
631 3449 732 3521 Itaque
759 3464 811 3506 nos
840 3463 968 3522 quoque,
1004 3448 1042 3506 ad
1071 3448 1194 3508 candem
1219 3453 1355 3526 epistola·

139 3571 208 3614 rum
236 3553 349 3614 illarum
378 3554 534 3614 lectionem
560 3553 660 3614 variis.
677 3551 855 3626 temporibus
884 3553 996 3612 reversi
1017 3569 1187 3626 persuasum
1207 3555 1356 3634 habemus,

140 3659 258 3718 mmm
282 3675 340 3718 nou
361 3659 455 3718 minus
478 3659 574 3716 animo
599 3673 634 3716 ac
656 3656 782 3716 moribus
804 3673 890 3730 quam
912 3657 1029 3732 ingenio
1052 3659 1083 3717 iu
1106 3665 1150 3718 tot
1171 3660 1355 3721 nobilissimis

142 3762 377 3823 adolescentibus
397 3763 570 3822 incredibile
592 3761 665 3820 illud
688 3759 813 3820 studium
832 3763 895 3835 ejus
917 3777 1070 3820 accensum
1091 3779 1172 3838 esse,
1195 3764 1272 3836 quod
1294 3766 1355 3838 ejus

141 3871 265 3926 mortem
294 3865 447 3941 deplorans
469 3867 586 3926 Nausea
615 3865 660 3923 his
681 3865 778 3924 verbis
801 3865 949 3938 exprimit:
981 3865 1069 3924 Totus
1091 3866 1202 3924 animus
1221 3866 1252 3924 in
1271 3867 1355 3924 unius

142 3970 260 4030 Erasmi
285 3971 526 4044 contemplatione
553 3967 743 4044 defigebatur,
777 3968 930 4026 Erasmum
960 3967 1170 4042 cogitabamus,
1201 3967 1354 4028 Erasmum

142 4074 313 4135 videbamus
335 4080 366 4134 et
388 4071 605 4134 audiebamus.¹

233 4179 368 4254 Inprimis
394 4180 486 4254 viguit
513 4180 543 4238 in
565 4178 688 4238 Eraemo
711 4194 768 4236 non
789 4177 883 4236 minus
911 4192 1081 4251 generosum
1112 4191 1199 4248 quam
1224 4176 1354 4251 inexple-

143 4285 204 4344 bile
228 4285 373 4344 amicitiac
406 4289 492 4359 atque
523 4281 715 4344 fraternitatis
737 4280 920 4341 desiderium.
964 4279 999 4338 In
1021 4277 1182 4340 retinendis
1204 4281 1353 4341 veteribus

237 4537 261 4604 1)
280 4539 318 4592 Oi.
337 4539 365 4594 O.
384 4539 499 4606 Κιιιιιο,
518 4537 584 4590 Eeb.
602 4535 700 4588 Harena
719 4535 738 4587 1.
758 4553 784 4601 p.
795 4539 845 4587 289
858 4549 892 4587 aa.

235 4627 262 4695 2)
277 4628 381 4678 Nausea
399 4628 427 4678 in
444 4624 576 4688 monodia,
594 4640 658 4692 quas
673 4625 770 4690 legitur
786 4624 814 4674 in
832 4623 876 4674 Er.
895 4637 955 4687 opp.
974 4619 1013 4670 ad.
1030 4619 1098 4672 (liar.
1117 4617 1138 4674 1.
