3194 5042
240 242 293 296 132
784 240 873 295 Carus
891 239 924 293 V.

239 463 307 504 cum
334 445 409 503 bono
437 443 563 521 quodam
585 443 793 520 Peripatetico,
821 442 884 502 viro
912 442 1042 518 ingenuo
1070 446 1100 502 et
1121 442 1158 501 ab
1181 441 1262 501 omni
1286 441 1484 519 malignitate

238 552 347 626 alieno,
370 552 423 612 sed
444 552 585 612 acerrimo
603 551 775 612 Ptolemaici
794 550 966 626 systematis
985 555 1216 627 propugnatore,
1240 568 1331 627 quem
1350 557 1485 627 propter

239 659 444 719 incredibilem
472 658 619 736 Simplicii
652 658 889 718 commentatoris
916 657 1097 718 Aristotelici
1129 657 1311 717 celeberrimi
1345 657 1485 716 admira·

239 767 350 826 tionem
373 765 561 844 Simplicium
584 771 676 826 vocat.
719 766 827 826 Contra
849 765 929 824 hunc
951 765 1072 826 illorum
1094 764 1181 847 alter,
1205 764 1355 842 Sagredus
1375 764 1484 824 Vene-

240 879 301 949 tus,
331 873 486 952 Oopernici
514 875 676 934 doctrinam
706 873 851 948 defendit,
879 873 952 932 dum
979 872 1066 948 alter,
1095 871 1244 932 Salviatus
1271 872 1483 945 Florentinus,

239 982 337 1059 ipsius
360 982 573 1060 quodammodo
592 981 717 1042 Galilaei
740 999 896 1058 personam
919 980 1078 1054 reserens,¹
1101 979 1232 1040 modium
1254 980 1334 1038 inter
1356 985 1484 1040 utrum-

240 1107 298 1166 que
325 1089 423 1149 locum
451 1093 532 1150 tenet
559 1107 656 1167 neque
679 1107 823 1168 unquam,
851 1088 923 1148 licet
944 1088 981 1147 ad
1005 1087 1126 1164 Sagredi
1150 1087 1303 1166 opiniones
1326 1087 1483 1147 inclinare

240 1197 351 1274 passim
380 1197 527 1274 videatur,
556 1196 785 1257 controversiam
809 1196 930 1255 dirimit.
976 1193 1073 1269 Quare
1095 1196 1184 1255 etiam
1207 1195 1304 1272 quarti
1326 1195 1389 1255 diei
1416 1195 1482 1254 dia—

239 1304 327 1380 logus
354 1304 397 1364 ita
422 1305 537 1380 linitur,
565 1309 600 1364 ut
626 1323 702 1365 nova
729 1303 875 1382 colloquia
902 1303 939 1362 de
961 1303 1068 1364 iisdem
1091 1301 1312 1380 quaestionibus
1336 1301 1481 1362 facienda

240 1411 444 1471 desiderentur
466 1417 496 1473 et
517 1411 734 1490 promittantur.

346 1519 457 1579 Romae
485 1519 635 1580 Galilaeus
662 1518 957 1579 honorificentissime
983 1518 1091 1578 iterum
1118 1535 1136 1576 a
1161 1517 1305 1578 Pontifice
1330 1523 1479 1596 receptus

241 1630 294 1685 est.
345 1625 390 1686 De
421 1626 616 1704 imprimendo
648 1631 678 1686 et
709 1627 822 1686 edendo
854 1625 919 1702 ejus
951 1625 1025 1686 libro
1052 1625 1140 1685 amici
1167 1626 1277 1702 optima
1304 1626 1478 1702 sperabant

241 1733 365 1809 Adjuvit
392 1751 461 1793 eum
488 1739 631 1812 quantum
660 1735 757 1811 potuit
783 1733 989 1794 nobilissimus
1016 1733 1075 1809 vir,
1103 1732 1203 1810 Magni
1230 1732 1323 1792 Ducis
1351 1733 1477 1792 Etrusci

241 1842 370 1918 legatus,
392 1840 573 1902 Nicoclinus.
617 1841 729 1902 Censor
751 1841 820 1900 libri
839 1840 1013 1916 Riccardus,
1036 1840 1144 1900 Palatii
1161 1840 1314 1917 Magister,
1338 1839 1477 1900 Galilaeo

241 1950 357 2024 favens,
386 1949 438 2009 sed
466 1953 600 2027 potentes
623 1949 688 2026 ejus
711 1949 893 2008 adversarios
916 1949 1029 2008 veritus
1051 1948 1214 2026 multisque
1237 1947 1388 2024 scrupulis
1411 1948 1477 2024 agi-

241 2061 334 2133 tatus,
370 2056 496 2118 infinitis
533 2057 759 2117 difficultatibus
795 2075 858 2116 rem
890 2055 1044 2116 obstruxit.
1101 2053 1183 2129 Quae
1214 2053 1331 2131 singula
1363 2057 1476 2115 mutari

241 2164 336 2224 voluit
357 2164 445 2225 facile
468 2169 581 2224 mutata
604 2171 681 2225 sunt
728 2163 798 2224 Mox
821 2169 932 2239 tamen,
957 2163 1082 2224 consilio
1105 2161 1174 2240 plus
1198 2162 1290 2222 semel
1312 2180 1382 2222 cum
1405 2163 1477 2240 ipsc

241 2271 384 2332 Pontificc
416 2264 527 2348 h'abito,
560 2272 693 2349 gratiora
724 2271 872 2350 poposcit,
904 2271 1045 2330 nimirum
1073 2275 1107 2330 ut
1133 2270 1370 2348 praemitteretur
1396 2269 1477 2330 libro

241 2379 436 2456 prooemium,
460 2397 518 2458 quo
542 2379 693 2440 decretum
716 2379 936 2458 quatuordecim
959 2379 1046 2438 annis
1069 2383 1137 2438 ante
1155 2383 1256 2438 contra
1274 2377 1476 2455 Copernicum

241 2487 352 2546 iactum
375 2487 493 2547 disertis
516 2487 614 2547 verbis
636 2493 844 2564 agnosceretur
866 2491 896 2547 et
917 2486 1087 2546 laudaretur
1109 2489 1139 2545 et
1161 2491 1195 2546 ut
1217 2486 1250 2544 in
1267 2485 1327 2545 fine
1344 2486 1476 2547 fortissi-

241 2611 324 2652 mum
356 2593 432 2652 illud
459 2595 537 2672 quod
565 2595 735 2672 putabatur,
768 2594 910 2654 adversus
937 2613 1044 2655 novam
1072 2594 1234 2654 doctrinam
1262 2599 1475 2669 argumentum

241 2701 407 2775 afferretur,
440 2700 519 2778 quod
545 2701 627 2778 Papa
658 2719 690 2761 se
721 2702 822 2778 ipsum
855 2701 987 2762 Galilaeo
1021 2701 1196 2779 exposuisse
1228 2700 1350 2760 dixerat
1401 2699 1474 2761 Ideo

242 2807 313 2866 huic
334 2811 386 2866 aut
406 2807 445 2867 de
467 2807 580 2868 edendo
602 2807 677 2868 libro
701 2827 755 2868 suo
778 2808 994 2886 desperandum
1017 2826 1084 2869 esse
1106 2807 1206 2868 visum
1228 2813 1274 2868 est
1291 2813 1344 2867 aut
1361 2807 1473 2868 facien·

242 2915 314 2974 dum
345 2915 424 2993 quod
452 2915 556 2992 jussus
588 2920 658 2976 erat
707 2917 887 2994 Antaposuit
918 2916 1101 2995 periculosas
1133 2914 1295 2976 sinceritati
1327 2933 1472 2990 secanam,

242 3041 331 3102 quam
362 3040 464 3084 omnes
495 3024 651 3102 putabant,
683 3023 903 3085 oboedientiam.
954 3025 1059 3102 Itaque
1090 3023 1122 3082 in
1149 3024 1209 3083 fine
1236 3022 1334 3101 quarti
1361 3022 1471 3099 dialogi

242 3129 391 3191 Salviatus
418 3131 546 3190 affirmat
573 3149 605 3192 se
632 3149 725 3193 novae
748 3132 818 3193 huic
841 3131 990 3192 doctrinae
1011 3149 1109 3209 neque
1132 3130 1318 3208 superiorum
1340 3130 1471 3190 virorum

241 3255 397 3298 assensum
428 3238 575 3316 polliceri,
607 3257 704 3317 neque
736 3257 824 3300 suum
855 3244 1016 3317 praestare,
1049 3239 1102 3300 sed
1128 3238 1216 3298 facile
1243 3256 1277 3298 se
1302 3237 1410 3297 adduci
1435 3243 1471 3297 ut

241 3363 294 3422 pro
316 3345 478 3405 vanissima
500 3346 648 3406 chimaera
670 3353 700 3407 et
721 3365 803 3407 mero
825 3347 972 3424 paradoxo
995 3347 1079 3406 illam
1101 3347 1214 3407 habeat
1256 3345 1295 3406 Et
1312 3351 1469 3423 postquam

242 3451 415 3530 Simplicius
435 3452 661 3526 ,solidissimum
679 3454 756 3514 illud
775 3454 939 3515 doctissimi
958 3460 987 3514 et
1005 3452 1232 3514 eminentissimi
1250 3453 1333 3529 riri‘,
1358 3451 1470 3513 scilicet

241 3558 364 3634 Urbani,
401 3565 634 3636 ,argumentum‘
669 3563 819 3639 exposuit,
857 3561 1005 3623 Salviatus
1037 3563 1113 3622 hanc
1144 3560 1309 3621 mirabilem
1340 3565 1371 3620 ct
1400 3578 1468 3620 vere

241 3667 406 3744 angelicam
428 3667 591 3728 doctrinam
614 3687 679 3730 esse
702 3670 781 3730 dicit
827 3669 927 3729 Prima
949 3687 1018 3730 vero
1041 3669 1182 3747 prooemii
1204 3669 1305 3745 verba,
1331 3669 1410 3747 quod
1431 3669 1466 3726 ad

240 3793 303 3835 rem
330 3775 459 3854 pertinet
482 3775 613 3837 Galilaeo
635 3777 773 3855 imposita
796 3781 826 3838 et
848 3777 969 3853 dictata,
997 3778 1076 3856 quod
1098 3777 1136 3836 ad
1159 3777 1261 3836 stilum
1283 3776 1380 3854 ipsius
1402 3793 1466 3853 prc-

240 3882 318 3959 pria,
345 3883 452 3944 haecce
481 3889 564 3944 sunt:
594 3885 831 3962 ,Promulgatum
857 3890 904 3946 est
926 3885 1036 3946 Romae
1062 3884 1207 3964 proximis
1229 3885 1317 3944 annis
1339 3883 1465 3944 edictum

241 3989 381 4067 salutaro,
409 4010 482 4070 quo,
509 3997 544 4052 ut
570 3991 745 4070 periculosis
770 3972 936 4070 praesentis
963 3993 1028 4053 aeri
1056 3992 1202 4054 scandalis
1230 3992 1344 4052 obviam
1367 3991 1463 4066 iretur,

240 4096 454 4175 Pythagoricae
476 4099 514 4160 do
535 4105 630 4160 terrae
652 4105 734 4160 motu
756 4101 887 4178 opinioni
906 4105 1105 4179 opportunum
1124 4099 1277 4161 silentium
1296 4099 1464 4178 impositum

240 4209 294 4265 est
335 4205 467 4266 meunt
489 4207 541 4286 qui
563 4212 674 4268 temere
696 4209 889 4285 affirmarent,
912 4208 988 4268 illud
1010 4209 1162 4270 decretum
1184 4227 1244 4269 non
1267 4225 1306 4268 ex
1321 4207 1463 4302 judicioso

347 4453 374 4520 1)
392 4450 468 4505 Aliae
496 4468 560 4507 sane
587 4453 615 4507 in
641 4453 684 4508 his
707 4453 818 4523 didogis
840 4455 925 4523 ipsius
948 4455 1094 4510 sententiae
1116 4457 1148 4509 ut
1171 4452 1338 4525 ,Academici
1361 4451 1462 4524 Cynici‘

239 4539 394 4594 efferantia.
