3194 5042
221 251 272 305 162
771 248 859 303 Carus
877 249 910 302 V.

219 451 268 512 vel
294 451 440 512 oblivione
467 453 589 511 obruere
611 451 722 510 frustra
744 451 865 528 quidam
888 451 1015 511 student
1062 449 1119 524 Qui
1142 451 1213 511 licet
1234 469 1289 528 pro
1315 455 1454 528 tempore

218 558 343 619 miserae
370 559 451 636 plebi
480 577 551 620 suae
578 559 793 636 persuaserint,
822 577 972 618 summum
998 559 1145 636 flagitium
1172 576 1239 618 essa
1260 557 1311 618 vel
1332 558 1455 618 hiscere

219 671 320 726 contra
333 666 471 742 Romam,
495 685 571 744 quae
588 666 688 726 locuta
706 665 758 741 sit,
782 683 899 744 semper
917 665 1014 726 denuo
1036 671 1136 726 tamen
1158 665 1341 744 experientia
1362 665 1453 725 doce-

219 775 338 850 bantur,
361 773 455 834 Roma
476 775 626 834 fortiorem
649 792 715 834 essa
738 773 948 834 conscientiam
971 778 1002 833 et
1024 773 1203 833 evidentiam
1225 791 1332 832 rerum

325 881 445 942 Etenim
468 882 556 941 etiam
579 881 601 940 ii
624 881 676 960 qui
700 881 815 942 sincera
837 886 937 941 mente
959 899 1012 958 pro
1034 881 1093 940 fide
1115 881 1178 940 Deo
1200 880 1335 940 habenda
1356 898 1451 958 quam

219 989 425 1068 plenissimam
447 989 591 1066 legitimis
614 1007 688 1067 quos
710 993 817 1066 putant
839 987 1038 1066 apostolorum
1057 987 1276 1049 successoribus
1293 987 1451 1048 oboedian-

218 1098 291 1157 tiam
314 1098 453 1174 praebere
475 1095 568 1174 parati
588 1101 671 1170 sunt,
694 1096 765 1156 licet
786 1097 824 1155 ad
846 1101 963 1174 turpem
986 1095 1070 1154 illam
1090 1095 1215 1156 Concilii
1234 1095 1451 1155 servitudinem

218 1205 444 1266 examinandam
475 1204 524 1264 vel
551 1203 669 1264 animus
696 1203 786 1280 desit,
819 1203 868 1263 vel
895 1204 974 1264 vires
1001 1221 1061 1263 non
1088 1203 1250 1278 sufficiant,
1282 1207 1382 1262 tamen
1410 1220 1451 1262 ex

218 1312 351 1389 ejusdem
374 1311 519 1372 fructibus
542 1311 626 1370 illam
649 1315 792 1388 poterunt,
811 1311 932 1371 odorari.
977 1310 1092 1370 Novam
1114 1311 1235 1389 quidem
1263 1315 1449 1388 potestatem,

218 1438 307 1497 quam
329 1419 362 1478 in
384 1420 539 1497 episcopos
562 1425 592 1479 et
615 1419 755 1478 ecclesias
773 1411 937 1479 actionales
957 1418 1046 1478 Curia
1067 1419 1234 1496 usurpavit,
1258 1417 1303 1476 illi
1321 1417 1450 1477 fortasse

218 1545 278 1586 non
305 1525 547 1587 animadvertant
593 1526 753 1586 Hominem
779 1532 975 1604 peccatorem,
1004 1526 1055 1586 ubi
1077 1527 1115 1585 de
1140 1525 1278 1586 cathedra
1299 1525 1449 1602 loquatur,

218 1633 284 1692 falli
312 1633 446 1694 nescium
473 1634 571 1694 subito
598 1633 676 1708 fieri,
704 1651 757 1710 pro
784 1633 959 1693 credulitate
987 1651 1041 1692 sua
1068 1633 1190 1710 plurimi
1218 1633 1343 1692 fortasse
1370 1632 1449 1692 serio

219 1740 274 1801 sibi
297 1741 525 1818 persuadebunt.
572 1740 684 1801 Verum
706 1741 850 1817 adulatio,
874 1758 950 1819 quae
973 1741 1070 1818 Papae
1092 1745 1271 1818 praestatur,
1294 1740 1351 1800 hoc
1373 1744 1449 1800 tem-

217 1867 288 1926 pore
306 1848 343 1907 ad
362 1853 474 1908 tautam
493 1847 707 1908 immanitatem
726 1865 911 1926 progressam
930 1865 996 1908 essa
1014 1846 1231 1924 ostendimus,l
1253 1853 1288 1907 ut
1304 1848 1369 1907 fieri
1386 1865 1448 1908 uon

217 1955 324 2034 possit,
353 1955 425 2034 quin
449 1955 629 2032 Concilium,
657 1956 737 2034 quod
758 1956 847 2016 istam
870 1956 996 2016 decretis
1024 1961 1054 2016 et
1075 1961 1137 2015 toto
1159 1955 1279 2033 ingenio
1301 1972 1355 2014 suo
1378 1973 1448 2014 con·

218 2064 358 2138 firmavit,
385 2063 416 2122 in
440 2065 572 2124 omnium
600 2063 806 2140 religiosorum
828 2063 982 2123 hominum
1005 2063 1204 2140 suspicionem
1231 2062 1372 2140 paulatim
1396 2081 1448 2122 re-

218 2171 287 2230 niet
321 2169 477 2249 Quumque
491 2171 629 2230 Pontifex
650 2189 765 2231 summo
784 2171 908 2248 imperio
923 2189 976 2231 suo
995 2171 1186 2246 ecclesiastic,
1205 2188 1259 2248 per
1276 2170 1354 2229 idem
1371 2169 1448 2229 Cou-

217 2277 320 2338 cilium
347 2277 423 2337 illud
450 2278 488 2336 ad
517 2297 666 2338 summurn
694 2278 847 2354 fastigium
869 2283 1020 2356 provecto,
1047 2295 1086 2338 na
1112 2277 1234 2336 minime
1261 2276 1381 2355 quiidem
1408 2278 1448 2336 ad

218 2385 403 2461 castigandas
444 2385 554 2462 ubique
590 2385 778 2462 blasphemas
815 2386 888 2445 istas
925 2385 1052 2462 ineptias
1089 2403 1163 2445 usus
1199 2385 1301 2460 fuerit,
1343 2402 1447 2444 omnes

217 2492 353 2569 proinde,
386 2492 555 2570 quicunque
583 2492 779 2552 conscientiae
806 2511 907 2553 vocem
935 2493 1060 2552 audiunt
1086 2511 1121 2553 ac
1147 2497 1331 2568 reverentur,
1359 2492 1445 2552 illum

217 2617 276 2658 nou
303 2599 469 2676 praeclarae
496 2601 651 2676 cujusdam
683 2600 861 2660 christianae
891 2600 1024 2660 veritatis
1056 2617 1229 2678 praeconem
1261 2601 1312 2660 sed
1339 2600 1448 2660 erroris

218 2705 396 2795 ministrum¹
419 2707 513 2765 fuisse
544 2706 727 2782 intellegent
782 2707 877 2785 quue
908 2726 942 2767 eo
973 2707 1064 2768 altius
1095 2708 1252 2785 proborum
1288 2711 1318 2768 et
1349 2708 1447 2768 erudi-

218 2818 314 2873 torum
342 2813 456 2872 animos
483 2814 660 2889 penetrabit,
689 2832 747 2892 quo
775 2814 884 2875 clarius
910 2815 996 2875 novis
1022 2816 1205 2892 argumentis
1232 2815 1269 2875 ad
1297 2815 1447 2876 stabilien-

218 2919 290 2979 dum
320 2937 431 2980 novum
458 2919 564 2998 dogma
590 2938 666 2998 opus
679 2945 681 2950 ·
694 2922 757 2982 erit.
813 2921 908 2996 Quare
935 2921 1088 3000 desperata
1114 2927 1226 2998 mente,
1258 2941 1351 3001 quum
1377 2942 1448 2983 vera

217 3033 391 3104 argumenta
430 3028 558 3088 inveniri
599 3047 660 3088 non
698 3035 833 3108 possent,
874 3031 911 3090 ad
953 3031 1114 3108 stupendas
1157 3031 1334 3108 sophisticae
1373 3031 1447 3091 artis

217 3135 369 3196 machinas
405 3155 440 3196 ac
477 3135 610 3196 fallacias
647 3137 852 3214 confugemnt.
913 3137 963 3198 Sic
999 3137 1179 3215 Mauringus
1212 3137 1377 3198 Cardinalis
1409 3139 1445 3198 ad

218 3243 417 3302 excusandam
436 3243 599 3303 inauditam
622 3243 654 3303 in
677 3245 811 3304 doctrina
833 3245 952 3322 publica
974 3245 1134 3305 novitmem
1156 3247 1302 3324 praetexit
1323 3245 1445 3305 alteram

217 3350 345 3426 priorem
367 3351 528 3410 novitatem
552 3351 742 3411 Mariclatrici
765 3352 924 3428 dogmatis,
952 3353 1080 3413 sedecim
1104 3353 1191 3413 annis
1213 3359 1281 3413 aute
1304 3353 1445 3414 ecclesiae

217 3475 235 3514 a
258 3457 320 3516 solo
343 3457 424 3535 Papa
446 3458 483 3517 ad
506 3457 684 3518 credendum
707 3460 848 3537 impositi.
891 3459 985 3537 Gujus
1003 3461 1203 3521 definitionem
1227 3465 1326 3538 spreta
1347 3460 1444 3538 impu-

218 3563 322 3623 denter
344 3563 445 3624 Sancti
468 3565 624 3642 Bemardi,
653 3566 753 3627 Sancti
777 3567 905 3628 Thomna
928 3567 1099 3646 Aquinatis,
1126 3567 1251 3628 aliorum
1274 3568 1445 3628 auctoritate

217 3689 315 3731 coram
347 3671 486 3732 universo
522 3674 592 3734 orbe
629 3675 737 3734 factam
769 3674 950 3752 Manningus
986 3675 1099 3736 irritam
1135 3676 1198 3736 fore
1234 3675 1312 3735 dixit
1348 3694 1444 3755 neque

217 3778 379 3857 quidquam
406 3780 589 3840 auctoritatis
617 3785 707 3860 atque
734 3783 889 3859 potestatis
917 3782 1084 3843 habituram
1111 3801 1189 3858 esse,
1222 3783 1282 3843 nisi
1305 3783 1369 3860 jam
1396 3803 1443 3844 ac

217 3885 334 3947 cederet
360 3887 453 3947 altera
479 3888 625 3965 dogmatis
652 3889 690 3949 da
716 3889 929 3950 infallibilitate
961 3891 1061 3968 papali
1092 3891 1215 3951 novitas.
1267 3889 1351 3965 Quod
1382 3897 1444 3951 erat

217 3994 348 4054 confiteri
384 3995 422 4054 ad
457 3995 585 4073 priorem
621 3997 771 4056 fictionem
807 3998 947 4058 tuendam
982 3997 1075 4058 altera
1105 3999 1222 4058 fictione
1253 4017 1314 4058 non
1345 3999 1443 4059 minua

216 4101 320 4161 audaci
351 4119 426 4180 opus
459 4121 532 4163 esse.
583 4103 704 4166 Scilicet
735 4105 848 4182 duplex
879 4106 942 4166 veri
969 4111 1156 4184 contemptus
1184 4105 1313 4184 simplici
1340 4107 1443 4166 melior

216 4225 251 4268 ac
273 4209 376 4270 fortior
397 4210 528 4271 habetur.
572 4211 669 4272 Simul
692 4231 781 4290 quam
801 4212 978 4274 obliviosum
997 4231 1085 4291 saepe
1103 4213 1135 4272 in
1153 4213 1338 4290 gravissimis
1355 4215 1442 4274 rebus

216 4315 384 4376 mortalium
410 4317 521 4394 vulgus
548 4324 627 4379 esset
654 4320 763 4380 iterum
789 4320 894 4398 patuit
939 4319 1058 4382 Etenim
1085 4321 1165 4380 haud
1191 4321 1233 4380 ita
1259 4320 1353 4381 multo
1375 4325 1443 4382 ante

324 4545 350 4614 1)
370 4544 408 4599 Cf.
427 4543 526 4599 Primis
545 4545 628 4615 partis
647 4563 704 4616 cap.
723 4547 758 4602 11.
