3202 5058
679 311 771 360 Cusus
792 309 828 359 II.
1326 307 1356 358 41

145 523 218 583 dere
233 529 362 597 possunt.
404 523 507 597 Neque
529 539 668 596 negamus
691 525 819 598 priorum
841 525 1001 583 seculorum
1024 523 1168 597 Concilia,
1192 523 1261 582 licet
1281 539 1361 582 murr-

144 625 216 685 dani
245 626 364 687 affectus
389 629 450 701 jam
483 643 548 686 sese
576 627 611 685 iis
636 627 859 703 admiscuerint,
884 643 941 686 norr
971 629 1034 687 sine
1062 627 1160 686 divina
1181 625 1363 701 providentia

142 733 188 790 ita
211 731 373 805 gubernata
393 747 475 807 esse,
507 737 539 790 nt
561 733 672 806 magnis
693 731 863 806 quibusdam
891 733 1005 792 illorum
1032 737 1193 807 temporum
1213 731 1360 792 erroribus

142 835 287 909 praecisis
310 834 401 894 futuri
423 835 488 895 aevi
516 835 602 894 saluti
625 837 834 910 prospicerent.
878 836 918 895 Et
947 837 984 896 ab
1007 837 1065 895 illis
1087 835 1202 910 quidem
1225 834 1360 894 Consiliis

143 955 302 997 consensus
325 939 469 998 ecclesiae
491 939 555 999 sine
577 939 635 998 nllo
657 941 778 1013 imperio
793 941 892 1014 papali
915 941 1086 999 constitutus
1106 945 1159 998 est.
1191 939 1276 998 Nunc
1289 956 1360 998 vero

141 1042 214 1102 Pius
236 1041 286 1101 IX.
308 1044 425 1102 concilii
444 1043 578 1102 Vaticani
602 1061 656 1118 ope
676 1041 871 1104 definiendum
900 1043 1026 1118 curavit,
1057 1043 1168 1118 Papam
1185 1044 1246 1116 jam
1269 1044 1359 1102 solnm

142 1149 209 1205 sine
237 1145 365 1206 Concilio
400 1147 462 1206 falli
489 1148 619 1207 nescium
647 1165 710 1208 esse
741 1155 772 1208 et
797 1147 834 1208 de
864 1149 963 1222 quavis
993 1149 1162 1223 quaestione
1189 1163 1358 1207 consensum

143 1251 288 1310 ecclesiae
313 1248 430 1312 efficere
456 1268 550 1327 posse.
596 1253 698 1326 Itaque
729 1253 784 1311 sibi
808 1270 897 1327 supra
918 1269 1018 1312 omnes
1046 1252 1176 1312 homines
1199 1252 1358 1325 singula-

140 1355 268 1414 ritatis
299 1356 461 1430 gloriam
483 1356 618 1430 arripuit,
645 1362 758 1416 ceteros
782 1373 852 1417 vcro
876 1357 1025 1432 episcopos
1051 1374 1087 1416 er
1116 1373 1217 1430 parum
1239 1355 1360 1415 hamum

141 1458 209 1516 loco
230 1458 350 1534 dejecit,
374 1465 407 1518 ut
428 1460 581 1535 deinceps,
608 1459 693 1520 sicuti
716 1459 866 1534 pontifices
889 1460 1009 1536 Christi,
1031 1461 1074 1519 ita
1096 1460 1224 1534 episcopi
1246 1457 1386 1534 pontifi·

142 1579 210 1619 cnm
237 1561 337 1622 vicarii
364 1570 395 1623 et
423 1565 500 1622 servi
529 1569 636 1624 essent
687 1565 767 1637 Quae
790 1583 876 1638 quum
898 1564 1025 1625 feliciter
1046 1570 1215 1640 perageret,
1249 1569 1358 1623 tantam

141 1666 175 1724 in
203 1667 327 1726 ecclesia
349 1667 479 1727 Romana
507 1669 632 1727 omnium
659 1685 757 1728 rernm
787 1669 977 1729 mutationem
999 1669 1059 1728 sive
1082 1662 1129 1749 (ut
1148 1669 1237 1728 verbo
1259 1673 1360 1729 neoto·

140 1770 205 1828 rico
229 1765 309 1851 utar)
334 1773 543 1832 revolutionem
568 1770 705 1848 perfecit,
736 1778 872 1848 quantam
897 1791 992 1848 neque
1016 1773 1150 1848 Gregorii
1177 1773 1239 1834 vll.
1266 1789 1361 1847 nequo

141 1873 257 1932 concilii
273 1873 436 1935 Tridentini
459 1882 592 1950 tempora
614 1875 755 1936 viderunt.
801 1877 861 1936 Iam
884 1893 954 1936 vere
976 1893 1053 1936 nunc
1076 1893 1111 1935 ea
1133 1877 1247 1950 imperii
1266 1877 1360 1936 ecclc-

140 1977 253 2036 siastici
286 1978 418 2038 condicio
453 1981 566 2056 legibus
594 1979 723 2040 stabilita
745 1987 807 2055 est,
840 1987 873 2040 ut
905 1997 963 2040 non
993 1981 1080 2040 aliter
1104 1981 1179 2040 ratio
1205 1987 1358 2056 concuret,

139 2083 273 2154 quamsi
296 2084 344 2141 uni
367 2082 567 2144 redderetur.¹

230 2185 324 2258 Hujus
345 2189 512 2248 mutationis
538 2189 748 2247 immanitatem
777 2189 915 2262 permulti
939 2189 1028 2247 etiam
1049 2189 1278 2248 Protestantium
1302 2205 1359 2246 non

140 2289 214 2348 satis
252 2299 470 2366 perspexerunt.
525 2293 607 2365 Quod
645 2293 681 2352 de
716 2294 869 2366 praeclaro
899 2309 1012 2366 qnoque
1050 2293 1190 2352 historiae
1221 2291 1359 2350 ecclesia-

140 2393 234 2451 sticae
255 2396 414 2471 scriptore,
438 2395 540 2480 Carolo
563 2397 660 2472 Hase,
681 2396 834 2456 dicendum
855 2395 925 2456 mihi
951 2413 1016 2456 esse
1037 2393 1177 2456 videtm.¹
1220 2394 1360 2456 Concedit

140 2513 306 2573 repugnare
334 2516 407 2559 noro
436 2501 563 2575 dogmati
594 2502 795 2560 ecclesiastica
821 2503 983 2560 seculorum
1014 2503 1200 2560 monumenta
1228 2504 1358 2561 stacta.

141 2601 202 2661 Sed
231 2605 314 2675 quasi
343 2605 432 2664 tacite
459 2605 614 2683 inclinasse
637 2605 675 2665 ad
699 2605 771 2664 illud
790 2607 851 2679 jum
871 2605 984 2680 pridem
1006 2605 1164 2666 Romanam
1191 2604 1359 2677 ecclcsiam3

143 2723 221 2765 nunc
248 2707 321 2766 nihil
348 2723 412 2768 eam
443 2710 564 2783 fecisse,
599 2709 655 2769 nisi
681 2715 714 2768 nt
743 2709 996 2784 infallibilitatem,
1028 2725 1113 2783 quam
1135 2709 1203 2769 inde
1234 2725 1252 2768 a
1279 2708 1358 2766 mille

143 2811 228 2869 annis
250 2809 305 2869 sibi
318 2814 512 2888 arrogaverit,
534 2831 553 2874 a
572 2815 727 2874 multomm
741 2815 867 2888 capitum
886 2812 1011 2888 synodis,
1031 2813 1109 2872 inter
1124 2829 1156 2871 se
1170 2810 1359 2886 discordibus,

144 2916 175 2972 in
202 2933 290 2974 unum
318 2923 405 2991 capnt
431 2919 627 2994 uumhderit3
655 2919 744 2979 etiam
773 2924 838 2992 post
866 2919 925 2977 alia
947 2933 1021 2977 nora
1051 2917 1187 2992 dogmata
1204 2920 1358 2990 procreata

146 3033 211 3077 eam
233 3020 262 3076 in
284 3035 338 3079 sna
359 3019 455 3081 indole
477 3022 656 3097 perstitisse,
679 3023 733 3082 hoc
753 3023 908 3082 novissimo
928 3021 1062 3095 dogmate
1085 3020 1250 3096 superbiam
1268 3020 1358 3094 illam,

145 3138 203 3195 qua
229 3123 282 3182 snb
308 3125 479 3185 humilitatis
507 3127 655 3186 involucro
684 3143 800 3200 semper
821 3141 852 3184 se
873 3125 1026 3199 extulerit,
1057 3125 1093 3184 ad
1116 3141 1254 3184 summum
1276 3119 1357 3182 fasti-

146 3227 225 3301 gium
246 3229 376 3302 renisae3
401 3231 477 3303 quod
499 3236 532 3289 ut
554 3233 584 3289 in
608 3233 671 3305 ejus
694 3229 814 3289 exitium
837 3245 891 3303 per
904 3243 1008 3302 papam
1030 3227 1177 3287 indoctum
1199 3231 1230 3285 et
1253 3241 1357 3286 vanum

148 3329 256 3389 factum
282 3331 335 3403 sit,
365 3337 463 3392 tamen
483 3351 560 3393 nnnc
582 3349 694 3408 quoqne
717 3333 870 3393 ecclesiam
893 3333 1050 3392 Romanam
1074 3331 1129 3390 sibi
1147 3329 1271 3390 similem
1293 3345 1358 3404 per·

146 3431 275 3494 maneri.
319 3435 399 3507 Quae
422 3455 507 3510 quum
528 3439 571 3496 ita
593 3437 664 3512 siut,
688 3453 737 3497 eoa
758 3437 806 3510 qui
829 3437 1014 3496 novissimum
1035 3434 1108 3495 illud
1129 3434 1234 3508 dogma
1251 3435 1358 3508 impro-

148 3536 232 3612 bent,
260 3539 285 3597 si
309 3539 616 3613 palaeocatholicorum
643 3557 748 3601 nomen
775 3547 928 3616 usurpent,
958 3557 1010 3599 suo
1038 3541 1103 3614 jure
1134 3539 1193 3613 uti,
1223 3539 1268 3598 sin
1289 3553 1358 3596 vero
1397 3583 1400 3590 .

150 3639 277 3713 ejusdem
307 3649 443 3718 patronos
470 3645 686 3706 neocatholicos
713 3647 875 3721 nominent,
901 3646 932 3704 in
968 3647 1076 3720 justam
1103 3641 1359 3718 reprehensionem

148 3733 325 3806 incurrere'
978 3809 990 3826 ,¹

236 3851 289 3910 ilis
311 3853 442 3912 omnibus
465 3853 520 3912 sibi
535 3853 682 3914 constaret
697 3855 741 3913 vir
757 3855 900 3929 egregius,
922 3854 947 3913 si
964 3853 1057 3927 ipsam
1070 3849 1359 3911 Romanooatholicuc

148 3955 289 4014 ecclesiae
318 3955 447 4015 indolem
468 3959 500 4016 in
520 3957 804 4018 Antichristianismo
827 3959 912 4017 sitam
942 3973 1006 4017 esse
1028 3955 1225 4016 contenderet
1271 3951 1358 4011 Certo

148 4058 226 4116 enim
255 4059 504 4120 antichristianum
534 4061 647 4136 idest,
675 4061 752 4136 quod
778 4068 810 4121 ut
843 4061 997 4122 novissimo
1025 4059 1160 4133 dogmate
1182 4071 1359 4116 consumma·

146 4167 207 4220 tum
234 4161 389 4239 describit,
426 4167 562 4226 nimirum
588 4165 725 4241 superbia
758 4167 811 4226 sub
834 4171 957 4225 externa
984 4164 1159 4224 christianae
1188 4161 1360 4221 humilitatis

146 4266 245 4339 specie
266 4267 435 4346 incendens,
458 4271 535 4330 intus
556 4271 690 4330 Titanum
712 4272 839 4330 animum
860 4271 983 4345 spirans.
1027 4267 1110 4327 Haec
1133 4268 1209 4327 enim
1223 4265 1359 4326 Titanum

144 4369 283 4444 snperbia
310 4375 374 4446 ejus
404 4374 549 4436 simillima
577 4381 634 4450 est,
666 4391 751 4449 quam
782 4375 889 4436 Paulus
918 4374 1065 4450 apostolus
1088 4372 1119 4432 in
1139 4373 1269 4449 ,homine
1291 4385 1359 4444 pec·

233 4541 259 4606 l)
278 4538 361 4590 Taciti
379 4541 463 4591 annal
482 4541 512 4604 1,
532 4547 557 4591 6.

231 4627 260 4690 2)
280 4625 317 4676 Cf.
337 4624 448 4692 ejusdem
466 4627 580 4678 libellus:
599 4627 650 4679 Dan
669 4627 875 4691 Culturlrumpfes
893 4627 981 4690 Endo,
1001 4632 1026 4676 3.
1044 4625 1108 4675 dud.
1125 4641 1150 4688 p.
1165 4627 1197 4673 bt
1213 4641 1233 4672 ι.
