3134 5054
281 280 333 336 3OE
753 285 858 335 Panrrs
883 285 999 336 Paroars

279 512 452 556 summorum
474 498 655 572 ingeniorum
683 498 804 573 limites,
834 499 947 573 quoties
969 496 1035 558 falsi
1058 497 1165 571 aliquid
1187 497 1308 558 mixtum
1331 513 1396 556 cum
1417 513 1485 556 rem.

279 599 375 671 Quare
408 599 533 675 Georgia
558 601 647 676 Daoi,
675 604 816 661 acerrimo
837 601 959 661 Lntheri
986 604 1078 675 osori,
1101 601 1218 676 scribit,
1253 617 1285 661 se
1315 603 1363 660 vix
1395 617 1485 660 ausum

279 719 343 764 esse
368 720 420 764 sno
446 703 537 765 fidere
554 705 676 780 iudicio,
705 707 817 778 quoties
845 721 897 766 suo
919 722 984 764 cum
1004 707 1101 765 animo
1124 709 1304 780 reputasset,
1338 711 1382 764 tot
1404 706 1486 763 homi-

277 825 346 866 num
373 809 463 866 millia
492 810 524 867 in
552 808 674 869 Lntheri
701 809 831 869 favorem
861 810 1087 884 consentientis,
1120 811 1198 869 inter
1226 825 1297 882 quos
1320 808 1346 868 si
1368 809 1438 867 nihil
1459 824 1485 866 se

278 917 407 972 moveret
426 912 523 988 turba,
552 913 692 988 plurimos
721 919 821 973 nosset
849 915 967 988 ingenio
990 911 1069 972 lehci
1094 929 1256 988 magnoque
1275 912 1387 985 judicio
1409 928 1484 986 prae

277 1016 353 1076 ditos
372 1033 427 1076 nec
449 1018 563 1092 vulgari
587 1017 734 1092 doctrina,
756 1023 901 1092 postremo
924 1017 979 1078 sibi
1000 1033 1117 1092 semper
1134 1018 1257 1076 antehac
1273 1017 1349 1076 visos
1363 1017 1484 1090 integros

277 1137 311 1180 ao
341 1121 404 1194 pios
432 1121 569 1180 hominos.
615 1121 742 1181 Proinde
767 1139 855 1197 saepe
879 1138 978 1182 secum
996 1139 1027 1180 se
1050 1121 1223 1180 demiratum
1247 1136 1327 1196 esse,
1358 1120 1427 1194 quid
1448 1120 1483 1177 illi

275 1223 409 1284 viderent
437 1225 469 1283 iu
499 1215 614 1300 scriptis
636 1226 772 1300 Lntheri,
805 1227 882 1300 quod
910 1232 970 1285 tam
991 1226 1190 1300 pertinacibus
1211 1225 1313 1284 studiis
1336 1225 1484 1299 amplecte·

275 1335 377 1388 rentur
405 1345 439 1388 ac
466 1334 603 1389 tenerent
632 1330 783 1389 mordicus.
829 1330 961 1390 Veritum
993 1347 1025 1390 se
1049 1345 1114 1390 esse
1137 1346 1360 1402 nonnunquam,
1390 1344 1427 1387 ne
1445 1327 1482 1386 sui

276 1433 401 1506 stuporis
424 1439 516 1508 esset,
535 1435 582 1508 qui
606 1451 642 1493 ea
662 1451 719 1493 non
741 1435 935 1508 perspiceret,
958 1451 1032 1508 quae
1056 1435 1099 1493 illi
1120 1435 1210 1493 veluti
1232 1433 1388 1508 perspicua
1410 1437 1482 1491 tanta

276 1553 339 1594 cum
360 1533 466 1596 fiducia
487 1542 623 1612 tantoque
646 1555 789 1598 consensu
810 1544 971 1598 tuerentur.
1016 1539 1084 1598 Non
1107 1555 1172 1598 esse
1191 1539 1296 1612 igitur,
1319 1537 1395 1612 quod
1413 1537 1482 1610 quis·
1542 1611 1543 1634 χ

274 1656 331 1714 que
355 1641 551 1714 reprehendat
572 1659 653 1701 suam
676 1645 902 1718 cunctationem,
931 1659 1018 1718 quum
1041 1643 1149 1702 lentius
1172 1647 1324 1701 cunctatus
1347 1642 1385 1699 sit
1408 1640 1481 1698 dirus

275 1744 419 1818 Hilarius,
442 1751 597 1818 antequam
626 1746 655 1804 in
679 1747 802 1806 Arianos
825 1747 984 1821 stringeret
1006 1745 1167 1806 calamum‘
1212 1745 1325 1805 Similia
1346 1745 1435 1804 multa
1455 1744 1480 1800 in

276 1849 405 1922 epistolis
439 1850 500 1923 ejus
531 1848 568 1908 ad
598 1849 725 1910 diversos
755 1851 885 1910 homines
913 1857 1084 1924 occurrunt,
1118 1867 1212 1923 neque
1236 1849 1361 1909 dubitari
1382 1851 1478 1921 potest,

275 1953 343 2026 quin
358 1953 553 2012 conscientiae
573 1969 642 2013 suae
664 1953 861 2014 dubitationes
880 1956 995 2014 sincere
1018 1955 1124 2029 ubique
1148 1954 1333 2027 expresserit
1375 1951 1477 2011 Εοάοω

273 2058 369 2116 animo
390 2057 610 2116 Melanchthoni
632 2058 750 2132 scribit,
774 2075 820 2133 ,se
840 2059 964 2119 veritum
981 2074 1046 2118 esse
1062 2059 1203 2118 hactenus
1218 2055 1397 2117 labefactare
1412 2071 1476 2130 qnae

272 2161 461 2236 displicerent
482 2163 511 2220 in
534 2161 678 2236 Lnthero,
701 2180 739 2222 ne
762 2165 848 2222 simul
871 2169 992 2222 ruerent
1015 2170 1046 2222 ct
1068 2163 1248 2238 approbata!
1292 2162 1350 2221 Pro
1370 2160 1477 2236 ingenio

272 2282 325 2324 suo
355 2265 392 2324 ad
421 2264 636 2339 disquirendum
666 2271 697 2325 et
726 2266 943 2340 disceptandum
966 2272 1035 2327 nato
1058 2268 1088 2324 in
1109 2267 1248 2326 contortis
1269 2263 1476 2340 quaestionibus

272 2369 431 2442 scepticnm
457 2371 661 2443 potiusquam
692 2371 886 2444 dogmaticum
909 2387 999 2446 agere
1017 2372 1134 2430 mavult.
1175 2371 1336 2430 Praeterea
1352 2370 1476 2442 scriptam

269 2473 398 2531 litteram
420 2474 497 2531 inter
520 2475 597 2533 viros
619 2475 681 2533 veri
697 2475 840 2534 studiosos
856 2475 941 2534 vivae
957 2476 1021 2535 voci
1035 2473 1265 2548 posthabendam
1281 2475 1406 2547 censuit,
1427 2469 1476 2530 ior·

271 2577 357 2634 bassis
385 2577 473 2635 etiam
502 2578 703 2649 periculosam.
748 2577 850 2652 Itaque
872 2579 968 2638 eidem
989 2579 1224 2654 Melanchthoni,
1255 2583 1326 2638 tnnc
1344 2579 1381 2638 de
1400 2591 1475 2652 prae

271 2677 464 2737 destinatione
494 2693 558 2738 cnm
583 2679 712 2739 Luthoro
741 2683 897 2762 sentienti,
930 2682 966 2742 de
989 2683 1060 2743 locis
1080 2684 1142 2756 eius
1164 2681 1337 2756 theologicis
1356 2681 1474 2740 libentis

271 2781 342 2841 sirne
371 2781 509 2856 perlectis
537 2783 652 2858 scribit,
687 2784 779 2858 ,inter
805 2785 961 2860 legendum
988 2803 1020 2845 se
1050 2787 1192 2861 scmpulis
1215 2787 1325 2859 aliquot
1345 2785 1474 2846 clenna
1544 2815 1545 2846 l

271 2901 351 2960 esse,
383 2886 421 2946 de
454 2886 557 2960 quibos
587 2888 726 2947 voluisset
759 2905 824 2948 cum
856 2907 892 2950 eo
922 2892 1134 2950 communicare
1165 2891 1189 2949 si
1220 2905 1317 2949 coram
1340 2891 1474 2962 licuisset3

267 2989 367 3050 ridere
399 3007 431 3052 se
464 2990 629 3066 dogmatum
662 2993 757 3052 aciem
786 2994 906 3066 pulchre
938 2995 1109 3054 instructam
1138 2995 1276 3054 adversm
1300 2993 1473 3069 tyrannidem

266 3095 476 3170 pharisaicam,
504 3096 557 3156 sed
586 3097 616 3155 in
639 3097 685 3156 his
706 3099 850 3172 quaedam
873 3115 954 3174 esse,
984 3115 1059 3172 quae
1083 3117 1114 3160 se
1138 3115 1196 3158 non
1220 3101 1336 3173 assequi
1358 3100 1473 3172 ingenue

266 3197 413 3272 lateatnr3
443 3201 585 3274 quaedam
619 3203 682 3276 cJus
712 3203 843 3278 generis,
872 3208 905 3260 ut
932 3204 1045 3262 etiamsi
1068 3208 1162 3263 tutum
1186 3207 1264 3262 esset
1285 3203 1378 3264 nollet
1398 3197 1474 3276 profi·

266 3302 323 3361 teri
351 3309 469 3376 propter
499 3305 721 3380 conscientiam,
752 3312 784 3365 et
804 3311 901 3365 tamen
924 3307 994 3366 istos
1011 3307 1143 3367 homines
1165 3300 1217 3386 (de
1240 3307 1365 3366 Hutteni
1386 3304 1475 3364 simili·

266 3403 319 3462 bus
342 3400 483 3486 loquitur)
513 3407 638 3468 tremere
668 3409 699 3467 in
722 3425 754 3468 so
776 3409 853 3483 quod
876 3410 927 3469 illa
949 3426 1007 3469 non
1030 3409 1219 3484 profiteatur‘
1263 3410 1303 3468 Et
1325 3412 1357 3469 in
1380 3408 1472 3470 eadem

266 3507 453 3567 memoranda
475 3511 598 3583 epistola
620 3511 736 3570 scribit:
767 3513 871 3586 ,Immo
893 3515 949 3574 nisi
972 3513 1131 3589 Vitebcrga
1152 3519 1213 3574 tam
1233 3517 1334 3588 procul
1358 3515 1474 3582 abesset,

266 3627 324 3670 non
354 3611 531 3672 dubitassem
561 3614 636 3674 istuc
666 3612 808 3688 proficisci
836 3617 899 3677 dies
927 3619 1052 3693 aliquot,
1079 3634 1143 3678 oum
1173 3618 1303 3677 Lnthero
1336 3623 1367 3678 et
1388 3624 1474 3678 tecum

266 3715 546 3777 communicaturus}
603 3717 741 3780 Similiter
770 3723 832 3794 jam
868 3729 956 3782 antea
988 3722 1091 3783 eidem
1117 3720 1308 3796 scripserat¹
1366 3723 1474 3784 Sincere

265 3821 362 3880 animo
397 3825 427 3880 et
449 3820 556 3881 docere
580 3827 611 3881 et
632 3821 731 3884 doceri
758 3831 878 3897 paratus
900 3842 965 3886 csse
989 3826 1044 3885 eibi
1066 3827 1227 3886 ridebatur.
1271 3825 1349 3884 Num
1371 3839 1473 3890 revera

264 3926 289 3984 si
316 3925 476 4000 Vitebarga
502 3926 621 4000 propius
651 3926 805 4004 abluisset,
836 3929 904 3988 illuc
933 3927 1075 4004 proficisci
1108 3947 1196 3990 ausus
1225 3935 1320 4004 esset,
1348 3929 1472 3989 dubiam

263 4029 405 4104 quispiam
427 4031 545 4104 poterit.

350 4131 409 4193 Sed
438 4133 491 4192 tali
514 4135 781 4196 communicationis
812 4143 843 4197 et
862 4138 1058 4198 consensionis
1081 4137 1227 4197 desiderio
1250 4137 1395 4197 Lntherus
1416 4151 1473 4194 om·

264 4236 333 4295 nino
357 4252 415 4295 non
437 4238 601 4299 tenebatur.
647 4240 740 4312 Quum
760 4241 798 4300 ad
820 4241 988 4300 intuendum
1011 4248 1041 4301 et
1064 4242 1208 4318 agendum
1223 4243 1347 4302 maxima
1362 4242 1472 4301 idonens

264 4345 355 4414 esset,
389 4341 467 4400 inter
500 4347 544 4400 tot
575 4343 745 4416 gravissima
772 4345 890 4417 negotia
918 4345 956 4404 ad
986 4346 1099 4405 erudite
1122 4343 1340 4420 disceptandum
1363 4351 1393 4404 et
1413 4359 1472 4401 cou-

353 4555 380 4622 1)
398 4554 467 4616 app.
486 4555 564 4618 xlx,
584 4563 642 4606 11³.
663 4563 687 4607 a.
