3188 5086
226 309 278 363 118
706 303 808 352 Panrrs
826 299 939 350 Paroraia

226 522 386 596 Baptistam
407 520 598 578 Mantuanum
623 516 862 586 arancneanum,
891 513 929 571 de
958 512 1089 586 egregia,
1116 526 1202 585 quam
1222 510 1259 569 (le
1282 509 1381 570 Leone
1403 509 1439 568 X

226 625 372 699 professus
393 628 470 696 erat,
494 637 545 695 spe
567 620 725 694 dejectum,
748 616 879 676 andimus
902 620 1089 689 querentem:

423 727 454 785 Si
474 724 544 798 quid
564 723 656 782 Rome
677 721 771 796 dabit,
791 736 883 793 nugae
902 718 998 792 dabit3
1020 718 1127 791 accipit
1146 733 1257 791 amum,

423 829 522 888 Verba
543 827 602 886 dat.

314 933 379 992 Non
401 932 520 1004 mirum,
542 929 618 1003 quod
639 934 722 987 tanta
737 927 842 987 Curiae
865 926 1010 1000 corruptio
1033 940 1107 984 novo
1128 924 1242 982 cuidam
1263 924 1440 998 paganismo,

227 1036 276 1110 qui
307 1037 385 1094 inter
417 1035 601 1108 antiquarum
634 1033 796 1091 litterarum
829 1030 955 1089 cultores
984 1029 1092 1103 passim
1124 1027 1330 1101 pullulaverat,
1363 1029 1440 1086 vires

227 1138 348 1198 addidit
385 1137 459 1196 Novi
481 1137 530 1196 isti
554 1137 661 1210 pagani
679 1136 795 1208 saepius
812 1133 931 1208 Romae,
955 1137 985 1192 et
1006 1133 1037 1189 in
1058 1133 1123 1206 ipsa
1144 1131 1260 1204 quidem
1282 1131 1349 1188 aula
1369 1145 1441 1204 pcn-

227 1240 332 1316 tilicia,
360 1239 539 1299 fovebantur.
583 1239 644 1298 Leo
664 1239 701 1296 K
730 1255 829 1297 eorum
856 1242 887 1296 et
907 1235 1117 1296 'consuetudine
1140 1240 1171 1294 et
1192 1234 1352 1293 ministerio
1373 1250 1441 1292 nsua

229 1349 288 1418 est,
318 1343 355 1401 ab
381 1343 508 1416 ipsorum
528 1348 626 1402 mente
649 1341 727 1400 band
749 1341 835 1413 longe
858 1339 961 1398 abesae
984 1341 1092 1414 passim
1113 1337 1339 1397 existimabatur.
1383 1335 1441 1396 Sed

228 1463 288 1504 non
302 1447 395 1503 minua
410 1445 536 1503 libenter
556 1461 590 1503 ac
606 1443 710 1518 cupide
725 1443 905 1516 Hocbstrati,
928 1443 1078 1502 Priariatis
1092 1443 1268 1513 aliorumque
1283 1440 1440 1500 lenaticum

230 1554 390 1622 stuporem,
414 1547 464 1605 nbi
493 1553 685 1621 opportunum
717 1549 745 1606 ei
776 1547 942 1620 videbatur,
971 1545 1081 1620 adjuvit
1103 1549 1133 1605 et
1156 1543 1294 1604 adhibuit
1342 1544 1441 1616 Ipsum

229 1651 361 1710 Leonem
394 1649 527 1708 frivolum
561 1656 590 1709 et
622 1649 773 1722 prolenam
803 1649 949 1709 bominem
980 1647 1086 1723 luisse,
1119 1665 1156 1707 ne
1190 1663 1294 1706 recens
1325 1647 1440 1720 quidem

230 1753 397 1813 Hocbstrati
428 1757 459 1810 et
487 1753 654 1826 Pipercorni
683 1761 834 1826 patronus,
866 1754 995 1813 loannes
1021 1753 1161 1826 Janssen,
1190 1749 1309 1810 infitiari
1336 1750 1440 1824 audet3

231 1859 269 1916 ab
298 1858 365 1915 aula
393 1857 489 1930 papali
518 1855 651 1930 spiritum
680 1874 737 1916 non
767 1857 966 1932 evangelicum
994 1856 1046 1916 scd
1072 1855 1152 1930 plebi
1175 1853 1353 1915 christianae
1374 1871 1441 1929 per-

231 1960 371 2020 niciosum
392 1959 451 2018 illis
471 1959 647 2032 temporibus
669 1976 819 2020 emanasse
842 1958 1019 2020 confitetur.¹

317 2065 523 2123 Verumtamen
544 2079 602 2122 non
624 2063 760 2138 deerant,
788 2064 837 2138 qui
862 2064 961 2122 curiae
989 2069 1019 2123 et
1042 2062 1186 2123 ecclesiae
1208 2061 1353 2136 morbum,
1380 2062 1442 2134 jam

231 2168 339 2228 dudum
368 2167 501 2228 omnibus
530 2166 730 2241 conspicuum,
758 2167 921 2228 consociato
944 2173 975 2227 et
996 2167 1196 2227 humaniorum
1217 2166 1381 2226 litterarum
1409 2171 1442 2224 et

231 2273 363 2332 sincerae
394 2270 512 2344 pietatis
538 2269 714 2328 christianae
745 2271 840 2333 studio
869 2271 1029 2330 sanandum
1058 2287 1123 2330 1111
1146 2275 1308 2330 censerent.
1355 2269 1441 2328 Tales

226 2375 283 2435 viri
301 2392 354 2449 per
376 2374 472 2434 varias
490 2379 598 2446 terras,
620 2371 751 2445 inprimis
772 2373 859 2432 etiam
879 2392 933 2449 per
951 2374 1136 2450 Hispaniam,
1159 2373 1242 2433 multi
1260 2373 1441 2433 exstiterunt

228 2478 417 2552 Theologiam
451 2475 668 2551 scholasticam,
702 2491 776 2548 quae
805 2477 894 2551 magis
924 2478 1073 2551 mapp'sque
1104 2477 1347 2552 degeneraverat,
1382 2493 1441 2535 non

230 2581 353 2654 amplius
382 2578 552 2639 satisfacere
574 2595 659 2652 posse
682 2578 792 2637 solidae
815 2578 1005 2640 institutionis
1029 2581 1192 2657 desiderio,
1221 2581 1274 2641 sed
1295 2580 1333 2640 ad
1354 2580 1442 2640 altius

228 2683 416 2758 inquirendos
431 2682 526 2742 fontes
541 2682 705 2756 linguarum
720 2699 775 2756 ope
791 2682 1004 2744 ascendendum
1020 2701 1084 2745 esse
1099 2686 1315 2748 intellexerunt.
1349 2684 1441 2748 Sicuti

229 2787 368 2847 classicae
402 2785 583 2860 antiquitatis
616 2783 723 2858 scripta
755 2785 857 2844 intimo
890 2785 984 2848 animo
1019 2790 1156 2864 amplecti
1188 2795 1361 2864 coeperant,
1397 2788 1442 2848 111

230 2891 384 2966 1111111111
411 2889 509 2948 dimne
539 2888 642 2962 spiritu
672 2888 761 2946 etiam
790 2889 828 2948 cd
853 2889 969 2948 Veteris
992 2899 1020 2951 11
1041 2893 1117 2953 11111
1138 2893 1319 2952 Testamenti
1341 2892 1441 2967 libros,

229 2995 268 3061 ad
287 2995 391 3054 Patres
420 2999 482 3052 tum
510 2992 631 3051 Latinos
660 2997 721 3050 tum
747 2991 875 3052 Graecos
901 2993 983 3066 qnasi
1012 2996 1129 3070 propius
1156 2996 1353 3056 accedendum
1375 3012 1440 3056 esse

230 3097 480 3171 ematimaverunt,
503 3095 624 3156 cultiore
646 3095 765 3170 ingenio
786 3096 825 3156 ad
843 3103 1006 3157 accuratam
1021 3115 1120 3160 eorum
1135 3101 1289 3160 lectionem
1303 3100 1441 3174 religiose

227 3201 450 3262 incumbendum
483 3205 514 3259 et
543 3200 629 3260 simul
658 3199 784 3258 dimissis
814 3205 859 3260 tot
887 3199 987 3260 otiosis
1017 3208 1048 3261 et
1075 3203 1197 3278 spinosis
1223 3203 1441 3278 quaestionibus

228 3307 266 3364 ad
293 3305 479 3378 apostolicam
511 3304 654 3377 quandam
684 3303 899 3378 simplicitatem
929 3304 1107 3365 redeundum
1137 3308 1303 3367 docuerunt.
1357 3307 1440 3366 Haeo

228 3413 261 3466 ut
282 3405 399 3482 fierent,
429 3407 586 3480 praecipue
609 3406 641 3464 in
665 3405 836 3480 Germania,
868 3407 1094 3466 acclamantibus
1114 3427 1167 3483 per
1187 3411 1334 3486 Europam
1356 3411 1440 3470 soda-

228 3509 304 3568 libus
333 3509 406 3584 illis,
435 3525 539 3582 magno
567 3509 686 3583 ingenio
717 3516 748 3568 et
775 3509 889 3584 ingenti
920 3509 1019 3570 labore
1045 3510 1089 3570 illi
1111 3513 1168 3571 nisi
1190 3519 1264 3572 sunt.
1313 3516 1440 3588 Quorum

229 3629 355 3672 summus
386 3613 423 3671 ab
449 3611 582 3670 omnibus
611 3612 694 3685 quasi
721 3630 780 3672 una
807 3630 877 3673 voce
900 3614 1073 3674 Desiderins
1094 3615 1231 3676 Erasmus
1249 3615 1363 3692 agnitus
1385 3622 1440 3689 est,

227 3721 384 3791 praeterea
415 3721 551 3789 tanquam
576 3714 653 3774 illius
680 3732 900 3789 praecursorum
925 3717 1100 3776 clarissimus
1118 3718 1245 3778 Joannes
1264 3719 1442 3778 Reucblinns

227 3837 344 3895 semper
366 3818 578 3894 nominabitur,
608 3817 725 3894 dignus,
759 3837 844 3893 quem
874 3827 905 3880 et
932 3821 980 3880 hic
1009 3821 1110 3896 paucis
1136 3821 1233 3881 verbis
1257 3822 1351 3897 iisque
1376 3839 1442 3896 gra-

226 3925 375 3983 vissimum
405 3925 496 3997 ipsius
518 3923 635 3982 Erasmi
661 3924 856 3984 testimonium
880 3925 1092 3998 proferentibus
1116 3927 1148 3984 in
1170 3927 1338 3986 memoriam
1360 3941 1444 3985 revo-

227 4043 334 4086 cemus.
386 4027 440 4098 Qui
472 4045 559 4101 qnam
589 4044 642 4101 pro
672 4027 840 4088 Germanici
869 4029 992 4088 nominis
1018 4030 1047 4088 vi
1070 4028 1179 4103 Capnio
1209 4035 1327 4089 vocatus
1358 4037 1445 4104 esset,

226 4136 330 4204 postea
357 4129 465 4188 dictum
493 4137 551 4205 est,
581 4130 779 4204 Phosphorum
806 4149 872 4192 eum
895 4133 992 4208 potius
1012 4149 1031 4191 a
1052 4133 1131 4208 lucc,
1160 4149 1246 4206 qaam
1268 4132 1445 4207 Capnioncm

227 4249 245 4292 a
274 4231 353 4292 lumo
384 4233 545 4293 vocandum
580 4234 685 4311 luisse,
716 4237 851 4310 quoniam
879 4236 917 4295 ab
945 4236 999 4296 hoc
1027 4237 1109 4310 qnasi
1138 4252 1243 4296 aurora
1274 4237 1447 4296 cruditionis

226 4336 398 4396 illucescere
422 4339 573 4410 coepisset.

313 4553 340 4622 1)
359 4552 512 4608 Geaehiohte
530 4552 573 4608 des
591 4553 729 4606 1111111111
744 4555 841 4608 Volkes
860 4560 907 4606 etc.
927 4555 955 4606 ΙΙ
973 4573 1000 4624 p.
1015 4561 1080 4609 641.
