3194 5042
693 277 780 331 Sarur
798 275 846 330 VI.
1335 279 1386 334 183

157 479 209 538 alii
231 478 422 555 pronuntiare
444 495 504 537 non
530 478 616 538 veriti
644 483 740 554 erant,
768 478 1019 539 canonizationem
1043 477 1216 540 Sanctorum
1239 481 1277 540 ad
1298 483 1386 543 fidem

157 605 217 645 non
240 585 387 663 pertinere
414 585 538 662 ideoque
561 603 688 645 errorem
711 585 743 645 in
766 604 831 646 eam
853 586 982 663 irrepere
1004 603 1105 662 posse,
1134 605 1226 664 quum
1248 588 1388 649 Pontifex

157 695 190 753 in
216 694 272 752 hac
298 710 331 752 re
357 692 422 751 lalli
449 693 569 752 nescius
597 693 720 756 minime
747 691 855 753 esset.¹
899 692 1007 752 Nostro
1035 693 1146 768 seculo,
1179 695 1267 754 etiam
1295 714 1387 773 quum

156 801 254 878 Papae
273 799 383 859 Romae
405 799 502 859 adhuc
520 805 690 876 regnarent,
713 819 752 860 ne
770 799 902 860 Romana
919 800 1039 878 quidem
1057 801 1142 878 plebs
1165 801 1276 878 omnia,
1300 821 1387 880 quae

156 926 275 986 cunque
297 907 344 966 illi
366 907 404 967 de
426 906 511 966 novis
535 907 651 967 Sanctis
673 908 938 985 proclamaverant,
968 907 1024 967 sibi
1047 908 1192 968 credenda
1214 927 1280 970 esse
1302 915 1386 988 puta-

155 1017 239 1089 bant,
263 1015 315 1075 sed
338 1018 413 1074 teste
436 1014 579 1092 Pasquini
602 1015 739 1074 columna
761 1015 834 1074 satis
856 1014 995 1074 audacter
1016 1015 1165 1076 interdum
1188 1017 1225 1076 de
1246 1016 1285 1077 iis
1307 1017 1387 1094 judi-

156 1123 269 1183 cabant.
319 1121 407 1181 Haud
438 1140 504 1182 raro
532 1121 645 1182 scilicet
671 1122 827 1182 Pontificia
853 1122 1026 1182 auctoritate
1052 1127 1113 1183 tam
1144 1124 1219 1183 mira
1245 1125 1387 1184 miracula

155 1230 275 1307 publice
302 1229 455 1290 decantata
482 1235 564 1305 sunt,
597 1248 685 1307 quam
713 1230 791 1289 illud
812 1229 924 1290 iuliani
952 1231 1088 1290 monaehi
1115 1230 1243 1308 Hispani
1270 1251 1288 1290 a
1315 1232 1386 1293 Gra

155 1338 238 1414 gorio
256 1337 337 1396 XVL
361 1337 538 1412 canonizati,
566 1337 645 1415 quod
667 1337 716 1397 hic
743 1338 776 1396 in
803 1337 902 1397 tabula
929 1337 1149 1414 depingendum
1172 1357 1207 1398 ac
1234 1339 1386 1416 propalam

155 1445 360 1506 collocandum
387 1445 501 1504 armavit
528 1445 627 1504 addito
654 1445 711 1505 hoo
733 1445 835 1504 titrlo:
869 1444 992 1520 ,Beatus
1014 1444 1152 1505 Julianus
1180 1447 1325 1522 aviculas,
1352 1453 1387 1506 ut

155 1557 336 1612 torrerentur
357 1552 395 1611 ad
412 1552 513 1628 ignem
534 1552 596 1628 jam
618 1553 781 1631 appositas,
805 1570 822 1613 e
844 1571 917 1612 veru
940 1553 1099 1612 extrahens
1121 1571 1197 1612 nora
1215 1553 1276 1613 vita
1298 1554 1386 1614 dona-

155 1659 220 1720 vit‘
271 1658 349 1734 Quid
375 1659 497 1735 mbum,
531 1659 611 1738 quod
638 1659 709 1719 talia
735 1664 901 1720 commenta
929 1659 1039 1736 vulgus
1067 1678 1128 1719 non
1154 1660 1255 1720 minus
1282 1660 1386 1722 leviter

155 1767 271 1841 derisit,
295 1785 385 1845 quam
407 1785 513 1844 parum
536 1766 612 1827 serio
635 1785 670 1827 ea
693 1767 751 1827 sibi
773 1767 924 1845 proposita
946 1785 1012 1828 esse
1034 1768 1174 1844 putabat?

262 1875 431 1934 laudamus
459 1875 630 1952 episcopum
657 1874 942 1949 Pederbornensem,
973 1875 1051 1952 quod
1078 1875 1168 1934 talem
1195 1874 1285 1934 animi
1312 1876 1382 1936 levi-

155 1987 246 2042 tatem
272 1983 338 2060 ipse
364 1988 538 2058 aspernatus
566 1987 619 2042 est
665 1982 738 2042 Post
764 1987 913 2060 peractam
939 1981 1190 2042 canonizationem
1214 1981 1384 2043 Cardinales

155 2109 194 2150 ex
215 2093 314 2152 vetera
337 2079 558 2150 consuetudine¹
572 2089 758 2166 gratulantur
780 2089 930 2163 Pontifici,
957 2088 1042 2166 quasi
1065 2089 1207 2164 effecerit,
1234 2093 1267 2148 ut
1289 2107 1384 2150 novus

155 2197 282 2258 Sanetus
309 2216 384 2257 nova
407 2197 515 2257 exinde
542 2197 654 2258 ratione
676 2197 818 2257 ecclesiae
843 2195 1038 2274 patrocinium
1062 2195 1234 2273 suscipiat²
1278 2196 1383 2256 Nonne

155 2305 210 2365 hoe
238 2304 410 2382 blasphema
431 2309 510 2364 esset
536 2305 714 2364 adulationis
737 2303 899 2379 comoedia,
926 2303 985 2362 nisi
1007 2302 1039 2362 in
1066 2303 1131 2380 ipso
1154 2303 1383 2364 canonizationis

153 2417 222 2472 actu
244 2413 354 2487 omnia,
377 2411 515 2489 inprimis
538 2411 623 2488 sigua
646 2417 676 2472 et
698 2410 866 2472 testimonia
888 2429 942 2488 pro
964 2410 1034 2470 novi
1053 2409 1154 2470 Sancti
1175 2409 1285 2470 honore
1308 2412 1384 2471 seria

154 2525 184 2580 at
206 2525 286 2580 certa
308 2519 454 2580 fuissent?
496 2519 555 2580 Sed
572 2520 650 2579 hano
672 2519 833 2596 impietatis
853 2517 985 2594 Scyllam
1008 2516 1172 2577 evitaturus
1195 2517 1300 2578 incidit
1322 2518 1383 2596 epi-

154 2645 263 2704 scopus
281 2627 314 2686 in
336 2627 526 2704 sophismatis
545 2632 575 2686 et
599 2626 818 2703 superstitionis
837 2624 1014 2706 Charybdin.
1060 2623 1197 2703 Namque
1218 2643 1294 2686 novo
1313 2625 1383 2702 dog-

154 2740 232 2795 mate
259 2735 366 2809 bears,
397 2739 432 2793 ut
459 2733 647 2793 infallibilem
674 2733 823 2811 Papamm
849 2733 1054 2792 auctoritatem
1086 2732 1175 2792 etiam
1202 2732 1234 2792 in
1265 2733 1383 2793 eanoni-

154 2841 255 2902 zandis
275 2841 391 2902 Sanctis
414 2841 595 2901 demonstret
613 2846 643 2901 et
665 2859 734 2901 cum
753 2841 896 2901 Billuarto
919 2858 1037 2900 omnem
1054 2840 1092 2900 de
1114 2859 1149 2900 ea
1171 2839 1383 2901 dubitationem

153 2955 313 3025 removeat,
337 2949 412 3009 serio
435 2949 508 3009 haec
530 2949 641 3026 profert
663 2949 763 3024 verba,
790 2967 866 3026 quae
888 2966 927 3008 ex
949 2947 1071 3008 famosis
1093 2947 1284 3006 obscurorum
1306 2949 1382 3008 viro

153 3075 219 3116 rum
247 3056 382 3134 epistolis
409 3061 563 3133 excerptas
591 3055 756 3133 putaveris:
791 3053 862 3130 ‚Qui
884 3059 1018 3130 negaret,
1046 3053 1176 3131 aliquem
1199 3054 1235 3112 ab
1258 3053 1382 3114 ecclesia

153 3164 356 3224 canonizatum
380 3181 446 3224 esse
469 3163 610 3224 Sanctum
633 3167 662 3224 et
689 3163 722 3222 in
744 3161 850 3239 gloria,
877 3179 937 3221 non
960 3165 1040 3220 esset
1066 3161 1186 3238 quidam
1207 3160 1381 3236 haereticus,

153 3271 206 3332 sed
229 3276 308 3332 esset
330 3272 461 3348 primum
483 3271 710 3346 temerarius,
738 3271 808 3348 quia
830 3268 1041 3330 contradiceret
1068 3268 1218 3328 communi
1241 3267 1382 3328 ecelesiae

153 3379 255 3440 sensui
287 3380 319 3438 in
350 3397 384 3440 re
415 3379 624 3439 fundatissima
655 3383 685 3438 et
717 3377 803 3454 cujus
834 3377 1002 3454 oppositum
1034 3393 1094 3435 non
1124 3375 1212 3436 habet
1243 3375 1382 3436 idoneum

153 3486 392 3564 fundamentum3
422 3486 551 3547 seeundo
574 3491 653 3546 esset
681 3484 928 3559 scandalosus,
957 3483 1026 3561 quia
1052 3482 1214 3543 retraheret
1235 3482 1338 3544 fideles
1363 3503 1381 3542 a

153 3594 237 3654 cultu
264 3593 451 3670 Sanctorum,
484 3595 570 3654 tertio
598 3594 745 3671 impius,
777 3593 847 3671 quia
874 3592 983 3651 faceret
1013 3591 1152 3667 injuriam
1179 3591 1320 3651 ecclesiae
1351 3597 1381 3650 et

152 3701 227 3779 ipsis
259 3701 389 3777 Sanctia,
427 3705 530 3780 quarto
562 3705 706 3778 saperet
736 3699 904 3760 haeresin
936 3697 1137 3774 sectariorum,
1174 3699 1226 3776 qui
1257 3697 1381 3757 irrident

152 3809 400 3884 canonizationes,
437 3827 511 3887 quas
546 3808 618 3869 facit
649 3808 786 3883 ecelesia,
824 3812 853 3867 et
884 3811 993 3883 negant
1029 3805 1143 3866 cultum
1174 3811 1263 3884 atque
1298 3805 1380 3865 inro-

152 3917 297 3976 oationsm
324 3916 520 3977 Sanctorum‘.
570 3915 750 3993 Hujusmodi
773 3915 866 3991 igitur
892 3913 1144 3991 argumentatione
1170 3916 1238 3990 post
1265 3915 1308 3972 tot
1335 3929 1379 3972 se-

151 4023 286 4084 culorum
309 4024 538 4102 dlaceptationes
565 4028 595 4084 et
622 4023 735 4083 labores
762 4023 808 4082 vir
834 4022 866 4081 in
889 4021 1072 4082 Germanicis
1101 4019 1210 4081 scholis
1237 4019 1379 4080 educatus

151 4131 292 4192 historiae
323 4150 425 4192 vocem
452 4131 606 4209 consopire
637 4135 667 4191 et
694 4131 784 4190 medii
815 4129 879 4190 aevi
906 4129 1110 4190 credulitatem
1141 4132 1305 4188 restamare
1332 4144 1378 4187 co

150 4242 240 4299 nattis
262 4243 315 4300 est

261 4487 286 4554 1)
306 4485 345 4541 cf.
364 4485 488 4555 Prosperi
506 4485 532 4540 al
550 4483 648 4554 riquila
665 4482 857 4538 Dictionarium
875 4481 1054 4552 theologicum
1072 4481 1167 4535 11214
1186 4479 1246 4536 coll.
1261 4479 1275 4534 1
1293 4481 1328 4536 93
1342 4497 1377 4535 ss.

259 4575 286 4644 2)
305 4575 390 4643 Haeo,
409 4573 528 4630 Polomih
547 4575 572 4628 4.
587 4574 657 4628 Anti.
677 4591 701 4642 p.
717 4572 777 4628 302.
