3194 5042
187 265 239 319 190
717 263 804 317 Garun
822 263 883 318 vn.

185 465 352 524 melitarum
371 465 483 525 ordinis
503 465 612 526 sodalis
631 469 717 524 antea
735 465 839 540 luerat,
862 465 1032 525 Ludovicus
1049 465 1210 542 Napoleon,
1233 471 1285 525 aut
1303 467 1427 526 clerum

185 577 236 631 aut
254 572 367 648 Anglos
385 573 534 632 offendere
551 572 677 647 veritus,
701 571 777 632 clam
794 571 886 648 jussit
904 590 942 631 ex
963 588 1078 632 carcere
1096 573 1200 632 emitti.
1245 573 1311 632 Jam
1329 579 1428 632 antea

186 679 306 756 quidem
328 677 498 740 Ludovicus
521 679 692 755 Desanctis,
719 679 765 738 vir
792 679 896 739 Italiae
923 679 1157 754 amantissimus,
1186 681 1238 740 sed
1265 685 1296 738 et
1319 680 1427 756 Papae

185 790 215 845 et
237 786 361 846 Farratti
386 786 534 847 cardinali
557 785 741 861 carissimus,
771 805 864 864 quum
886 786 1095 864 inquisitionis
1117 787 1273 864 theologus
1296 788 1361 847 sive
1383 792 1427 845 ut

185 893 270 970 ajunt
288 891 476 967 Qualiiicator
498 894 595 954 factus
615 899 705 968 esset,
729 911 851 954 munere
873 911 926 954 111
949 895 987 953 ad
1005 895 1200 971 comparanda
1222 913 1291 954 cum
1310 894 1424 954 Bibliis

185 1000 416 1060 Protcstantium
450 1000 560 1078 scripta
591 1000 748 1077 adductus,
786 1001 924 1060 similiter
955 1006 1044 1078 atque
1076 1001 1224 1078 quondam
1254 1001 1424 1078 Vergerius

185 1107 272 1167 Pauli
295 1107 350 1167 ΠΙ.
377 1107 520 1184 Legatus,
550 1107 751 1186 evangelicam
778 1108 933 1168 veritatem
960 1113 1125 1184 agnoverat
1176 1108 1207 1168 Is
1235 1109 1267 1166 in
1294 1108 1421 1167 11111111

185 1214 315 1274 insulam
347 1215 490 1292 profugus
523 1220 553 1274 et
579 1215 698 1274 illorum
731 1233 814 1275 sacra
839 1215 1009 1292 amplexus,
1041 1215 1078 1274 ad
1091 1215 1194 1274 ·Pium
1215 1215 1268 1274 IX.
1297 1215 1420 1275 exulem

186 1323 301 1382 litteras
321 1322 441 1400 scripsit
463 1327 524 1382 tam
546 1323 659 1400 patriae
681 1341 780 1382 amore
802 1341 891 1400 quam
910 1323 1080 1399 evangelica
1102 1323 1223 1382 11111111
1245 1327 1275 1382 11
1292 1323 1419 1382 veritate

186 1429 304 1506 plenas,
327 1448 401 1508 quas
419 1429 577 1507 permultis
595 1429 773 1490 editionibus
793 1447 911 1507 sparsas
929 1430 998 1490 Itali
1016 1434 1047 1490 et
1064 1429 1212 1506 legerunt,
1236 1434 1266 1490 et
1284 1431 1418 1507 legent,¹

186 1537 252 1614 ipsa
274 1536 355 1614 Papa
377 1537 550 1613 intellegere
572 1537 714 1615 nequivit
760 1537 819 1596 Hic
840 1542 942 1614 postea
964 1537 996 1596 in
1015 1537 1125 1598 Urbem
1147 1537 1255 1612 redux,
1279 1537 1343 1597 sola
1364 1556 1418 1598 ex-

186 1648 316 1703 terorum
338 1643 431 1704 tutela
453 1644 485 1703 in
508 1645 656 1722 spirituali
678 1645 836 1720 tyrannide
859 1663 913 1704 sua
936 1649 1132 1720 sustentatae,
1158 1649 1362 1721 resurgentem
1385 1645 1419 1704 in

186 1750 273 1810 Italia
300 1751 385 1829 quasi
409 1769 447 1812 ex
469 1755 513 1810 tot
536 1756 669 1812 veterum
695 1755 862 1828 temporum
884 1751 963 1828 rogis
986 1771 1021 1812 ac
1044 1751 1189 1830 sepulcris
1212 1753 1301 1812 fidem
1328 1771 1418 1812 evan-

187 1858 312 1935 gelicam
340 1857 447 1934 partim
474 1858 584 1918 sabulis
611 1859 679 1918 istis
705 1877 740 1919 ac
767 1859 941 1934 1111111111,
974 1877 1101 1937 quorum
1128 1859 1252 1937 parvula
1279 1860 1419 1936 exempla

188 1983 278 2043 snpra
309 1965 457 2041 dedimus,
494 1967 602 2044 partim
634 1967 815 2026 foedissimis
851 1970 881 2026 et
913 1966 1140 2042 crudelissimis,
1177 1973 1321 2044 quantum
1353 1967 1416 2027 fieri

187 2073 295 2150 potuit,
314 2074 417 2150 poenis
436 2073 532 2134 cuivis
550 2074 687 2135 liberiore
710 2073 885 2134 christianae
903 2074 1012 2134 mentis
1030 2075 1122 2134 motui
1141 2075 1302 2152 propositis
1323 2075 1418 2134 arceri

187 2179 288 2240 voluit
335 2181 461 2254 Airaldi,
484 2181 647 2259 Inquisitor
668 2181 884 2256 AnconitanuS,
910 2181 1033 2257 longum
1057 2182 1186 2241 edictum
1209 2182 1419 2259 promulgavit,

188 2306 246 2365 quo
269 2289 418 2364 omnibns,
446 2289 616 2366 quicunque
637 2288 687 2348 vel
709 2288 853 2348 levissimi
876 2289 1010 2348 criminis
1033 2289 1240 2364 ecclesiastici,
1263 2294 1297 2349 11
1320 2289 1419 2350 carnis

187 2394 235 2454 die
261 2395 383 2455 Veneris
407 2414 487 2470 esae,
511 2396 656 2455 delatores
679 2414 712 2455 se
734 2414 795 2456 non
817 2397 1003 2473 praeberent,
1031 2397 1106 2473 ipsis
1129 2397 1325 2456 arathematis
1347 2414 1419 2473 poe·

187 2521 256 2561 nam
283 2503 438 2562 minitatus
466 2509 519 2563 est.
571 2502 654 2577 Quod
682 2522 774 2581 quum
802 2522 856 2580 per
882 2503 1030 2581 Europam
1058 2509 1210 2581 stuporem
1236 2503 1343 2563 animis
1371 2504 1419 2562 in-

185 2609 301 2684 jiceret,
325 2609 435 2669 Romae
453 2609 572 2686 publice
591 2611 742 2669 laudatum
760 2617 819 2685 est,
842 2611 874 2669 in
893 2611 1050 2671 Germania
1068 2611 1178 2690 trustra
1200 2615 1272 2671 tunc
1290 2611 1418 2670 111111-

188 2715 273 2776 simis
305 2716 383 2776 sedis
411 2717 559 2776 Romanae
590 2717 707 2792 amicis,
740 2717 877 2794 inprimis
908 2737 926 2777 a
953 2717 1155 2794 Doellingero,
1187 2719 1419 2796 vituperatum.²

187 2823 386 2883 Inveteratum
413 2824 587 2898 tyrannidos
618 2842 729 2884 morem
756 2825 1060 2902 consuetudinemque
1087 2825 1226 2886 Pontifex
1257 2843 1318 2884 una
1348 2844 1418 2884 cum

188 2930 336 2990 mundano
364 2949 417 2990 111
444 2949 534 3008 regno
561 2949 657 3010 usqne
688 2931 725 2990 ad
752 2933 842 2992 finem
871 2933 1005 2992 servavit
1056 2932 1154 2992 Etiam
1181 2933 1418 2992 Protestantibus

187 3038 297 3098 Romae
323 3039 580 3117 peregrinantibus
607 3039 798 3116 magistratus
821 3039 945 3116 Papales
972 3044 1071 3100 mente
1097 3040 1223 3100 ridicule
1250 3040 1361 3117 pusilla
1388 3045 1420 3100 et

187 3151 314 3223 angusta
340 3147 458 3208 molesti
486 3151 576 3207 erant.
623 3146 673 3208 Sic
700 3147 732 3206 in
759 3147 878 3206 illorum
905 3147 1079 3207 coemeterio
1106 3149 1215 3208 mortui
1237 3147 1418 3222 111111111-

188 3254 256 3313 dam
284 3255 493 3332 spectatissimi
521 3255 608 3331 cippo
630 3254 703 3314 haec
730 3255 818 3314 verba
840 3253 962 3314 inscribi
988 3254 1097 3314 noluit:
1131 3253 1264 3328 Quiescit
1290 3255 1322 3313 in
1345 3254 1417 3315 Deo.

70 3399 81 3416 .
188 3361 358 3438 legationis
381 3361 556 3422 Bornssicae
578 3362 751 3422 auctoritate
774 3361 885 3438 scripta
906 3364 1006 3421 tamen
1029 3365 1106 3421 sunt.
1154 3361 1292 3422 Ceterum
1314 3361 1420 3422 eodem

187 3487 264 3527 anno
295 3469 437 3529 Italorum
469 3468 629 3543 exereitus,
662 3487 679 3528 a
710 3468 798 3529 Porta
824 3468 879 3527 Pia
909 3468 1019 3528 Urbem
1051 3469 1220 3546 ingrediens
1251 3469 1419 3528 libertatem

187 3575 352 3636 miserrime
374 3575 483 3635 vinctis
505 3576 659 3636 hominrun
681 3576 789 3636 animis
812 3575 919 3635 attulit

295 3681 389 3757 Quam
421 3683 542 3761 quidem
572 3683 738 3743 libertatem
768 3683 841 3742 Pius
873 3681 926 3742 IX.
964 3687 994 3743 et
1027 3687 1114 3743 antea
1145 3701 1295 3743 summum
1326 3681 1419 3758 liujus

186 3789 291 3850 aetatis
314 3791 510 3851 calamitatem
532 3809 598 3852 esse
616 3794 771 3852 censuerat
793 3795 822 3851 et
844 3795 913 3867 post
935 3791 1058 3851 censuit.
1104 3791 1314 3851 Libentissime
1336 3791 1419 3850 enim

187 3898 274 3958 fidem
302 3899 428 3960 habebat
448 3898 572 3960 desuitis
598 3899 766 3959 doctoribus
794 3897 870 3974 suis,
899 3898 951 3976 qui
979 3917 1096 3958 onmem
1123 3898 1320 3973 ,tolerantiam
1346 3897 1418 3957 reli-

186 4006 312 4082 giosam‘
336 4007 524 4084 proscribunt
546 4010 580 4065 ut
602 4025 666 4066 eam
691 4007 880 4081 sententiam,
909 4024 967 4084 qua
990 4024 1104 4082 ,omnes
1126 4006 1286 4082 religiones
1313 4010 1343 4065 11
1370 4023 1417 4064 11-

187 4119 252 4174 ctae
269 4132 362 4192 aeque
380 4132 466 4174 verae
486 4133 521 4174 ac
539 4115 631 4174 bonae
649 4112 829 4174 tenentur‘.³
873 4113 1016 4174 Perversa
1034 4131 1088 4174 sua
1105 4117 1205 4174 mente
1222 4113 1298 4172 nihil
1317 4112 1418 4180 sciunt

296 4308 322 4376 1)
343 4304 426 4360 witto
444 4306 461 4361 1.
482 4323 504 4361 1.
524 4323 549 4376 p.
570 4305 623 4361 294
636 4321 672 4361 ss.

294 4396 321 4465 2)
341 4395 437 4450 Civiltb
455 4395 588 4452 catholica
605 4397 630 4450 d.
651 4395 693 4452 20.
712 4395 777 4450 Β11.
797 4395 875 4452 1856.
913 4395 951 4452 cf.
975 4394 1130 4467 Doellinger
1151 4395 1251 4450 Kirche
1273 4396 1329 4450 und
1353 4394 1415 4450 Kir-

187 4485 256 4540 ohen
273 4502 299 4555 p.
319 4485 380 4541 621.

294 4575 321 4646 3)
339 4573 458 4630 Patrone
476 4573 494 4629 l.
514 4591 536 4630 e.
555 4574 638 4632 1111
655 4573 722 4631 Pars
735 4574 763 4631 Π
781 4574 871 4647 1290.
