3134 5054
228 245 279 300 31⁶2
708 243 813 294 Pluris
832 243 951 294 Pmoans

225 465 308 522 locos
330 459 450 519 biblicos
474 459 648 519 adhiberent
669 458 836 532 singulatim
859 462 1011 530 excerptos
1034 472 1131 530 neque
1163 457 1319 516 secundum
1346 460 1425 531 cnjus

227 581 283 637 que
314 565 462 636 scriptoris
499 563 574 622 sacri
611 563 761 621 doctrinae
790 577 931 620 summam
954 567 985 620 et
1013 575 1119 620 nexum
1147 561 1313 634 explicatas.
1359 561 1426 619 Talis

228 667 450 742 argumentandi
486 661 637 726 methodus
675 659 770 746 (cnjus
801 671 938 740 angustos
976 663 1048 723 fines
1083 670 1114 724 et
1143 665 1281 724 Erasmus
1317 671 1346 724 et
1379 665 1427 722 Ln-

227 772 325 831 lherus
360 772 425 830 eliis
455 771 569 844 scriptis
598 771 764 842 transgredi
795 770 977 844 ahqoatenns
999 763 1174 848 coeperunt)
1207 775 1322 828 nostrae
1350 770 1428 828 aetati

227 875 358 935 arridere
380 891 416 934 ac
439 871 741 946 satisfecere'neqnit.
787 873 979 933 Nihilominus
1011 873 1195 947 praeclarum
1216 875 1359 947 utriusque
1379 874 1428 931 viri

227 981 376 1054 ingenium
397 979 487 1038 etiam
505 979 537 1037 in
560 977 657 1049 libris,
681 994 752 1051 quos
775 978 914 1052 diximus,
939 979 1043 1036 elucet
1089 977 1228 1036 Erssrnrm
1249 995 1306 1037 non
1327 976 1428 1052 frigide,

226 1089 259 1142 nt
287 1089 351 1156 post
372 1082 534 1142 Lnthemm
560 1082 643 1140 mnlti
667 1087 858 1156 censuerunt,
893 1081 945 1140 sed
967 1081 1070 1140 intima
1091 1065 1203 1154 pietate
1227 1079 1343 1154 ductus,
1371 1081 1429 1139 dnn

225 1193 311 1260 urget
333 1189 395 1261 ejus
416 1187 622 1246 conscientiam
646 1186 814 1244 intellectus
835 1186 957 1258 practici
973 1186 1120 1259 potentio,
1143 1201 1250 1244 cavere
1266 1185 1377 1259 studet,
1397 1203 1430 1242 nc

225 1292 319 1366 prims
342 1307 430 1350 causa
452 1291 565 1364 peccati
588 1305 606 1348 a
625 1297 761 1348 creatura
783 1289 814 1347 in
836 1289 931 1349 Deum
954 1288 1163 1362 transferatnr3
1186 1289 1253 1348 ideo
1275 1290 1432 1348 libertatem

227 1396 382 1454 humanam
404 1401 518 1468 tuetur,
539 1397 620 1468 cujus
642 1394 740 1453 nobile
764 1393 874 1466 aliquid
896 1392 1042 1453 residuum
1065 1393 1198 1451 similiter
1218 1399 1306 1466 atque
1322 1393 1432 1451 liantius

227 1515 285 1558 non
300 1499 394 1557 minus
408 1514 494 1572 quam
510 1503 676 1572 corruptam
694 1497 834 1556 radicitus
849 1503 971 1571 peccata
984 1497 1140 1556 humanam
1156 1503 1290 1556 naturam
1305 1498 1433 1572 agnoscit

227 1602 335 1663 Conna
362 1601 525 1660 Lutherum
554 1601 674 1676 iisdem,
701 1602 806 1674 quibus
833 1607 936 1673 postea
958 1601 1122 1660 Lntherani
1154 1607 1255 1660 conos
1284 1600 1432 1674 Colchum,

228 1706 406 1780 argumentis
434 1705 557 1764 utitur.¹
610 1705 676 1779 lpse
706 1707 738 1764 in
767 1705 1007 1780 ,hyperaspistis‘
1036 1706 1095 1764 suis
1128 1706 1199 1764 satis
1232 1705 1338 1763 hostile
1369 1705 1433 1763 illud

227 1810 387 1872 adversarii
409 1810 548 1884 scriptum
571 1811 759 1883 contemptim
781 1808 927 1868 interdum
944 1809 1071 1884 judicat,
1091 1808 1143 1870 ssd
1164 1825 1196 1867 se
1220 1809 1359 1883 colligens
1376 1825 1433 1867 sae

225 1917 291 1992 pius
313 1914 386 1974 illud
406 1913 456 1973 din
476 1915 622 1988 multoque
643 1913 738 1973 stud10
762 1912 943 1974 elaboratum
959 1929 1023 1972 esse
1039 1913 1180 1988 agnoscit,
1202 1915 1289 1972 immo
1303 1913 1433 1986 quidquid

227 2020 351 2080 ecclesia
375 2018 596 2094 Vitehergensis
626 2019 796 2091 eloquentia
825 2023 857 2076 et
885 2015 1049 2076 eruditione
1080 2011 1193 2097 (addit:
1223 2009 1433 2096 maledicentia)

226 2125 369 2199 potnerit,
397 2123 427 2182 id
450 2127 543 2182 totum
570 2124 602 2182 in
624 2139 691 2182 enm
713 2121 819 2180 librum
842 2121 978 2180 collatum
1000 2137 1065 2181 esse
1086 2122 1254 2181 arbitretur.
1298 2121 1433 2181 Lntherus

227 2228 445 2288 vehementiore
479 2231 511 2286 ut
538 2226 651 2286 solebat
681 2241 736 2284 nec
761 2226 833 2284 satis
861 2230 947 2284 cauto
970 2226 1080 2298 impetu
1102 2225 1199 2284 mixtis
1221 2225 1386 2285 theoreticis
1405 2229 1433 2282 et

226 2333 363 2408 practicis
399 2329 575 2404 rationibus,
606 2329 658 2388 sed
688 2327 792 2388 ductus
820 2327 910 2388 nobili
940 2328 1063 2403 ardore,
1097 2330 1209 2402 ingenii
1239 2329 1322 2402 quasi
1351 2328 1432 2388 oculis

226 2437 258 2494 in
279 2451 377 2494 rernm
396 2432 622 2506 profunditatem
644 2432 882 2506 penetrantibus,
917 2432 954 2491 ad
976 2449 1042 2492 enm
1062 2433 1186 2492 maxime
1203 2449 1322 2506 scopum
1346 2434 1433 2492 inten-

227 2538 284 2612 dit,
317 2553 403 2610 qnam
433 2538 577 2609 apostolus
605 2537 650 2596 his
680 2529 814 2609 exprimit
843 2535 955 2595 verbis:
991 2541 1037 2610 ,ut
1065 2551 1150 2596 omna
1173 2553 1205 2596 os
1223 2536 1388 2595 obstruatur
1409 2541 1436 2594 et
1492 2515 1496 2524 ’

227 2640 321 2700 omnis
350 2637 473 2698 mundos
501 2638 632 2698 subditus
656 2637 709 2697 fiat
730 2637 814 2698 Deo‘
859 2638 956 2711 Quare
976 2643 1037 2698 tum
1057 2641 1198 2699 naturalis
1220 2639 1344 2698 hominis
1366 2639 1437 2700 erhi-

227 2745 313 2804 oium
340 2759 410 2802 vere
439 2748 561 2815 peccato
590 2758 706 2801 servum
736 2757 802 2801 esse
832 2743 943 2818 arguit,
974 2748 1034 2802 tuns
1057 2743 1094 2803 ab
1115 2745 1178 2817 ejus
1196 2743 1391 2803 mutabilitate
1411 2747 1438 2803 et

227 2847 420 2908 inconstantia
449 2847 528 2905 nullo
558 2845 643 2906 modo
665 2845 794 2920 pendere
816 2847 878 2905 uult
900 2852 1085 2907 aeternarum
1108 2847 1267 2906 divinarum
1291 2847 1438 2921 cogitatio-

227 2968 295 3010 unm
318 2951 400 3026 qnasi
422 2951 544 3026 semem,
571 2951 725 3010 humanam
745 2950 888 3010 rationem
908 2951 993 3025 longe
1016 2952 1309 3026 supereminentium,
1339 2951 1439 3025 quibus

226 3053 290 3130 fiat,
321 3062 355 3115 ut
381 3057 531 3116 universus
560 3057 722 3116 seculorum
748 3055 888 3114 decursus
920 3055 1093 3114 immutabili
1121 3055 1245 3128 quodam
1265 3057 1438 3114 necessitate

227 3159 264 3219 ad
286 3161 476 3219 certissimum
493 3161 814 3235 praeclarissimumqne
836 3156 923 3218 finem
945 3157 1095 3232 dirigatur.
1141 3157 1224 3230 Quod
1246 3160 1271 3217 si
1293 3175 1352 3219 non
1375 3175 1439 3218 con·

227 3263 360 3337 cedatur,
382 3262 476 3323 Deum
495 3264 600 3322 mutari
621 3268 705 3336 putat
725 3264 756 3321 in
779 3261 904 3336 ,idolum
926 3261 1089 3336 Fortunae,
1112 3263 1192 3335 quus
1213 3263 1330 3322 numine
1346 3262 1439 3322 omnis

227 3371 337 3424 temere
363 3365 454 3427 liant.⁴
507 3367 687 3439 Quapropter
715 3370 747 3424 et
776 3366 859 3424 multi
882 3365 1025 3440 theologi,
1053 3368 1096 3427 ita
1118 3371 1230 3426 tantum
1252 3367 1306 3426 soli
1328 3367 1438 3440 gratiae

228 3467 292 3526 dari
312 3469 433 3540 gloriam
453 3469 639 3542 arbitrantes,
662 3469 784 3528 Lutheri
805 3469 935 3528 libellum
958 3485 1140 3544 summopere
1162 3469 1355 3531 laudaverunt
1377 3487 1439 3530 cnm

228 3569 362 3646 Calvino,
386 3577 417 3630 et
439 3573 520 3630 multi
542 3571 719 3646 philosophi,
751 3572 959 3632 determinismi
982 3575 1032 3648 qui
1054 3579 1175 3634 vocatur
1196 3573 1345 3648 vindices,
1377 3590 1438 3632 cnm

226 3673 389 3750 Leibnitio‚
425 3676 475 3748 qni
506 3675 710 3736 necessitatem
738 3676 817 3735 iham
851 3693 916 3736 cum
947 3677 1125 3738 scholasticis
1153 3675 1323 3749 quibusdam
1350 3677 1438 3736 iatum

227 3779 413 3839 christianum
430 3774 623 3852 nominarit„²
666 3779 763 3840 Etiam
785 3780 954 3854 Lessingius
983 3781 1039 3840 hac
1062 3785 1204 3854 exparte
1227 3797 1259 3840 se
1281 3779 1438 3840 Lnthernm

226 3883 307 3957 sequi
329 3883 472 3957 qnondam
495 3883 641 3944 confessus
664 3890 717 3944 est
761 3885 802 3944 At
823 3885 931 3944 veritas
951 3883 1029 3943 inter
1050 3884 1127 3943 hunc
1149 3889 1180 3944 et
1201 3883 1354 3944 Erasmum
1374 3901 1439 3944 con·

226 3992 371 4062 hoversa,
393 3988 526 4048 similiter
547 3993 635 4061 atque
659 3987 777 4047 cherubi
800 3988 831 4046 in
853 3988 974 4061 mystica
995 3987 1155 4061 prophetae
1178 3987 1289 4047 visione
1313 3987 1438 4048 diversas

227 4091 309 4164 qnasi
338 4089 429 4150 facies
455 4091 545 4152 habet
575 4089 631 4150 sibi
658 4092 781 4151 inuicem
804 4091 964 4166 oppositas,
993 4107 1065 4165 quas
1091 4107 1149 4150 nno
1164 4091 1265 4151 obtutu
1288 4091 1437 4166 complecti

226 4191 425 4254 difficillimum
443 4200 496 4254 est.
529 4196 631 4268 Itaque
646 4196 678 4254 in
694 4200 816 4269 utroque
831 4195 893 4255 viro
916 4193 1115 4255 desideramus
1137 4193 1247 4268 aliquid
1269 4195 1345 4268 qood
1365 4197 1437 4254 alter

313 4423 340 4490 t)
358 4423 432 4480 Quod
446 4429 513 4474 rante
522 4422 653 4478 admonuit
660 4423 835 4474 Kattenbusoh
844 4423 883 4474 in:
901 4424 1022 4476 Lnther’s
1034 4423 1118 4477 Lahre
1130 4439 1189 4476 rous
1200 4423 1318 4475 unis-aian
1332 4425 1433 4478 willon

313 4509 388 4577 2)1n
405 4511 486 4575 prael,
507 4509 539 4558 ad
557 4507 722 4564 theodiscam·
