3202 5058
113 353 121 366 ,
193 299 228 354 28
673 299 777 349 Pnnrrs
796 299 910 348 Pistoris

193 516 398 589 imponeretur.
442 513 476 572 ld
506 513 554 587 qui
576 512 771 572 moliebantur
793 512 860 571 huic
882 513 927 572 rei
948 512 1142 587 aptissimum,
1165 529 1222 585 quo
1244 516 1406 584 uterentur,

192 625 291 679 noema
319 620 458 678 memoria
486 619 708 677 instrumentum
736 617 813 675 nacti
836 622 911 675 suut.
954 617 1127 677 Habuerunt
1154 616 1266 675 scilieet
1288 616 1406 690 Papam,

191 725 240 798 qui
269 741 323 797 per
344 729 457 796 tempus
479 722 594 797 quidem
615 721 733 794 dubius,
761 720 813 779 sed
835 738 900 780 mox
933 721 1085 780 admodum
1108 720 1208 778 docilis
1230 720 1407 780 Jesuitamm

193 827 365 901 discipulus,
396 827 427 884 in
450 825 588 886 cathedra
612 842 666 884 sua
687 823 750 884 fulli
771 825 887 884 nescius
909 825 1054 885 declarari
1076 824 1266 884 libentissime
1289 841 1406 884 conces·

192 933 246 1006 sit,
268 933 355 990 immo
376 947 446 990 vero
469 929 693 1006 flagrantissime
715 930 832 1002 cupivit.

280 1035 349 1095 Pius
378 1052 486 1109 nonus,
512 1035 557 1094 vir
591 1033 769 1108 probissimis
799 1034 1032 1106 suavissimisque
1068 1033 1195 1093 moribus
1228 1033 1404 1092 multitudini

192 1146 328 1214 acceptus
351 1135 422 1220 (etsi
445 1141 475 1198 in
498 1139 698 1213 superstitioso
727 1139 812 1211 vulgo
834 1137 965 1197 Romano
987 1139 1070 1197 multi
1093 1144 1193 1213 erant,
1217 1139 1265 1210 qui
1297 1153 1403 1196 nocen-

192 1246 230 1304 tis
252 1246 330 1304 viem
346 1249 508 1318 suspectum
531 1261 596 1302 eum
616 1236 788 1322 haberent),
810 1242 920 1316 pietate
943 1242 1087 1316 sincerus,
1108 1242 1159 1302 sed
1182 1243 1339 1301 christiana
1360 1241 1404 1298 iu·

193 1350 273 1423 genii
301 1349 439 1408 virilitate
468 1354 498 1408 et
525 1348 682 1407 sobrietate
701 1347 828 1420 ,quadam
850 1346 1020 1420 destitutus,
1049 1348 1080 1405 in
1098 1346 1279 1420 politioribus
1298 1345 1404 1404 littoris

193 1435 305 1512 modice
335 1457 480 1525 versatus,
508 1452 672 1526 theologias
700 1457 731 1510 et
758 1451 896 1510 historiae
924 1467 1040 1524 prorsus
1069 1449 1132 1509 lare
1155 1452 1289 1525 ignarus,
1318 1449 1406 1508 variis

193 1557 416 1631 procellosisque
445 1557 522 1616 vitae
545 1556 658 1616 casibus
680 1555 718 1614 ad
740 1555 973 1629 superstitionem
995 1557 1089 1628 potius
1113 1571 1147 1614 ac
1169 1555 1326 1614 vanitatem
1349 1553 1407 1612 sui·

194 1677 250 1733 que
273 1660 467 1720 adulationem
493 1676 579 1733 quam
609 1659 646 1718 ad
667 1659 831 1732 religiosam
853 1660 898 1717 sui
919 1677 1075 1732 rerumque
1097 1659 1285 1718 humanarum
1309 1658 1407 1731 cogni·

195 1765 303 1823 tionem
325 1765 482 1838 perductus
505 1769 558 1822 est.
603 1762 658 1835 Qui
678 1769 745 1837 post
766 1763 918 1822 admodum
940 1763 1069 1822 diversas
1091 1781 1139 1823 res
1162 1767 1289 1822 tentatas
1311 1779 1407 1822 sacer·

195 1866 247 1926 dos
269 1866 380 1942 factus,
404 1867 509 1927 deiude
532 1867 697 1942 episcopus,
718 1867 887 1941 cardinalis,
910 1865 1039 1940 pontifex
1059 1865 1182 1941 electus,
1204 1867 1235 1924 iu
1257 1867 1341 1940 regni
1362 1867 1407 1924 sui

196 1971 320 2031 exordiis
342 1977 453 2030 tantum
475 1972 537 2044 spei
559 1971 642 2030 Italis
663 1971 785 2045 aliisque
806 1971 915 2044 passim
936 1971 1116 2044 nationibus,
1137 1975 1275 2044 quantum
1289 1971 1407 2030 tenuris

194 2076 324 2151 lesuitis,
345 2077 453 2149 injecit.
487 2077 598 2135 Horum
612 2075 765 2135 Generalis
785 2077 926 2134 ecclesiae
947 2074 1094 2149 flagellum
1117 2093 1183 2136 eum
1198 2077 1319 2150 vocavit,
1340 2080 1407 2134 vota

194 2180 306 2241 iaciens
328 2187 360 2241 ut
381 2182 550 2256 propediem
571 2183 685 2255 pulsata
707 2181 841 2240 Vaticani
856 2197 997 2255 campana
1012 2180 1050 2240 ad
1064 2181 1174 2240 obitum
1189 2182 1251 2254 ejus
1265 2180 1407 2240 sonaret.¹

195 2285 396 2360 Displicebant
422 2286 534 2346 scilicet
568 2286 701 2345 societati
727 2286 770 2344 illi
797 2288 958 2359 permulta,
993 2302 1068 2359 quae
1099 2285 1188 2344 italos
1215 2283 1408 2359 oblectabant,

194 2389 326 2462 inprimis
362 2389 493 2448 sincerus
533 2406 619 2462 quem
650 2389 720 2447 Pius
757 2387 946 2461 profitebatur
979 2389 1137 2448 eommunis
1169 2390 1282 2462 patriae
1297 2444 1300 2450 ,
1317 2405 1407 2462 amor,

194 2493 297 2566 ingens
318 2493 515 2564 proclamatus
534 2493 649 2566 publice
672 2494 832 2552 amnestiae
854 2492 1040 2566 beneficium,
1064 2493 1189 2567 denique
1204 2493 1407 2552 administran-

195 2595 251 2655 dae
278 2597 381 2655 melius
409 2597 534 2655 civitatis
565 2597 779 2656 ecclesiasticae
814 2597 945 2657 modesta
971 2597 1086 2672 quidem
1113 2597 1165 2656 sed
1192 2599 1408 2671 exoptatissima

194 2701 287 2760 initia.
341 2700 412 2760 Tam
442 2701 580 2760 inauditis
609 2701 718 2760 Romae
756 2701 844 2760 rebus
871 2703 961 2762 etiam
988 2703 1142 2762 multorum
1172 2703 1407 2776 Protestantium,

195 2809 227 2863 et
245 2804 461 2879 Europaeomm
488 2810 519 2864 et
545 2806 799 2880 Amerieauorum,
824 2805 901 2866 haud
924 2807 996 2866 levis
1023 2807 1176 2866 admiratio
1205 2808 1331 2866 excitata
1354 2813 1405 2867 est.

194 2908 291 2979 Quare
312 2914 381 2968 tuuc
402 2911 541 2983 temporis
558 2909 701 2969 Maximus
724 2910 760 2970 de
776 2911 907 2985 Aneglio,
930 2911 974 2970 vir
996 2927 1053 2976 nou
1075 2912 1169 2970 minus
1190 2913 1297 2970 virtute
1319 2928 1406 2984 quam

193 3013 345 3087 praeclaro
373 3020 404 3074 et
433 3015 586 3089 multiplici
607 3014 725 3088 ingenio
746 3014 866 3089 nobilis,
897 3012 960 3074 lieri
981 3031 1067 3089 posse
1089 3014 1175 3090 dixit,
1202 3021 1235 3074 ut
1255 3015 1303 3073 hic
1326 3015 1407 3089 Papa

194 3117 415 3178 christianarum
444 3119 573 3194 gentium
601 3119 798 3192 concordiam,
828 3136 881 3194 pro
911 3135 968 3193 qua
999 3119 1156 3180 Bossuetus
1184 3125 1214 3179 ct
1243 3119 1406 3180 Leibnitius

194 3222 301 3284 frustra
322 3223 520 3298 laborassent,
542 3239 613 3284 vere
636 3225 811 3284 restitueret.
847 3223 905 3282 Sed
921 3223 1005 3282 Pium
1028 3223 1065 3282 ad
1087 3223 1321 3283 satisfaciendum
1342 3229 1407 3282 tan-

193 3329 231 3388 tis
259 3329 522 3402 exspectationibus
558 3346 623 3387 curn
653 3330 872 3402 intellegentiae
914 3335 944 3387 ot
970 3329 1128 3404 scientiae,
1161 3335 1221 3388 tum
1250 3327 1406 3388 voluntatis

193 3433 270 3490 vires
292 3431 471 3491 deiecerunt.
515 3433 597 3491 Inter
619 3433 733 3506 turbas,
754 3449 820 3491 mox
842 3438 920 3491 ortas
944 3437 974 3490 et
996 3432 1026 3490 in
1041 3432 1262 3506 sauguinolenta
1277 3432 1406 3491 facinora

195 3539 350 3609 exeuntes,
387 3534 470 3608 Papa
503 3541 603 3594 tautae
634 3537 703 3594 moli
736 3537 830 3609 impar
865 3535 1000 3595 artmdiui
1029 3537 1123 3595 ventis
1153 3537 1280 3611 agitatae
1305 3535 1406 3594 similis

195 3655 259 3698 esse
281 3644 363 3699 recte
386 3639 544 3700 dicebatur.
588 3639 780 3698 Nihilominus
797 3656 913 3714 semper
935 3640 1028 3699 adhuc
1050 3640 1088 3699 ad
1107 3656 1226 3715 magnas
1248 3656 1296 3700 res
1319 3647 1407 3700 natus

194 3761 259 3804 esse
281 3743 337 3802 sibi
359 3743 436 3802 viam
459 3749 513 3802 est.
558 3744 741 3818 Quapropter
756 3761 841 3818 quum
856 3745 1003 3818 hucusque
1026 3761 1078 3803 mo
1101 3745 1197 3803 seculo
1217 3746 1302 3803 nimis
1316 3745 1407 3804 iuter-
1470 3795 1474 3802 .

194 3849 261 3908 dum
296 3849 447 3922 cessisset,
481 3848 576 3908 subito
609 3854 702 3908 totum
735 3847 807 3908 illud
839 3848 902 3907 siue
941 3849 997 3907 uilo
1031 3847 1196 3907 discrimine
1228 3849 1407 3923 impugnare,

195 3954 282 4012 medii
304 3954 368 4012 aevi
390 3953 538 4028 ingenium
561 3968 596 4011 ac
618 3953 745 4012 rationes
768 3969 856 4012 caeca
879 3953 1070 4012 admiratione
1093 3953 1174 4026 sequi
1198 3955 1310 4028 coepit,
1332 3969 1408 4012 nova

194 4073 312 4132 prorsus
334 4063 365 4115 et
386 4057 500 4116 diversa
522 4059 569 4116 via
592 4058 700 4132 gloriae
724 4065 873 4132 appetens.

280 4160 404 4220 Posthac
427 4163 527 4220 nativa
550 4163 612 4236 ejus
634 4161 761 4236 bouitas,
782 4163 850 4236 quia
873 4161 976 4246 deerat
998 4162 1060 4219 veri
1083 4167 1112 4219 ct
1134 4177 1203 4220 voro
1225 4161 1322 4233 magui
1342 4177 1408 4219 seu-

194 4280 256 4339 sus,
279 4265 371 4340 magis
393 4267 542 4340 magisque
565 4267 721 4326 obscurata
741 4273 794 4326 est.
838 4267 1028 4340 Incorruptae
1051 4267 1231 4328 constantiae
1252 4265 1316 4324 loco
1338 4265 1408 4323 insi·

285 4515 309 4582 1)
327 4515 462 4568 Memoires
481 4513 628 4582 d’hreglio,
656 4513 1039 4581 Curresp.politiquep.1ht.
1067 4519 1125 4566 aaa.
1163 4514 1200 4566 Gi.
1219 4513 1338 4578 Nielscu,
1356 4513 1408 4563 Ge·

224 4599 309 4652 bichte
327 4602 371 4652 des
390 4601 555 4652 Pabstthums
574 4607 620 4652 etc.
640 4617 664 4666 p.
684 4605 742 4650 393.
