3194 5042
651 276 739 332 Carus
757 276 804 332 VI.
1288 281 1341 335 175

117 483 120 489 '
217 480 276 541 Sed
303 480 335 540 id
362 480 389 540 si
416 479 537 540 fecisset
564 482 655 539 totam
682 479 839 556 epistolam
867 480 932 556 ejus
955 497 1077 557 prorsus
1099 480 1188 540 aliam
1211 481 1342 541 futuram

101 588 204 648 fuisse
226 588 360 648 arbitror.
405 587 451 647 De
477 586 617 646 universa
644 586 832 664 philosophia
854 586 1247 648 aristotelico-Thomistica
1273 606 1341 648 cau-

102 697 169 756 tius
190 695 367 772 judicasset,
390 694 428 753 ad
445 693 658 754 emendandam
680 693 752 754 cleri
775 693 822 753 sui
844 694 1061 754 institutionem
1084 695 1158 755 alias
1179 713 1228 755 res
1245 695 1341 772 magis

101 803 293 864 necessarias
315 819 382 862 esse
403 801 611 862 intellexisset.
657 801 747 860 Utin
769 800 957 879 philosophia
978 801 1032 860 illa
1055 801 1096 883 (id
1119 803 1197 880 quod
1219 820 1341 863 necesse

103 929 175 971 esse
193 911 260 988 ipse
282 927 343 970 uon
361 908 486 990 ignorat)
510 927 579 968 vera
598 913 628 969 et
646 908 722 968 falsa
739 909 989 984 discernerentur,
1011 909 1044 968 in
1067 910 1193 970 eeclesia
1209 910 1341 970 Romana

104 1018 172 1078 veri
190 1035 272 1076 amor
293 1017 517 1078 resuscitandus
539 1021 613 1092 erat,
638 1016 689 1094 qui
712 1035 801 1095 quam
824 1016 931 1076 misere
953 1017 1017 1077 illio
1036 1017 1145 1095 jaceat,
1167 1017 1233 1096 ipse
1251 1036 1340 1094 ency-

103 1125 184 1186 clica
212 1143 266 1185 sua
293 1125 379 1202 quasi
406 1125 444 1184 ad
470 1124 571 1185 oculos
598 1125 786 1184 demonstrat
832 1124 864 1184 Is
890 1142 960 1184 vero
985 1125 1018 1184 in
1046 1125 1221 1186 scholastico
1243 1125 1340 1204 philo-

105 1233 232 1310 sophiae
259 1237 289 1293 et
315 1217 481 1308 theologiae
509 1237 669 1308 systemate
697 1232 860 1292 subsistere
886 1250 946 1292 non
974 1233 1072 1308 debet,
1101 1233 1153 1293 sed
1180 1233 1340 1294 ascenden-

105 1341 181 1400 dum
204 1339 232 1400 ei
262 1340 367 1400 estad
394 1339 476 1417 ipsos
503 1340 658 1417 primarios
687 1341 783 1400 fontes
806 1339 983 1416 theologiae,
1011 1345 1201 1400 monumenta
1223 1341 1340 1401 divinae

105 1447 311 1522 revelationis,
340 1465 438 1508 sacras
460 1447 587 1521 litteras,
616 1465 690 1525 quas
713 1448 802 1506 etiam
824 1447 1016 1508 Innocentius
1039 1447 1105 1523 Va,
1132 1448 1280 1526 Paparum
1306 1449 1340 1509 in

105 1555 256 1614 laudando
275 1553 387 1614 Thema
408 1555 716 1630 immoderatissimus,
739 1555 822 1614 illius
843 1555 962 1631 scriptis
983 1573 1043 1616 non
1061 1555 1159 1632 potuit
1180 1575 1240 1616 non
1258 1561 1340 1617 ante-

106 1680 226 1742 ponere.
273 1661 353 1736 Quas
376 1663 428 1740 qui
451 1662 570 1739 penitus
593 1680 653 1721 non
671 1661 819 1737 didicerit,
843 1681 997 1740 nunquam
1018 1664 1149 1740 profecto
1172 1664 1340 1725 examinare

106 1770 229 1848 poterit,
252 1769 373 1829 ubinam
395 1769 505 1830 rectius
527 1788 566 1828 an
583 1769 684 1830 miuus
705 1774 787 1830 recte
805 1769 932 1830 'l’homas
955 1770 1161 1848 philosophica
1183 1772 1281 1831 studia
1302 1773 1340 1832 ad

106 1876 274 1954 theologica
304 1877 567 1937 accommodaverit
598 1881 628 1937 et
654 1877 812 1955 utriusque
841 1878 991 1938 doctrinae
1021 1877 1133 1938 limites
1165 1879 1338 1940 definiverit

108 1983 207 2058 Quare
229 1984 256 2044 si
274 1984 343 2063 quis
361 1984 535 2045 clericorum
553 1984 896 2045 Romanocatholiconrm
914 1985 1131 2046 institutionem
1149 2003 1218 2046 vere
1240 2003 1338 2046 ernen-

107 2091 173 2151 dari
196 2093 281 2168 velit,
305 2110 376 2170 prae
398 2092 504 2152 ceteris
527 2092 743 2169 providendum
765 2093 793 2152 ei
816 2096 874 2168 est,
897 2097 932 2152 ut
955 2111 1105 2152 sacrorum
1126 2087 1284 2154 bibliorum
1306 2093 1339 2152 in

107 2199 223 2276 linguis
254 2199 468 2277 principalibus
500 2199 556 2258 rite
587 2199 873 2277 interpretandorum
905 2199 1052 2275 studium,
1084 2200 1198 2259 tamdiu
1228 2200 1339 2277 ubique

107 2309 172 2368 fere
198 2307 369 2368 foedissime
395 2307 577 2383 neglectum,
605 2307 780 2367 reflorescat
825 2305 930 2385 Neque
957 2307 1057 2366 minus
1085 2325 1172 2367 curae
1198 2307 1338 2368 adhiben-

108 2415 180 2474 dum
204 2420 250 2475 est
275 2415 308 2474 in
331 2414 462 2475 docenda
489 2415 604 2475 sincera
626 2414 768 2474 ecclesiae
794 2414 918 2492 ejusque
941 2414 1111 2491 dogmatum
1137 2415 1272 2491 historia,
1300 2433 1339 2475 ne

108 2523 206 2583 denuo
225 2541 343 2600 semper
364 2523 498 2582 variatis
516 2523 580 2582 loco
603 2521 720 2582 fabulae
742 2541 777 2582 ac
799 2522 952 2582 mendacia
973 2522 1032 2582 ista
1053 2522 1249 2600 repullulent,
1273 2523 1338 2600 qui-

107 2631 166 2690 bus
188 2648 315 2707 magnus
338 2630 486 2708 quondam
504 2629 638 2708 Aquinas
661 2629 862 2708 decipiebatur
880 2648 1027 2708 quaeque,
1051 2648 1144 2708 quum
1164 2629 1339 2707 jamdudum

108 2738 222 2798 aviris
240 2737 365 2798 eruditis
387 2737 501 2798 detecta
522 2741 634 2812 essent,
657 2737 852 2798 nihilominus
874 2757 893 2797 a
914 2737 1126 2814 posterioribus
1144 2737 1338 2814 scholasticis,

109 2845 247 2923 inprimis
264 2845 401 2920 Jesuitis,
424 2850 459 2904 ut
476 2845 668 2921 Bellarmino,
692 2845 800 2906 Suarer
822 2845 961 2924 aliisque,
984 2846 1132 2906 mordicus
1155 2847 1337 2906 tenebantur.

109 2953 153 3013 Eo
175 2953 318 3013 libentius
342 2952 431 3012 Curia
457 2953 607 3013 beneficiis
635 2957 665 3012 et
690 2953 851 3014 honoribus
879 2971 929 3013 eos
956 2954 1131 3028 cumulavit,
1159 2953 1211 3030 qui
1233 2953 1338 3012 talium

110 3065 341 3121 commentorum
368 3059 425 3120 sibi
451 3060 572 3120 utilium
598 3060 714 3137 patruni
741 3060 928 3119 exstiterunt
974 3060 1134 3136 Postquam
1161 3059 1257 3136 ipsius
1279 3059 1337 3119 Ro·

96 3186 212 3254 ,manae
230 3167 372 3228 ecclesiae
394 3168 451 3227 riri
470 3167 652 3228 celeberrimi
670 3167 899 3227 demonstratam
917 3185 935 3225 a
955 3166 1200 3226 centuriatoribus
1218 3165 1337 3242 Magda-

110 3275 240 3352 burgicis
258 3275 504 3336 Pseudo-isidori
523 3275 656 3334 fraudem
674 3278 862 3351 agnoverant,
881 3273 970 3334 etiam
989 3272 1125 3333 Bossueti
1143 3277 1237 3334 aetate
1255 3274 1336 3350 Agu-

110 3385 168 3443 irre
194 3383 347 3460 Hispanus
378 3387 499 3460 propter
530 3382 681 3443 defensam
712 3381 796 3441 illius
826 3381 916 3440 fidem
944 3379 1109 3440 cardinalis
1140 3385 1255 3440 meabas
1282 3385 1335 3440 est

110 3490 215 3552 Seoulo
243 3490 363 3550 demum
394 3495 462 3568 post
488 3489 561 3550 Pius
584 3489 636 3550 Vl
664 3488 821 3550 decretalia
848 3487 913 3563 illa,
946 3489 1055 3566 quibus
1083 3487 1210 3548 Thomas
1237 3493 1267 3548 et
1293 3491 1337 3548 tot

111 3597 161 3657 alii
193 3599 287 3658 sancti
319 3598 375 3658 viri
403 3599 508 3658 confisi
539 3599 673 3671 fuenmt,
705 3597 782 3656 falsa
813 3611 879 3656 esse
910 3597 1065 3655 confessus
1092 3594 1166 3656 est¹
1215 3595 1337 3656 Petrum

111 3705 275 3783 apostolum
294 3723 346 3784 per
364 3705 452 3765 XXV
470 3722 563 3765 annos
577 3704 686 3764 Romae
705 3705 876 3782 episcopum
895 3702 925 3763 et
942 3721 1050 3781 papam
1067 3703 1161 3763 irrisae
1179 3707 1209 3762 et
1227 3707 1335 3762 utram-

111 3831 168 3891 que
185 3812 359 3888 dignitatem
378 3812 596 3874 suecessoribus
615 3813 679 3872 suis
692 3810 849 3888 reliquisse
865 3829 900 3871 ac
917 3810 1013 3870 multa
1030 3809 1089 3868 alia
1107 3809 1216 3869 similia
1234 3809 1335 3870 etiam·

111 3939 182 3982 mun
208 3921 328 3981 credulo
355 3921 439 3997 gregi
465 3925 629 3980 narrantur.
680 3919 887 3996 Ineptissimae
916 3917 1125 3978 miraculorum
1152 3917 1337 3995 quorrmdam

112 4027 302 4103 narrationes,
326 4045 401 4106 quae
420 4027 604 4088 sacerdotum
626 4027 784 4104 imperium
803 4025 909 4086 fulcire
931 4025 1082 4100 videntur,
1105 4025 1201 4084 denuo
1220 4042 1337 4102 semper

112 4135 277 4211 hadunhrr,
309 4136 466 4196 manifesta
498 4135 658 4195 multorum
685 4134 863 4195 Pontificum
895 4132 1005 4193 scelera
1031 4131 1079 4192 vel
1111 4131 1256 4207 celantur,
1287 4131 1337 4192 rel

112 4243 296 4320 impudenter
323 4247 516 4319 excusantur,
548 4243 585 4303 de
612 4242 754 4304 ecclesiae
780 4241 1019 4302 reformatoribus
1046 4239 1191 4300 nefandae
1218 4239 1335 4300 fabulae

112 4351 227 4411 assidue
244 4351 462 4428 excogitantur,
481 4355 674 4428 sparguntur,
693 4349 888 4427 exagitantur.
930 4346 1011 4423 Quae
1029 4348 1101 4407 dum
1117 4348 1207 4424 fiunt,
1226 4347 1336 4408 frustm

216 4579 243 4651 l)
262 4577 301 4636 cf.
319 4579 404 4634 danus
422 4595 447 4650 p.
467 4578 520 4633 424
534 4595 570 4636 ss.
