3144 5092
243 256 295 311 130
786 255 874 310 Curua
891 255 925 308 V.

242 349 401 358 μ--ῄ

242 456 390 518 Gardinali
421 458 454 516 iu
482 457 608 518 Galliam
640 457 790 534 proiectus
821 461 913 533 esset,
945 457 993 518 his
1024 458 1196 532 absentibus
1224 457 1353 519 Galilaei
1388 459 1483 518 amici

240 566 449 626 monachorum
477 570 589 643 partem
617 569 733 625 tantum
760 565 871 626 Romae
898 565 1011 644 pollere
1037 565 1237 641 crediderumt,
1265 571 1313 640 ut,
1342 565 1371 626 ei
1400 585 1483 625 noro

240 672 383 750 opusculo
416 654 524 732 diserte
555 673 593 731 ad
621 671 775 750 Cepernici
808 677 939 748 systema
969 673 1136 750 pertinente
1162 673 1214 733 isti
1242 679 1484 751 provocarentur

238 784 271 839 et
298 779 539 855 sollicitarentur,
567 779 698 857 pessima
723 780 760 840 ab
787 779 825 840 iis
853 781 1011 840 metuenda
1037 785 1151 855 essent,
1179 781 1356 858 praesertim
1382 800 1483 858 quum

239 887 321 965 Papa
347 887 380 946 iu
405 891 448 946 tot
470 885 603 947 molestie
625 887 770 948 bellorum
792 887 919 964 negotiis
942 892 1103 966 occupabis
1125 887 1301 948 domesticas
1325 888 1483 965 ejusmodi

240 994 341 1054 turbas
368 1013 455 1070 aegre
482 993 597 1054 laturus
624 999 710 1056 esset
756 994 861 1073 itaque
888 995 964 1054 illud
990 995 1237 1073 praestantissimi
1262 995 1320 1054 riri
1345 1013 1483 1072 opuscu-

239 1101 316 1177 laun,
344 1102 431 1178 cujus
458 1119 552 1179 pauca
580 1106 695 1162 tantum
719 1103 828 1180 scripta
851 1102 1032 1180 exemplaria
1054 1121 1122 1163 cum
1144 1103 1248 1162 amicis
1271 1104 1482 1163 communica-

240 1215 334 1285 rerat,
362 1209 512 1270 oecultum
535 1210 652 1287 jacebat
678 1214 767 1288 atque
794 1215 893 1271 nostro
922 1211 1042 1270 demum
1066 1210 1165 1271 seculo
1188 1209 1270 1288 typis
1292 1228 1481 1288 expressum

240 1317 337 1377 lucem
360 1317 443 1377 vidit

346 1423 450 1502 Neque
478 1428 576 1485 tamen
600 1423 750 1486 Galilaeae
777 1425 910 1485 animum
937 1425 1107 1502 despondit,
1136 1424 1188 1486 sed
1210 1443 1245 1486 eo
1267 1425 1369 1485 acrius
1394 1427 1479 1485 omni

240 1549 310 1591 cura
333 1531 365 1590 iu
387 1549 528 1608 magnum
550 1531 627 1591 illud
650 1550 724 1610 opus
748 1533 785 1592 de
807 1533 1017 1593 constitutione
1040 1532 1144 1592 mundi
1167 1533 1316 1607 incubuit,
1341 1533 1427 1610 quod
1445 1553 1480 1592 ee

240 1637 338 1698 moliri
362 1638 424 1715 jam
452 1639 555 1698 multis
582 1639 670 1698 annis
696 1644 782 1699 antee
804 1639 932 1718 Keplero
960 1641 1115 1701 confessus
1141 1644 1216 1716 erat,
1244 1640 1323 1718 quod
1348 1645 1386 1699 ut
1409 1659 1479 1718 per-

239 1745 340 1805 ficeret
362 1763 422 1805 non
443 1749 560 1805 tantum
583 1763 616 1806 ee
638 1747 674 1806 ab
698 1747 750 1807 illo
771 1747 951 1808 amicissime
969 1747 1152 1808 admonitum
1171 1765 1238 1808 esse
1254 1747 1477 1820 recordabatur,

240 1852 292 1912 sed
324 1853 413 1912 etiam
445 1871 498 1931 pro
529 1853 643 1914 viribue
675 1872 693 1914 a
720 1854 782 1914 Deo
814 1855 891 1916 detis
919 1873 1007 1916 suum
1034 1855 1167 1916 officium
1193 1853 1309 1914 veritati
1337 1854 1476 1914 debitum

239 1976 306 2020 esse
336 1963 425 2039 atque
457 1979 475 2020 a
505 1959 678 2022 clarissimis
710 1961 782 2022 viris
809 1962 898 2022 etiam
925 1963 1036 2022 exteris
1061 1962 1128 2039 jure
1155 1961 1321 2039 exspectari
1349 1962 1475 2039 penitus

241 2067 391 2128 sentiebat.
432 2068 468 2128 Id
491 2069 570 2128 enim
593 2068 718 2130 erariis
737 2069 832 2146 signis
850 2070 1002 2148 percipere
1020 2087 1192 2148 possumus,
1215 2069 1247 2129 in
1265 2069 1321 2129 hoo
1340 2071 1475 2129 maxime

240 2193 328 2252 opere
360 2193 477 2254 semper
505 2175 533 2236 ei
561 2177 597 2236 ob
624 2177 724 2237 oeulos
751 2183 898 2237 versatam
925 2195 991 2238 esse
1018 2195 1086 2238 cnm
1113 2176 1329 2237 formidolosam
1361 2177 1472 2236 virium

239 2282 392 2342 interitum
422 2283 482 2361 ipsi
509 2284 752 2344 comminantium
780 2284 996 2360 fortitudinem,
1029 2291 1093 2344 tum
1121 2284 1326 2362 dijudicandae
1354 2291 1471 2344 contro-

240 2388 353 2450 versiae
380 2391 417 2450 ad
439 2395 531 2451 totam
554 2391 767 2469 rempublicam
789 2391 975 2468 litterariam,
1004 2393 1094 2453 immo
1117 2392 1154 2452 ad
1177 2393 1351 2452 univercum
1374 2410 1471 2469 genus

239 2497 402 2556 humanum
425 2499 587 2576 spectantia
611 2499 791 2576 singularem
813 2499 1055 2576 magnitudinem.
1101 2499 1140 2559 nt
1163 2499 1370 2577 percrebuerat
1391 2500 1470 2559 inter

239 2603 319 2663 viros
346 2604 477 2666 eruditos
504 2607 593 2665 etiam
620 2611 737 2668 exteros
761 2608 823 2684 jem
850 2613 927 2684 tum,
955 2625 1048 2686 quum
1075 2607 1171 2667 adhue
1198 2607 1292 2684 gratia
1314 2607 1469 2668 Pontificia

239 2711 344 2770 florere
365 2711 532 2788 videbatur,
555 2731 655 2774 mmor
677 2714 714 2773 de
736 2715 878 2792 periculis
901 2733 970 2776 eum
993 2715 1252 2796 circumdantibus.
1295 2711 1393 2788 Quare
1414 2715 1469 2774 hoo

239 2817 390 2895 temporol
417 2819 523 2879 Petrus
551 2819 735 2896 Gassendus,
767 2821 977 2899 lluneogallus
1009 2821 1037 2882 ei
1069 2821 1201 2900 scripsit,
1234 2839 1266 2882 se
1297 2821 1373 2882 forte
1400 2840 1468 2882 con·

236 2925 350 3002 jectum
372 2927 504 3006 assequi,
528 2945 581 2988 cur
603 2927 681 3005 ipse,
705 2947 798 3007 quum
820 2947 993 2990 arcanorum
1015 2929 1188 2991 coelestium
1211 2935 1291 2990 esset
1312 2931 1468 3006 sagacissi-

238 3051 306 3094 mus
334 3039 478 3095 scrutator
503 3037 712 3114 particepsque
739 3037 991 3114 consultissimus,
1019 3055 1160 3114 magnum
1183 3055 1258 3115 opus
1278 3037 1394 3114 jamdiu
1417 3057 1468 3098 ex·

239 3147 404 3220 spectatum
435 3144 567 3204 nondum
599 3145 760 3224 emisisset5
793 3145 872 3224 quod
903 3145 930 3205 si
963 3163 1178 3223 suppressuras
1206 3150 1297 3218 esset,
1329 3163 1468 3221 magnam

236 3249 349 3310 factuam
375 3250 413 3310 iri
439 3251 482 3311 rei
509 3251 669 3312 litterariae
696 3253 882 3331 cordatisque
909 3253 1075 3312 divinarum
1101 3253 1301 3313 doctrinarum
1324 3251 1468 3314 studiosis

236 3357 388 3435 iujuriam3
417 3376 507 3436 quare
534 3359 650 3419 utinam
672 3377 735 3420 rem
758 3360 830 3420 adeo
852 3360 1046 3420 desideratam
1068 3361 1154 3420 bonis
1176 3359 1307 3439 amplius
1329 3377 1368 3420 ne
1391 3360 1467 3420 invi-

236 3463 330 3538 deret,
359 3463 418 3524 nisi
446 3465 521 3526 forte
548 3467 617 3527 fatis
644 3468 686 3527 ita
713 3467 875 3528 terentibus
903 3467 946 3528 sio
973 3477 1007 3528 ee
1034 3468 1184 3528 continere
1210 3467 1342 3542 deberet,
1370 3473 1406 3528 ut
1429 3487 1467 3528 ne

235 3589 305 3630 cum
336 3571 440 3632 amicis
472 3573 592 3651 quidem
622 3575 792 3634 institutum
821 3593 909 3635 auum
936 3594 990 3653 per
1015 3575 1131 3636 litteras
1158 3575 1394 3636 communicaret
1423 3609 1465 3620 -

234 3677 347 3738 Eodem
369 3697 446 3739 auno
468 3679 628 3759 Keplerus,
657 3681 789 3743 Sarsium
811 3684 957 3758 refutare,
984 3683 1062 3744 ridet
1084 3685 1255 3744 ementitam
1278 3687 1466 3760 ,sumamu-

233 3785 326 3847 ralem
358 3786 441 3847 illam
468 3788 579 3849 lucem‘
606 3789 717 3850 ironice
743 3809 761 3849 a
788 3789 920 3851 Galilaeo
947 3791 1157 3869 praedicatam,
1190 3808 1248 3869 qua
1274 3789 1387 3850 Jesuita
1413 3790 1466 3855 ille

234 3896 462 3956 controversiam
502 3897 733 3975 Oopemicanam
770 3897 945 3976 diremptam
982 3917 1049 3959 esse
1084 3897 1271 3976 gloriabatur.
1326 3895 1466 3972 Queritur

234 4021 367 4079 ,parvam
387 4003 558 4064 servitutem
576 4009 607 4065 et
624 4005 763 4065 miseram
781 4006 983 4066 condicionem
1001 4024 1101 4066 rerum
1115 4005 1240 4084 tempori
1255 4004 1461 4082 subjectarum,

234 4127 293 4188 qua
319 4110 383 4186 liat,
416 4115 462 4186 ut,
490 4130 566 4190 quae
593 4117 662 4173 aute
689 4113 835 4173 famosum
863 4113 940 4172 illud
968 4113 1097 4174 edictum
1124 4113 1208 4173 nulla
1234 4113 1347 4173 ratione
1374 4113 1462 4172 inter-

233 4216 418 4294 dicebantur,
451 4219 552 4280 eadem
583 4220 688 4281 docere
719 4239 799 4280 nunc
830 4221 914 4281 nefas
946 4221 1100 4298 habeatur;
1134 4220 1179 4287 sic
1210 4221 1283 4281 istos
1311 4219 1460 4280 Pontificis

232 4323 399 4386 adulatores
431 4343 465 4386 eo
493 4329 596 4388 efferre
624 4329 689 4406 ejus
716 4327 933 4406 auctoritatem,
966 4333 1000 4388 ut
1027 4329 1146 4390 tandem
1173 4346 1212 4388 ne
1238 4327 1315 4406 ipsis
1343 4325 1458 4404 quidem

340 4551 367 4620 i)
386 4553 418 4605 A.
440 4551 516 4606 1525.
553 4553 657 4608 Ibidem
674 4553 717 4608 IX
734 4553 807 4610 uos.
