3176 5064
234 260 270 312 42
774 259 862 312 Carus
879 259 926 312 IV.
953 278 957 286 ·

1085 353 1478 362 -.-———.-.-—-——...—

236 481 340 522 manae
358 463 552 522 reverentiam
569 481 633 522 rem
651 481 706 522 acu
724 467 844 538 tangere
862 461 1030 539 puduisset,
1054 461 1176 522 veritate
1194 481 1212 520 a
1229 461 1477 522 Protestantibus

235 570 313 629 dicta
335 570 430 646 gavisi
454 575 567 645 essent,
595 570 625 630 id
649 570 726 648 quod
749 569 837 628 etiam
860 569 892 628 in
910 569 1082 628 ihidentmo
1101 569 1233 630 Concilio
1255 569 1359 648 aliquo
1384 571 1477 629 modo

235 678 346 737 factum
364 696 430 737 esse
448 677 620 738 videbimus.
662 677 766 754 itaque
785 676 860 736 nihil
879 695 979 736 eorum
999 677 1062 736 illic
1080 677 1252 736 defuturum
1270 677 1368 736 irrisae
1387 677 1475 736 vide

234 790 290 858 tur,
315 803 390 862 quae
403 785 440 844 ad
454 785 612 844 abolendos
626 785 754 862 donique
768 784 874 844 Curiae
890 789 923 857 ,et
943 783 1085 844 ecclesiae
1102 784 1214 844 ebusus
1231 801 1356 844 neeesse
1375 793 1474 844 erant.

341 891 428 952 Dicet
450 892 598 970 quispiam
622 891 814 951 haecomnia
837 891 913 950 nihil
936 909 1002 952 esse
1024 891 1083 950 nisi
1110 890 1272 951 bellissima
1295 873 1418 950 somnia
1437 894 1475 950 ab

235 999 373 1059 historiae
388 999 510 1058 veritate
523 999 697 1075 longissime
715 1004 834 1058 remota.
864 999 919 1058 Cui
938 1017 997 1058 non
1016 1003 1063 1058 est
1081 999 1159 1076 qnod
1173 999 1364 1074 refragemur.
1400 999 1475 1076 Ipse

235 1107 453 1180 Melanchthou,
467 1106 664 1184 praesentium
676 1106 828 1166 honrinum
842 1107 972 1166 indolem
986 1123 1144 1184 rerumque
1157 1107 1359 1166 condicionem
1372 1107 1474 1184 respi-

235 1216 330 1290 ciens,
354 1215 447 1274 libelli
471 1215 625 1290 cujusdam
649 1213 762 1273 similes
785 1218 883 1272 tantae
907 1213 970 1290 spei
993 1213 1139 1290 imagines
1162 1213 1311 1272 evocantis
1338 1215 1472 1290 margini

237 1322 406 1398 adscripsit:
431 1322 610 1398 Respublica
628 1321 773 1380 Platonis!
803 1321 1015 1380 Vemrntamen
1034 1339 1127 1398 aeque
1145 1339 1180 1380 ac
1200 1320 1384 1380 Contarenns
1402 1321 1474 1380 alii-

235 1449 293 1506 que
311 1429 485 1488 immortalis
503 1429 659 1488 memoriae
679 1428 734 1486 riri
753 1428 841 1488 etiam
859 1428 924 1505 ipse
938 1428 1147 1488 Melanohthon
1166 1429 1208 1487 ita
1232 1427 1305 1504 egit,
1328 1429 1417 1506 quasi
1438 1431 1472 1486 in

236 1536 387 1595 veritatem
407 1537 513 1595 mutari
533 1541 654 1612 possent
672 1536 817 1611 ejusmodi
832 1535 953 1595 somnia.
992 1534 1087 1608 Quare
1106 1542 1136 1595 et
1154 1536 1239 1610 haec,
1263 1541 1292 1595 et
1310 1554 1388 1612 quac
1402 1541 1472 1594 tan-

235 1649 296 1702 tam
310 1661 394 1720 spem
408 1643 470 1702 illis
485 1643 557 1702 viris
571 1643 748 1718 injecerunt,
772 1643 951 1719 investigare
965 1661 1003 1702 ex
1018 1643 1157 1702 historiae
1170 1642 1266 1702 officio
1280 1647 1335 1716 est,
1353 1644 1472 1720 quippe

236 1769 311 1828 qnae
330 1769 388 1810 non
407 1755 522 1810 tanturn
540 1751 577 1808 ad
595 1769 643 1810 res
662 1756 742 1810 actas
761 1751 812 1810 sed
831 1750 920 1810 etiam
938 1751 975 1808 ad
990 1749 1143 1810 hominnm
1156 1768 1204 1810 res
1218 1750 1369 1826 agentium
1383 1769 1470 1810 men·
1544 1815 1551 1837 ο

235 1864 296 1918 tem
313 1858 563 1936 cogitationesque
581 1858 735 1934 pertineat.
776 1857 874 1917 Etiam
893 1857 915 1916 ii
935 1876 1016 1930 vero,
1040 1858 1092 1936 qui
1110 1857 1235 1916 aliorum
1254 1875 1307 1934 spe
1327 1858 1470 1918 frustrata

237 1985 292 2026 sua
314 1967 465 2043 proposita
487 1966 615 2025 assecuti
639 1971 721 2039 snut,
745 1965 845 2042 itaque
868 1965 937 2025 totis
960 1965 1098 2041 gentibus
1121 1969 1151 2024 et
1173 1965 1355 2041 temporibus
1379 1983 1469 2024 sunm

236 2075 322 2151 quasi
337 2075 463 2134 colorem
479 2074 647 2148 induerunt,
666 2079 824 2150 autequam
839 2073 915 2132 illud
930 2073 1112 2149 perficerent,
1130 2073 1229 2150 aliquo
1248 2073 1334 2132 modo
1353 2075 1469 2132 somnia

236 2183 403 2258 captabant,
436 2200 532 2258 neque
560 2200 677 2258 semper
705 2182 777 2240 haec
805 2199 918 2255 eorrrrn,
952 2199 1026 2258 quos
1060 2179 1193 2240 frustrati
1226 2185 1309 2254 saint,
1343 2179 1470 2240 somniis

236 2289 357 2348 meliora
379 2307 413 2348 ac
436 2289 578 2348 nobiliora
601 2290 733 2362 fuerunt,
762 2307 860 2366 neque
882 2289 1007 2362 auxilia,
1036 2289 1143 2365 quibus
1166 2287 1292 2348 uictores
1315 2289 1469 2360 exentera,

235 2395 400 2456 laudabilia.
438 2397 502 2455 lam
521 2397 624 2472 igitur,
648 2396 826 2473 quibusnam
845 2395 1032 2472 potissimum
1051 2395 1207 2472 praesidiis
1226 2395 1359 2454 Romana
1378 2395 1470 2456 Curia

235 2503 267 2560 in
294 2503 456 2562 uniuersali
481 2503 611 2562 Concilio
634 2503 750 2576 vicerit,
774 2503 848 2562 mihi
871 2503 1029 2562 (bbendum
1052 2508 1104 2563 est
1151 2500 1232 2575 Quae
1254 2502 1404 2579 praesidia
1430 2521 1470 2562 ne

236 2627 286 2668 eos
314 2610 448 2686 quidem,
478 2611 585 2686 quihus
608 2609 716 2669 uictrix
744 2628 833 2670 causa
860 2611 984 2687 placuit,
1009 2611 1181 2687 probaturos
1204 2610 1251 2669 vel
1274 2615 1469 2669 excusaturos

236 2735 301 2775 esse
320 2716 455 2790 arbitror,
478 2717 537 2776 nisi
555 2717 630 2776 forte
653 2718 779 2794 partium
805 2718 902 2778 studio
926 2719 1065 2778 historiae
1088 2717 1241 2778 veritatem
1264 2723 1294 2776 et
1316 2717 1469 2778 mnsaien-

237 2823 296 2882 tiae
319 2825 504 2883 sanctitatem
527 2829 713 2884 contemnere
735 2843 789 2902 pro
812 2826 922 2884 virtute
944 2826 1106 2885 habuerint.

344 2931 466 2991 Constat
479 2928 635 3012 euimJeos,
659 2933 710 3009 qui
729 2933 782 2991 illa
800 2937 894 2992 aetate
913 2951 1015 3010 pacem
1034 2934 1111 2992 iuter
1127 2932 1310 2994 Christianos
1329 2932 1468 2992 fraternis

235 3039 272 3098 de
299 3039 440 3115 religione
467 3039 622 3117 colloquiis
650 3040 830 3117 praeparari,
863 3040 1025 3100 rmiversali
1050 3040 1181 3100 Concilio
1205 3059 1273 3100 vers
1296 3039 1401 3113 libero,
1430 3041 1466 3098 ad

235 3147 451 3206 reformandam
483 3147 637 3206 ecclesiam
669 3148 868 3234 convocando,
906 3147 994 3224 plene
1027 3147 1129 3224 perfici
1165 3147 1314 3220 volebant,
1352 3149 1466 3208 sincero

235 3255 368 3314 ueritatis
391 3259 421 3313 et
443 3255 573 3314 caritatis
597 3255 695 3314 studio
718 3255 822 3314 ductos
846 3254 953 3329 fuisse,
976 3255 1110 3330 ejusdem
1134 3271 1202 3314 vero
1225 3255 1367 3331 temporis
1390 3255 1465 3314 Pon-

235 3361 330 3422 tifices
348 3362 410 3420 fere
428 3381 530 3421 omnes
548 3381 617 3422 cum
635 3363 671 3420 ab
690 3361 836 3438 ejusmodi
855 3362 966 3437 studio,
990 3368 1054 3420 tum
1072 3363 1108 3420 ab
1126 3362 1207 3421 onrni
1226 3362 1340 3422 sincera
1357 3361 1466 3438 pietate

235 3468 433 3528 alienissimos
466 3469 543 3526 nihil
575 3469 633 3528 nisi
665 3469 695 3527 id
723 3470 910 3528 contendisse
938 3476 968 3528 et
999 3469 1159 3544 laborasse,
1191 3473 1225 3528 ut
1257 3487 1328 3528 snae
1359 3469 1466 3546 suique

236 3574 352 3651 imperii
375 3575 495 3634 utilitati
517 3575 702 3636 inservirent.
750 3574 833 3650 erod
856 3577 994 3654 quisquis
1017 3577 1157 3636 historiae
1179 3595 1289 3652 gnarus
1311 3581 1358 3636 est
1380 3577 1466 3636 etde

237 3683 390 3742 Clemente
413 3683 495 3758 VIL,
528 3683 579 3760 qui
606 3682 766 3742 imminens
795 3684 919 3744 Conoilii
953 3684 1119 3760 periculum
1151 3701 1267 3761 semper
1298 3683 1465 3757 declinavit,

236 3795 266 3850 et
288 3791 324 3850 de
347 3790 439 3851 Paulo
462 3790 530 3864 III.,
559 3791 611 3868 qui
635 3795 702 3867 post
724 3791 848 3850 multam
871 3791 1090 3851 cunctationem
1112 3791 1188 3850 iilud
1217 3790 1372 3865 sustinuit,
1398 3791 1466 3866 jure

236 3898 394 3957 dicendum
417 3917 482 3958 esse
505 3898 698 3958 confitebitur.

749 4091 869 4176 Caput
891 4091 946 4156 IV.

342 4221 430 4280 Haud
453 4195 572 4280 fortuito
596 4222 707 4280 facturn
730 4225 788 4294 est,
818 4225 850 4280 ut
874 4219 974 4295 Curia,
1004 4239 1080 4298 qnae
1104 4220 1269 4280 Concilium
1297 4218 1467 4280 universale

236 4349 253 4388 a
273 4329 395 4389 Caesare
419 4333 448 4387 et
466 4328 655 4404 Principibus
679 4328 872 4404 efflagitatum
897 4328 1044 4388 simrdutis
1067 4326 1268 4404 frigidissimis
1291 4327 1389 4386 causis
1413 4345 1467 4404 per

236 4437 359 4509 longum
377 4440 496 4510 tempus
515 4435 739 4508 dehectaverat,
762 4440 827 4493 tum
846 4435 965 4494 denium
984 4435 1046 4495 illis
1065 4435 1194 4509 cederet,
1214 4452 1306 4511 quum
1321 4434 1466 4494 nefandae

237 4540 402 4613 machinae,
425 4541 462 4596 ad
482 4541 628 4599 necandos
647 4540 894 4618 trucidandosque
907 4542 1092 4619 evangelicos
1106 4541 1198 4614 virm,
1222 4559 1346 4620 quornm
1365 4559 1465 4603 exem·
