3188 5086
658 293 751 344 Oaros
770 293 802 346 V.
1290 291 1342 346 123

32 512 33 529 ¹
124 507 386 582 amplectebantur,
409 511 491 582 quasi
512 509 544 568 in
566 525 648 568 sunm
661 525 778 568 succum
801 513 832 568 et
854 509 1023 582 sangninem
1046 514 1162 568 vertere
1178 507 1343 567 studebant.

124 609 263 670 Veterum
294 612 383 672 libros
414 614 564 673 nonsatis
590 615 764 688 intellegere
791 629 876 688 posse
905 614 960 672 sibi
989 614 1174 688 videbantur,
1201 615 1258 672 nisi
1287 614 1344 688 ipsi

28 768 29 778 ,
122 713 255 774 similiter
286 717 479 790 loquerentur
508 734 543 776 ac
575 718 745 777 scriberent.
803 718 850 776 Sic
880 719 959 778 inter
991 720 1067 776 viros
1106 717 1233 777 eruditos
1261 719 1344 776 multi

121 814 269 894 Graecae,
299 837 400 879 omnes
427 821 551 880 Latinae
580 822 719 881 orationis
749 821 918 882 facultatem
946 821 1183 895 assequebantur.
1229 821 1343 880 Graece

121 927 186 980 tune
208 925 262 982 vel
289 930 366 984 totas
388 927 435 984 vel
457 931 597 1000 exparte
620 928 742 1000 scriptas
763 925 840 985 hand
855 943 963 1000 paucas
979 926 1202 986 clarissimorum
1216 926 1344 984 virorum

122 1026 263 1098 epistolas
285 1029 457 1102 reperimus.
501 1029 606 1088 Latine
631 1030 711 1104 loqui
734 1037 765 1089 et
787 1031 915 1090 scrihere
936 1033 999 1104 jam
1020 1048 1075 1104 per
1094 1030 1220 1089 medinm
1240 1045 1343 1088 aevum

23 1154 24 1171 ι
119 1143 222 1203 magna
254 1131 430 1191 eruditionis
451 1149 519 1206 pars
542 1149 657 1206 semper
678 1133 789 1208 fuerat3
817 1150 892 1193 nunc
914 1150 984 1193 vero
1007 1133 1149 1192 barbarae
1171 1133 1255 1191 istius
1275 1133 1342 1191 lati-

22 1214 24 1302 J
118 1231 219 1292 nitatis
249 1235 318 1295 loco
340 1237 455 1296 sincera
483 1237 625 1310 quaedam
649 1243 679 1296 et
701 1239 820 1311 elegans
842 1237 1010 1297 necessaria
1031 1237 1203 1310 habebatur,
1229 1241 1262 1294 ιι
1279 1236 1342 1308 quis

22 1342 23 1371 l
119 1343 256 1396 ueterum
290 1340 409 1412 ingenio
436 1357 467 1400 se
499 1341 645 1400 initiatum
673 1349 704 1400 et
732 1342 811 1401 inter
843 1343 921 1401 viros
950 1342 1049 1400 doctos
1076 1341 1193 1398 civitate
1225 1340 1342 1413 dignum

23 1445 24 1459 ¹
121 1455 184 1500 csse
207 1441 379 1516 probaret¹
423 1444 518 1515 Quare
543 1462 616 1503 unns
646 1461 682 1502 ex
708 1445 745 1503 iis
772 1445 809 1504 de
839 1446 964 1518 purioris
985 1444 1138 1502 latinitatis
1161 1449 1342 1502 sacramento

118 1545 267 1614 qnondam
297 1547 412 1605 locutus
438 1553 491 1606 est.
535 1548 625 1606 Immo
651 1549 797 1608 interdum
826 1547 1015 1622 factumest,
1043 1553 1076 1606 ιι
1097 1548 1189 1620 inepti
1211 1547 1342 1606 homines

22 1658 23 1728 j
121 1649 308 1722 elegantibus
332 1651 485 1724 phrasibus
498 1653 564 1725 plus
579 1668 664 1724 quam
679 1653 832 1712 merebant
852 1655 961 1726 gloriae
974 1653 1213 1726 adipiscerentur.
1243 1651 1340 1710 Etiam

22 1787 23 1805 ι
120 1750 198 1810 inter
225 1755 309 1812 viros
331 1755 408 1812 haud
430 1755 472 1814 ita
499 1754 731 1814 condemueudos
754 1755 857 1814 Cicero
879 1757 999 1815 serviles
1021 1757 1185 1814 imitatores
1207 1755 1340 1814 habebat

119 1851 184 1912 Dici
207 1857 331 1930 quidem
352 1874 409 1916 non
430 1863 540 1934 potest,
563 1865 735 1933 argumenta
756 1864 887 1919 veterum
911 1861 1083 1934 scriptorum
1106 1859 1241 1933 neglecta
1263 1874 1341 1931 esse;

118 1958 168 2016 aed
190 1961 224 2018 in
249 1961 465 2021 conscribendis
486 1963 568 2022 libris
589 1964 733 2036 turpiores
756 1964 927 2022 elocutionis
945 1980 1031 2037 qnam
1046 1963 1163 2022 tractati
1179 1962 1341 2035 argumenti

118 2063 251 2122 maculas
273 2065 358 2122 multi
382 2065 537 2140 putabant,
565 2068 626 2140 jam
647 2067 739 2140 ipsam
763 2067 906 2140 elegantis
928 2073 1061 2126 veterum
1084 2067 1224 2126 sermonis
1246 2065 1340 2123 inrita

119 2165 232 2226 tionem
262 2168 353 2226 nimio
382 2170 580 2228 aestimantes.
639 2169 774 2244 Eonsqne
804 2169 887 2228 multi
916 2171 963 2229 vel
991 2171 1232 2244 praestantissimi
1261 2169 1339 2226 illius

119 2272 227 2330 aetatis
250 2271 382 2331 homines
399 2273 564 2332 liberalium
587 2275 691 2332 ardum
715 2291 813 2332 amore
835 2275 947 2332 incensi
971 2279 1002 2334 et
1023 2276 1206 2347 antiquarum
1228 2273 1340 2332 littera·

120 2389 182 2432 rum
213 2375 370 2435 dulcedine
399 2377 488 2450 rapti,
516 2377 637 2436 deleniti
663 2383 709 2452 et,
738 2383 771 2436 nt
795 2379 882 2438 venia
905 2379 943 2438 sit
964 2379 1068 2453 verbo,
1100 2378 1182 2451 qnasi
1204 2376 1340 2436 fascinati

120 2483 213 2538 erant
266 2479 312 2538 Eo
342 2479 437 2539 animo
462 2479 565 2538 imbuti
595 2481 713 2554 legendi
740 2481 879 2540 aviditate
906 2480 1076 2558 flagrabant.
1126 2479 1341 2540 Desiderabant

119 2593 218 2641 omnes
247 2583 406 2658 ingentium
436 2583 639 2643 thesaurorum
661 2585 708 2642 ιιι
729 2585 907 2644 reclusorum
933 2603 1019 2660 quam
1041 2586 1223 2645 celerrimum
1243 2584 1340 2656 copio-

118 2681 322 2758 sissimamque
353 2702 509 2746 accessum.
562 2687 638 2746 Huic
669 2687 814 2747 desiderio
848 2691 898 2762 qui
934 2689 1118 2749 satisfaceret
1143 2706 1228 2748 nemo
1255 2695 1339 2748 tanta

118 2795 230 2857 quanta
250 2789 389 2850 Erasmus
408 2795 439 2850 et
461 2790 604 2850 facilitate
625 2793 736 2866 ingenii
759 2797 790 2852 et
812 2791 948 2852 ubertate
970 2793 1091 2852 idonens
1111 2799 1182 2854 erat.

203 2893 274 2967 Qui,
297 2893 374 2966 qnod
394 2895 484 2954 semel
507 2911 661 2970 aggressus
683 2896 734 2970 sit,
757 2895 911 2956 confitetur
933 2897 1010 2972 ‚lere
1031 2903 1173 2971 perpetuo
1196 2913 1281 2955 cursu
1305 2911 1337 2956 se

117 2993 271 3056 absolvere
294 3013 350 3055 nec
372 2999 533 3071 castigandi
549 2998 677 3057 taedium
696 3016 823 3072 unquam
837 3000 978 3060 devorare
993 3000 1141 3074 potuisse.‘
1186 3000 1336 3058 Interdum

120 3099 212 3158 etiarn
234 3101 437 3160 concinnitatis
459 3103 605 3176 cansdam
628 3104 660 3160 in
682 3104 885 3176 componendis
900 3105 982 3162 libris
1004 3105 1077 3162 miro
1099 3104 1259 3160 incuriosus
1283 3107 1336 3160 est

120 3200 168 3260 Sic
190 3207 223 3263 in
237 3205 387 3278 colloquiis
403 3206 489 3265 editis
504 3208 586 3278 jnxta
600 3207 726 3281 puerilia
742 3212 773 3266 et
786 3222 891 3264 revera
905 3207 1004 3279 pueris
1019 3206 1165 3265 destinata
1185 3205 1337 3263 inueniun-

119 3308 166 3363 tur
195 3309 270 3384 alia,
303 3325 378 3382 quae
407 3311 645 3384 ingeniosissimis
665 3311 907 3385 lepidissimisqne
930 3311 975 3368 ιιι
997 3310 1114 3384 generis
1137 3309 1251 3383 seriptis
1273 3309 1336 3382 plo·
1398 3341 1401 3347 »

120 3409 238 3470 nissimo
264 3414 332 3486 jure
361 3413 594 3473 adnumerantur.
640 3415 761 3488 Semper
787 3413 850 3474 fers
876 3415 1064 3488 extemporali
1086 3413 1204 3473 dicendi
1225 3431 1334 3487 genere

121 3527 188 3574 usus
212 3521 273 3590 est,
296 3521 365 3596 tam,
379 3517 517 3577 celeriter
539 3519 661 3590 paginas
683 3519 821 3593 implens,
844 3525 877 3577 ut
892 3518 975 3592 prela
996 3517 1172 3578 scribentem
1187 3519 1269 3592 sequi
1289 3520 1336 3576 vix

119 3625 246 3688 possent.
290 3621 356 3679 Non
385 3622 503 3695 mirum,
534 3621 709 3694 quod'artis
739 3623 964 3696 typographicae
994 3624 1191 3682 inventionem
1219 3621 1335 3682 summis

121 3735 208 3797 saepe
233 3724 367 3782 laudibus
399 3724 491 3784 effert.
535 3725 629 3784 Nemo
660 3730 729 3784 ante
758 3741 823 3784 eum
850 3727 926 3784 illius
952 3743 1007 3799 ope
1033 3727 1071 3786 ad
1100 3725 1275 3786 erudiendos
1305 3731 1336 3784 et

122 3827 340 3886 commovendos
367 3829 533 3902 aequalium
562 3829 674 3886 animoa
701 3833 761 3887 tam
791 3829 932 3888 industrie
965 3835 995 3888 et
1017 3829 1144 3890 feliciter
1174 3845 1242 3888 usus
1263 3834 1335 3888 erat

122 3925 183 3988 Hac
213 3948 249 3990 ex
271 3936 356 4004 parte
379 3931 586 4012 quodammodo
609 3947 708 3990 eorum
731 3935 938 4007 antesignanus
952 3938 1020 4007 est,
1049 3933 1099 4005 qui
1121 3937 1223 4006 postea
1246 3933 1336 4006 ephe-

122 4034 245 4092 meridas
272 4033 385 4094 edendo
414 4035 519 4094 similia
545 4031 756 4093 tentaverunt.²
798 4035 915 4096 Etenim
934 4036 1073 4094 Erasmus
1095 4035 1203 4108 scripta
1225 4051 1278 4093 sua
1300 4052 1336 4094 ex

122 4133 273 4196 intervallo
291 4155 377 4210 qnam
400 4139 568 4197 brevissimo
588 4154 620 4197 se
642 4139 767 4196 invicem
790 4139 943 4212 sequentia
957 4139 1074 4213 saepius
1097 4138 1199 4196 emisit.
1243 4139 1335 4210 Quam

209 4383 235 4448 1)
254 4382 294 4433 Oi.
315 4381 498 4434 Commentatio
516 4398 573 4433 mea
590 4381 621 4432 da
646 4383 803 4448 reipublicae
821 4383 961 4436 litterariae
983 4384 1126 4448 originibus
1144 4399 1169 4448 p.
1190 4388 1222 4432 16
1236 4397 1256 4434 a.

209 4468 236 4538 ι)
255 4468 293 4520 (ιι.
313 4469 417 4520 Durand
436 4469 466 4519 ds
483 4469 564 4532 Laut,
581 4469 688 4519 Ειιιιιι
705 4471 856 4534 ριιιιιιιιι
874 4477 900 4522 ιι
916 4471 1036 4521 ιιιιιιιιι
1054 4469 1084 4520 de
1101 4469 1200 4534 l'esprit
1217 4467 1335 4519 moderna

123 4551 341 4619 sspnsst
