3194 5042
232 285 283 339 182
771 283 858 336 Cnrur
876 281 923 336 VI.

230 488 396 564 detorquet,
423 485 510 545 utin
534 485 681 562 peccando
704 490 806 546 contra
829 502 966 544 severum
988 484 1121 544 (66116116
1143 483 1275 544 officium
1298 483 1476 542 subtilitate

231 594 357 671 quadam
375 611 448 653 usus
467 593 614 652 malitiosa
628 592 751 652 Lutheri
770 592 980 652 detrectatione
997 591 1097 651 vincat
1115 609 1208 670 paene
1226 591 1327 668 ipsum
1346 609 1476 666 ,verurm
1571 630 1576 675 t

231 702 371 760 6161666(ι
395 701 487 760 istum
509 698 705 760 Romanum.1

337 808 418 868 Haec
450 812 510 866 tarn
542 808 624 866 varia
655 825 745 884 quam
776 807 934 884 impudens
966 806 1156 866 historiarum
1188 805 1376 882 adulteratio,
1413 805 1476 864 Pe·

231 917 377 993 pistarum
399 915 529 992 propria,
559 915 644 992 quasi
667 914 772 974 foedus
800 932 918 992 semper
940 915 1008 973 iniit
1035 931 1102 973 oum
1126 912 1321 991 ineptissimis
1348 913 1476 973 schola-

232 1023 323 1083 sticae
341 1021 546 1099 philosophiae
569 1027 599 1081 et
620 1021 796 1098 theologiae,
820 1039 896 1099 quae
915 1021 1021 1082 Curiae
1044 1021 1118 1079 tanti
1137 1021 1226 1098 pretii
1248 1025 1305 1096 est,
1328 1021 1474 1097 argutiis

231 1130 329 1189 Etiam
357 1129 413 1188 viri
440 1147 510 1189 vere
541 1128 641 1205 magni
669 1129 746 1188 siout
774 1127 901 1188 Thomas
929 1128 1076 1206 Aquinas,
1108 1128 1168 1186 nisi
1195 1146 1250 1204 pro
1280 1128 1371 1187 medii
1400 1128 1474 1188 aeri

233 1236 445 1297 consuetudine
463 1241 506 1296 tot
524 1236 689 1296 tritissimis
708 1235 847 1296 historiae
868 1234 1030 1312 papisticus
1047 1234 1156 1294 fabulis
1175 1234 1264 1295 fidem
1282 1234 1473 1308 habuissent,

233 1349 364 1420 systema
382 1361 470 1403 suum
493 1361 553 1404 non
576 1343 635 1402 tale
658 1343 745 1421 quale
767 1347 850 1402 erant
872 1344 1063 1420 perfecerant.
1109 1341 1160 1402 Sic
1182 1360 1236 1401 sua
1257 1359 1361 1402 rursus
1381 1361 1473 1418 saga-

233 1452 321 1510 citate
339 1451 506 1510 fabularum
528 1451 653 1510 istarum
675 1450 879 1528 auctoritatem
896 1449 1066 1510 fulciebant.
1112 1449 1177 1509 Hac
1197 1449 1302 1510 saltem
1324 1467 1363 1510 ex
1381 1455 1473 1526 parte

233 1577 294 1618 non
316 1563 400 1618 erant
426 1558 534 1634 magni.
581 1556 698 1631 Quanto
720 1557 889 1616 miseriores
911 1557 944 1616 in
967 1557 1132 1635 praesentia
1155 1557 1177 1615 ii
1202 1557 1286 1616 nobis
1308 1556 1474 1616 videantur

234 1683 355 1724 necasse
382 1671 440 1739 est,
471 1665 523 1742 qui
550 1669 664 1724 veteres
692 1664 835 1742 quasdam
863 1664 1054 1724 scholasticas
1082 1664 1212 1740 argutias
1239 1668 1405 1741 recoquunt
1430 1665 1472 1722 ad

235 1771 426 1832 stabiliendas
449 1773 557 1832 iterum
579 1772 713 1848 ejusdem
735 1772 847 1831 farinae
870 1772 998 1847 fabulas,
1022 1790 1040 1830 a
1062 1772 1177 1832 saniore
1199 1775 1367 1831 nostrorum
1389 1775 1472 1831 tem-

235 1897 339 1956 porum
360 1879 472 1955 judicio
495 1897 616 1956 prorsus
638 1878 828 1938 abhorrentes
851 1883 882 1938 et
903 1879 999 1938 adhuc
1022 1897 1118 1956 usque
1140 1898 1158 1937 a
1179 1877 1351 1938 melioribus
1373 1879 1471 1955 huJ'us

235 1987 339 2047 aetatis
365 1986 510 2063 theologIs
538 1986 691 2046 catholicis
717 1986 895 2063 repudiatas.
941 1985 989 2046 Ex
1016 1985 1124 2063 quibus
1152 1985 1284 2062 parvmis
1312 1985 1471 2045 scholasti·

235 2113 337 2155 corum
365 2095 450 2173 quasi
477 2093 649 2171 pedisequis
677 2093 809 2171 exempli
831 2094 926 2153 instar
947 2111 1042 2153 unum
1064 2093 1226 2153 Martinum
1248 2093 1470 2152 Paderbornen-

237 2221 300 2262 sem
332 2202 504 2278 episcopum
531 2203 635 2261 afferre
668 2206 713 2260 sat
744 2206 797 2260 est.
844 2199 939 2274 Quem
969 2205 1002 2260 ut
1033 2201 1131 2260 virum
1162 2219 1259 2278 neque
1285 2199 1470 2260 malitiosum

237 2327 333 2387 neque
360 2309 448 2386 plane
475 2309 641 2383 indoctum,
674 2309 726 2368 sed
752 2308 850 2367 animo
878 2312 908 2368 ct
935 2308 1054 2384 ingenio
1081 2307 1239 2385 pusillum,
1271 2307 1335 2367 veri
1361 2327 1470 2385 parum

237 2417 399 2490 curiosum,
426 2421 546 2494 propter
568 2433 687 2476 caecum
711 2415 817 2476 Curiae
840 2416 1015 2492 obsequium
1036 2416 1069 2474 in
1091 2415 1217 2493 patriam
1240 2433 1330 2492 quam
1351 2416 1470 2475 emebat

237 2524 348 2584 furiose
370 2523 558 2584 invehentem
583 2541 672 2600 supra
700 2523 941 2600 descripsimus.²
985 2521 1017 2582 Is
1040 2541 1133 2600 quum
1155 2523 1269 2599 dejecta
1288 2523 1350 2599 jam
1372 2527 1470 2598 antes,

238 2649 327 2708 quam
349 2630 433 2706 prius
456 2648 527 2706 prae
552 2648 585 2690 se
607 2630 728 2705 hilarat,
756 2631 894 2707 opinione
916 2629 1071 2690 novissimi
1099 2629 1244 2706 dogmatis
1267 2636 1471 2708 propugnator

238 2736 414 2812 exstitisset,
442 2736 543 2795 libello
571 2737 621 2810 ,(16
647 2755 717 2796 vera
743 2737 853 2796 decreti
881 2736 1018 2797 Vaticani
1046 2737 1204 2798 sententie‘
1234 2737 1344 2815 scripto
1370 2737 1471 2815 Papus

238 2843 327 2904 ctiam
349 2843 381 2902 in
405 2842 580 2903 Sanctorum
602 2843 834 2919 canonizatione,
862 2862 938 2922 quae
956 2844 1077 2920 dicitur,
1103 2844 1168 2904 felli
1191 2844 1307 2906 nescios
1330 2863 1397 2905 csse
1419 2845 1471 2905 de-

238 2956 402 3012 monstrare
425 2949 546 3012 studuit.

346 3057 427 3134 Quae
450 3058 583 3137 quaestio
606 3058 725 3136 saepius
748 3060 780 3118 in
803 3059 928 3120 ecclesia
949 3059 1081 3120 Romana
1103 3059 1214 3136 agitata
1235 3063 1305 3120 erat
1351 3057 1473 3138 Quippe

239 3166 367 3245 piissimi
386 3167 451 3243 ejus
470 3165 598 3242 sodales,
622 3166 763 3226 historiae
785 3167 883 3243 gnari,
907 3167 944 3227 de
966 3167 1144 3244 quibusdam
1161 3167 1361 3227 Romanorum
1379 3167 1473 3228 fasto-

239 3293 306 3334 rum
329 3273 446 3334 Sanotis
473 3273 690 3348 dubitaverant,
718 3273 755 3334 de
777 3274 857 3350 aliis,
885 3292 958 3333 num
984 3279 1067 3334 tanto
1089 3275 1199 3334 honore
1226 3274 1308 3350 digni
1331 3275 1472 3350 fuissent,

240 3382 277 3441 de
295 3381 376 3457 aliis,
399 3381 482 3441 velut
504 3381 541 3440 de
559 3380 666 3441 Sancto
685 3381 908 3459 christophoro,
932 3381 968 3442 dc
989 3400 1048 3459 quo
1067 3381 1229 3458 symbolica
1247 3381 1347 3442 fabula
1369 3381 1473 3442 bellis-

241 3489 316 3548 sima
344 3493 373 3548 et
395 3488 636 3564 ingeniosissima
657 3494 806 3565 narratu,
834 3507 907 3548 num
929 3489 1049 3550 omnino
1076 3489 1154 3549 inter
1175 3489 1315 3550 mortales
1337 3507 1472 3566 unquam
1587 3565 1588 3574 ἵ

240 3596 377 3656 fuissent.
429 3594 479 3656 Sic
510 3596 590 3656 enim
616 3596 696 3656 haud
722 3597 810 3674 pauci
842 3597 899 3656 viri
927 3596 1005 3657 docti
1032 3597 1069 3656 de
1095 3597 1205 3657 Ursulo
1230 3615 1300 3657 cum
1330 3596 1473 3656 undecim

240 3703 324 3764 mille
342 3703 508 3780 virginibus
523 3703 656 3780 judicare
674 3703 740 3764 ausi
758 3707 853 3778 erant,
873 3704 917 3764 sio
934 3703 972 3763 dc
991 3703 1155 3780 Cathorina,
1174 3703 1326 3779 Veronice,
1345 3704 1472 3781 Agnele,

240 3811 409 3888 Margmita,
437 3811 612 3886 Petronillo,
641 3811 789 3889 Longino,
817 3811 929 3886 Rocho,
953 3811 1033 3888 aliis,
1061 3829 1135 3890 quos
1157 3815 1226 3871 ante
1248 3812 1303 3872 hos
1326 3812 1473 3874 ducentos
1587 3793 1588 3798 ¹

241 3937 334 3978 annos
357 3918 485 3979 Joennes
507 3918 635 3994 Leunoi,
662 3919 709 3978 vir
731 3919 768 3979 de
790 3919 914 3979 historia
936 3919 1134 3980 ecelesiastica
1157 3919 1267 3996 optime
1289 3920 1427 3996 meritus,
1455 3939 1473 3980 e

241 4025 417 4086 Kalendario
445 4025 561 4086 delevit.
607 4025 701 4087 Immo
726 4027 789 4104 jam
816 4027 916 4087 seculo
944 4031 1028 4086 sexto
1056 4031 1086 4086 et
1112 4027 1226 4087 decimo
1252 4027 1389 4086 acerrimi
1415 4027 1472 4086 Pa-

242 4139 330 4212 patus
357 4137 514 4194 sectatores
540 4137 570 4194 et
596 4134 778 4210 defensorem
807 4133 966 4211 Cejetanus
990 4133 1168 4209 Cardinolis,
1195 4133 1339 4195 Molchior
1362 4133 1471 4210 Canus,

350 4381 377 4450 1)
395 4379 518 4434 Koestlin
536 4380 568 4434 61.
588 4379 731 4435 Wameok.

350 4485 378 4554 2)
396 4486 426 4540 Ρ.
447 4486 482 4541 92
495 4503 516 4541 s.
559 4487 597 4541 Cf.
617 4503 685 4556 quae
704 4487 812 4542 Reusch
833 4486 982 4541 Bonnensis
1001 4486 1075 4556 justa
1098 4489 1126 4541 et
1148 4503 1232 4557 aeque
1255 4487 1288 4540 de
1311 4503 1342 4541 eo
1365 4485 1472 4556 scripsit
1587 4541 1588 4546 ,

244 4573 298 4642 ,lm
315 4589 403 4628 neuen
421 4574 518 4628 Reich‘
539 4574 608 4629 1879
626 4575 673 4629 Nr.
690 4576 722 4629 31
742 4593 767 4644 p.
784 4577 843 4630 175.
