3194 5042
249 263 301 318 152
791 263 879 316 Cerur
897 263 930 316 V.

247 465 364 542 laudes,
387 465 510 526 laudum
531 485 681 539 verarum,
708 484 783 544 quae
806 465 1025 543 sapientissimo
1047 471 1197 528 tantorum
1219 485 1344 545 operum
1367 469 1488 528 auctori

248 573 403 648 debentur,
440 574 671 636 obliviscamur!
724 573 836 634 Eodem
871 575 958 634 modo
994 575 1093 634 omnia
1124 575 1224 634 studia
1255 593 1323 650 sua,
1361 595 1488 636 ornnem

248 700 364 758 eorum,
397 700 473 759 quae
504 681 536 742 in
569 683 630 742 vita
661 681 791 741 humans
821 682 977 758 eveniunt,
1010 682 1290 762 contemplationem
1316 683 1357 742 ad
1384 684 1488 744 Deum

247 790 345 850 refert
390 788 475 849 Nihil
501 789 533 849 in
560 789 635 864 illis,
668 789 827 850 dummodo
854 807 926 850 sena
952 795 983 850 et
1009 791 1061 867 pia
1086 795 1186 850 mente
1212 791 1488 864 musiderarentur,

247 897 404 975 profanum
436 901 466 957 et
496 917 514 956 a
545 897 688 974 religione
719 897 850 957 alienum
882 915 949 958 esse
980 899 1108 975 putabat
1158 898 1264 958 Amico
1295 897 1417 959 cuidam
1449 899 1489 958 de

248 1005 322 1064 inito
344 1005 531 1065 matrimonio
554 1023 608 1066 suo
631 1005 762 1066 scribens
785 1011 816 1066 et
837 1005 972 1065 divinum
994 1005 1152 1066 eonsilium
1175 1006 1208 1065 in
1231 1007 1282 1081 iis,
1306 1025 1386 1084 quae
1403 1007 1488 1066 illud
1573 1076 1574 1085 χ

247 1117 480 1190 praecesserant,
503 1113 670 1191 inquirens.
698 1113 776 1172 nihil
798 1131 864 1174 esse
886 1113 971 1188 dicit,
999 1113 1078 1190 quod
1101 1113 1305 1190 scrupulosius
1328 1115 1487 1173 examinet
1573 1088 1574 1143 3

249 1219 386 1298 quodque
408 1221 480 1281 adeo
502 1221 578 1282 scire
600 1221 760 1281 desideret:
785 1221 809 1280 si
834 1222 909 1280 forte
931 1220 1041 1295 Deum,
1064 1239 1152 1298 quem
1175 1221 1207 1280 in
1230 1221 1322 1281 totius
1344 1221 1487 1281 universi
1572 1237 1573 1260 ¹

248 1327 496 1406 contemplatione
524 1329 660 1388 manibus
687 1328 781 1388 veluti
807 1327 921 1406 palpet,
949 1328 1027 1388 intra
1055 1328 1208 1405 seipsum
1231 1329 1321 1388 etiarn
1344 1329 1486 1388 invenire

247 1435 350 1512 possit.
397 1435 541 1496 Similiter
567 1436 677 1496 amieos
704 1435 784 1495 haud
811 1435 903 1496 semel
930 1435 1075 1510 hortetur,
1102 1441 1137 1495 ut
1163 1436 1196 1494 in
1221 1435 1301 1495 vitae
1328 1454 1403 1496 suae
1429 1437 1485 1496 de-

248 1559 338 1602 cursu
356 1543 475 1602 divinae
493 1543 695 1621 providentiae
712 1543 838 1620 vestigia
857 1542 1005 1619 indagent
1037 1541 1142 1620 Neque
1155 1561 1287 1620 unquam
1300 1561 1485 1620 cognoscere

247 1653 364 1708 tantum
377 1649 522 1710 divinam
548 1651 732 1712 voluntatem
760 1650 814 1711 sed
839 1651 988 1727 cognitam
1014 1650 1194 1711 conscientia
1216 1655 1316 1711 tenere
1339 1657 1370 1711 et
1394 1651 1484 1730 sequi

248 1755 400 1834 religionis
424 1775 490 1818 esse
512 1757 606 1818 duxit.

355 1864 456 1925 Talem
479 1865 568 1926 etiam
591 1884 623 1926 se
645 1867 801 1944 praebebat
823 1866 856 1925 in
873 1865 1078 1944 amplectenda
1095 1865 1280 1926 confessione
1298 1867 1482 1943 evangehoe.

249 1970 343 2047 Quem
361 1977 395 2034 ut
413 1973 573 2048 desereret,
591 1973 669 2034 inter
684 1974 856 2034 Austriacos
875 1991 944 2034 eum
962 1973 1118 2050 degentem
1136 1973 1247 2032 frustra
1264 1973 1315 2032 alii
1334 1974 1483 2050 speciosis

247 2080 430 2158 argumentis
455 2081 657 2159 pelliciebnnt,
684 2081 736 2141 alii
763 2081 895 2141 exhibita
921 2081 1057 2141 molestia
1083 2085 1114 2140 et
1135 2081 1291 2141 vexatione
1317 2081 1483 2157 perducere

248 2189 417 2264 studebant,
450 2188 537 2250 sicuti
565 2187 725 2249 Linzianae
757 2188 950 2248 bibliothecae
981 2187 1050 2248 libri
1079 2187 1239 2264 theologici
1265 2188 1483 2264 instigantibus
1572 2186 1573 2211 ¹

247 2295 371 2357 Jcsuitis
398 2315 451 2374 pro
477 2301 609 2374 ternpore
632 2297 660 2357 ei
683 2296 899 2373 circumscripti
922 2301 1000 2356 sunt.
1046 2294 1203 2374 Quumque
1225 2294 1355 2355 letaliter
1377 2313 1482 2372 aegro

247 2408 315 2464 tans
341 2404 488 2464 Pistorius
516 2405 650 2482 quidam,
682 2405 729 2464 vir
755 2403 872 2478 doctrrs,
899 2403 952 2482 qui
979 2403 1017 2462 ad
1043 2403 1175 2463 Romana
1204 2421 1287 2463 secra
1313 2403 1482 2476 transierat,
1572 2452 1573 2466 ,

247 2517 389 2590 tanquam
415 2512 575 2572 moriturus
602 2511 718 2572 litteras
744 2511 782 2570 ed
803 2511 967 2588 Keplerum
994 2509 1137 2585 misisset,
1165 2510 1215 2570 hio
1239 2511 1425 2588 respondens
1450 2529 1483 2570 se

247 2637 301 2696 pro
328 2618 380 2678 illo
407 2618 445 2677 ad
472 2618 567 2678 Deum
597 2619 746 2696 suspirare
774 2619 876 2678 scribit
903 2636 994 2696 seque
1021 2636 1139 2696 sperare
1165 2619 1240 2692 fore,
1273 2623 1307 2678 ut
1334 2618 1483 2678 inanitate

247 2725 338 2800 hujus
370 2724 474 2784 mundi
507 2731 673 2802 perspecta,
706 2725 887 2803 poenitentia
918 2731 1038 2802 paratus
1069 2730 1100 2786 et
1130 2724 1246 2785 cinctus
1272 2725 1483 2786 transitionem

247 2831 331 2891 illam
353 2833 467 2892 beatam
490 2831 586 2892 faciat
627 2832 748 2908 ,Venice
771 2832 888 2910 igitur‘,
910 2833 1021 2910 inquit,
1045 2833 1085 2908 ,si
1108 2833 1181 2893 haec
1203 2832 1386 2909 praestiteris
1404 2833 1482 2911 (Deo

248 2939 337 3000 etiam
360 2939 397 3000 de
420 2939 558 3015 emulus,
580 2939 618 3000 de
642 2940 783 3017 ignoratis
806 2940 947 3018 pereatis,
970 2940 1008 3000 de
1030 2940 1169 3018 opinione
1190 2939 1290 3000 cultus
1308 2939 1370 3000 Deo
1393 2959 1482 3018 prae-

248 3047 312 3109 stiti
344 3047 377 3107 in
408 3047 593 3126 quorumdam
625 3048 822 3125 exagitatione
850 3047 1005 3108 confessus
1032 3053 1063 3107 et
1089 3046 1273 3126 deprecatus)
1302 3081 1344 3090 -
1372 3049 1481 3108 venies

247 3155 369 3234 inquam
401 3155 433 3214 in
464 3153 551 3214 illurn
582 3161 699 3216 coetum
730 3156 890 3217 electorum
921 3154 1055 3233 mihique
1086 3155 1119 3214 in
1150 3153 1203 3215 illo
1229 3173 1336 3231 magno
1364 3153 1413 3216 die
1441 3157 1482 3216 ed

247 3262 376 3323 tribunal
396 3262 507 3324 Christi
530 3263 711 3341 comparenti
733 3263 818 3324 testis
841 3263 913 3338 eris,
935 3281 984 3322 me
1006 3261 1089 3322 nullo
1107 3261 1220 3340 privato
1239 3261 1304 3322 odio
1322 3262 1355 3321 in
1373 3262 1481 3323 Ponti-

247 3371 346 3445 ficem,
374 3370 541 3448 episcopos,
570 3371 747 3446 sacerdotes,
775 3371 828 3431 sed
855 3387 935 3430 mero
963 3369 1026 3429 nelo
1049 3369 1117 3444 Dei,
1147 3369 1244 3429 studio
1272 3369 1480 3430 mandatorum

246 3481 276 3536 et
303 3476 499 3538 institutionis
527 3477 650 3553 Christi,
679 3496 749 3538 cura
775 3477 1041 3555 praemonitionum
1068 3477 1133 3553 ejus
1160 3481 1191 3537 et
1216 3476 1417 3554 apostolorum
1444 3479 1480 3538 in

246 3583 300 3644 illa
327 3583 462 3644 libertate
489 3585 621 3660 stetisse,
649 3585 681 3644 in
709 3603 768 3663 qua
794 3584 850 3644 Dei
878 3583 1027 3663 permissu
1053 3587 1141 3643 natus
1170 3602 1249 3658 sum,
1282 3601 1378 3661 neque
1402 3585 1479 3661 jugo

246 3691 378 3751 Romano
401 3691 564 3769 mancipari
586 3692 665 3753 ultro
687 3691 835 3753 voluisse!
877 3691 960 3752 Tunc
983 3691 1094 3750 severis
1117 3691 1294 3769 quibusdam
1316 3691 1416 3752 verbis
1439 3691 1479 3752 de

246 3799 404 3874 tyrannide
425 3799 557 3859 Romana
579 3799 700 3875 additia,
729 3799 823 3875 ,Haec
850 3801 930 3876 ego‘,
958 3798 1069 3876 inquit,
1097 3799 1264 3874 ,commotis
1287 3799 1476 3876 praecordiis,

248 3907 333 3984 quasi
365 3907 546 3984 migraturus
578 3925 647 3967 cum
674 3907 834 3984 migraturo
862 3905 943 3986 (quia
970 3905 1116 3966 incertum
1143 3910 1211 3965 uter
1237 3905 1363 3965 alterum
1391 3925 1478 3983 prae-

247 4013 352 4094 vertat)
384 4014 521 4092 responsi
552 4015 617 4075 loco
649 4015 686 4073 ad
718 4019 832 4092 partem
864 4013 1006 4092 epistolae
1036 4018 1105 4073 tuae
1132 4013 1169 4073 de
1196 4013 1296 4072 morbo
1324 4018 1354 4072 et
1381 4019 1477 4074 morte

247 4122 377 4182 instante
404 4121 582 4200 respondere
608 4121 699 4182 volui.
744 4120 826 4196 Quae
852 4122 895 4182 ita
921 4120 1048 4198 accipias
1075 4139 1093 4179 a
1120 4120 1268 4180 scribente
1295 4120 1340 4179 uti
1368 4121 1476 4181 solitus

247 4246 280 4290 es
303 4229 440 4306 excipere
462 4229 632 4308 loquentem
656 4234 686 4289 et
708 4229 910 4307 disputantem
932 4228 969 4288 de
992 4227 1094 4288 eadem
1116 4227 1255 4287 materia}

353 4335 459 4414 Neque
494 4341 592 4397 temen
624 4336 784 4414 Keplerus,
821 4336 974 4396 veritatem
1010 4341 1041 4395 et
1075 4335 1241 4394 libertatem
1273 4334 1474 4412 evangelicam

247 4443 362 4504 fortiter
384 4443 551 4518 vindicans,
574 4445 672 4503 animo
695 4461 800 4504 caecus
822 4448 885 4504 erat
906 4443 944 4502 ad
966 4442 1092 4502 ridenda
1110 4459 1181 4502 suae
1199 4441 1342 4502 eeclesiae
1359 4441 1472 4517 damna,

248 4549 338 4610 immo
369 4549 402 4608 in
434 4549 570 4610 omnibus
599 4550 831 4612 Christianorum
863 4548 1090 4612 occidentalium
1121 4548 1255 4626 partibus
1286 4549 1381 4608 multa
1408 4567 1472 4610 esse
