3176 5064
673 277 765 326 Gerus
783 274 841 328 XV.
1313 273 1365 329 343

131 482 261 544 dicione
293 491 370 558 eret,
406 487 553 560 expulsus,
582 491 750 568 posteoflex
778 487 948 562 presbytero
977 486 1236 547 romenocotbolico
1265 491 1364 559 postor

133 592 333 663 evangelicus
363 589 469 665 sectus,
502 591 673 650 uLutbero
703 597 735 650 ut
762 593 807 651 vir
837 592 938 666 ‚velde
970 591 1100 650 eruditus
1134 598 1164 650 ot
1193 589 1363 650 industrius‘

133 689 250 752 loanni
274 695 402 754 Electori
426 695 641 755 commendatus
662 692 733 754 esc1
787 697 890 770 Iteque
913 701 1012 770 postor
1042 693 1118 769 epod
1141 695 1364 754 Niemeocenses

135 800 320 859 constitutus
341 815 395 874 per
417 815 468 858 sex
490 816 580 859 annos
602 801 763 859 ministerio
785 801 846 858 illic
861 800 976 860 functus
994 805 1045 858 est.
1092 798 1150 859 Sed
1166 805 1264 873 orent,
1288 813 1363 872 ques

135 903 237 976 magis
268 906 418 977 magisque
439 905 470 962 in
501 904 672 964 emendeteo
705 905 848 963 ecclesiae
872 905 1011 977 moribus,
1034 905 1152 978 ritibus,
1182 903 1363 979 dogmatibus

135 1007 164 1062 ei
190 1007 394 1080 displicerent.
453 1008 552 1068 Rediit
571 1010 710 1082 peuletim
741 1009 779 1068 cd
802 1009 955 1068 Eresmum
978 1014 1008 1068 ot
1029 1008 1066 1067 ed
1091 1009 1242 1068 ecclesiam
1266 1007 1363 1067 cetbo-

133 1109 248 1184 licem,
280 1112 395 1185 quedem
424 1113 474 1172 ille
505 1112 658 1187 cogitando
689 1111 771 1171 finxit
796 1119 827 1172 et
847 1113 1015 1186 postolavit,
1047 1112 1262 1172 eRomenensi
1292 1112 1363 1170 setis

134 1213 299 1274 diversam.
358 1216 430 1291 Sed,
467 1217 537 1276 licet
567 1217 736 1276 eruditionis
777 1233 811 1276 ec
841 1216 1008 1292 sagacitatis
1042 1233 1222 1290 nequequam
1250 1231 1362 1290 erpere,

135 1335 234 1390 quum
266 1325 363 1379 temen
395 1337 529 1394 magnum
561 1337 655 1394 neque
685 1317 826 1380 Lutberi²
854 1336 949 1394 neque
979 1321 1094 1379 Eresmi
1123 1321 1270 1394 ingenium
1293 1335 1362 1378 vere

135 1439 273 1496 umquem
295 1425 481 1498 intellegeret
503 1431 589 1499 etque
613 1431 832 1499 assequeretur,
855 1426 918 1499 ipse
941 1426 1033 1499 major
1055 1441 1170 1499 semper
1192 1441 1276 1498 quem
1298 1429 1363 1484 eret

135 1527 198 1584 sibi
224 1528 303 1586 visus
322 1533 375 1586 est
419 1529 484 1588 Jem
506 1534 661 1602 antequem
683 1534 783 1602 pastor
805 1529 881 1603 epud
897 1527 1023 1588 Senones
1046 1527 1145 1602 lieret,
1168 1529 1258 1586 multe
1272 1527 1361 1586 hebe-

137 1627 195 1688 bet
220 1647 295 1703 quae
318 1631 348 1690 in
372 1633 547 1706 evangelicis
568 1635 761 1708 vituperarem
788 1649 883 1706 neque
906 1638 1004 1693 temen
1028 1649 1152 1707 umquem
1175 1631 1361 1706 Vitebergem

137 1733 313 1794 Niemeccio
344 1735 427 1794 velde
458 1737 646 1811 propinquem
677 1737 765 1812 odiit,
796 1743 829 1796 ut
851 1754 915 1796 cum
937 1738 1006 1795 viris
1030 1737 1137 1810 optime
1159 1736 1195 1795 de
1219 1752 1254 1794 eo
1276 1735 1362 1794 mori-

136 1839 181 1896 tis
214 1840 391 1914 egregieque
423 1841 454 1899 in
491 1857 556 1900 eum
587 1842 722 1901 animetis
755 1843 967 1915 colloqueretur
1001 1857 1036 1900 ec
1069 1840 1225 1900 conferret
1285 1840 1360 1912 Quin

137 1943 233 2001 immo
257 1945 425 2017 explorabat
447 1946 521 2018 quod
544 1946 574 2004 in
597 1946 633 2004 iis
656 1946 901 2020 reprehenderem
928 1946 1058 2006 distinxit
1076 1947 1138 2021 jem
1161 1951 1228 2004 tunc
1251 1943 1358 2017 Philip

137 2047 236 2132 pistas
268 2053 299 2107 et
330 2047 524 2124 Lutberistesq
559 2050 660 2108 borum
695 2051 846 2110 nonnullos
878 2051 955 2108 houd
988 2052 1064 2109 mele
1093 2055 1194 2122 postea
1218 2047 1359 2106 Lutbero·

137 2150 275 2222 pitbecoe
298 2153 419 2211 voeevit.
464 2153 565 2226 Neque
588 2169 657 2212 vero
680 2153 811 2226 videbet,
834 2155 1019 2226 semetipsum
1035 2153 1151 2227 dignum
1171 2169 1202 2211 so
1217 2151 1358 2225 praebere

138 2252 374 2328 Ereemopitbeei
404 2257 534 2330 nomine,
564 2257 669 2331 quippe
698 2258 745 2330 qui
776 2257 956 2317 Eresmicem
984 2258 1077 2332 illem,
1106 2273 1192 2330 quem
1219 2257 1358 2328 novimus,

139 2356 393 2432 reformetionem,
416 2360 478 2418 sine
500 2359 614 2420 Eresmi
637 2362 754 2436 ingenio
774 2377 808 2420 ec
830 2360 984 2434 prudentie
1005 2361 1157 2419 exhiberet
1179 2364 1267 2432 etque
1293 2376 1359 2432 pro-

139 2467 272 2535 poneret.
329 2462 447 2523 Scilicet
480 2481 538 2524 non
568 2471 679 2524 tentum
714 2465 855 2525 ecclesiae
892 2471 1041 2524 externam
1072 2465 1216 2538 quendem
1253 2463 1358 2522 estatis

139 2568 317 2639 epostolicee
345 2569 536 2628 imitationem
564 2571 731 2644 imperavit,
760 2569 812 2629 sed
840 2570 928 2629 etiem
959 2570 1176 2642 ereipublicee
1206 2569 1358 2642 megistre·

140 2671 219 2730 tibus
241 2673 411 2746 postulavit,
438 2679 469 2731 ut
498 2673 576 2732 illius
607 2675 744 2748 temporis
775 2674 919 2748 simplices
950 2691 1046 2734 mores
1075 2679 1106 2734 et
1133 2672 1357 2734 consuetudines

140 2777 169 2832 vi
194 2776 363 2849 legibusque
394 2778 597 2851 restituerent,
621 2778 737 2837 abolitis
764 2779 839 2837 ludis
874 2779 1039 2852 nuptiarum
1062 2784 1092 2837 et
1111 2778 1262 2851 conviviis,
1285 2779 1357 2836 vcti-

141 2880 179 2936 tis
201 2880 299 2938 litibus
321 2879 498 2956 forensibus,
520 2881 641 2942 subistis
660 2883 778 2956 judiciis
798 2883 937 2942 civilibus.
994 2882 1078 2941 Telis
1099 2883 1210 2941 somnis
1232 2881 1263 2938 in
1281 2881 1356 2940 libro

142 2983 304 3056 conscripta
332 2984 411 3043 velut
438 2986 653 3058 sapientissime
683 2987 803 3045 consilia
832 2986 1050 3044 Meleuohthoni
1090 2990 1121 3042 et
1152 2984 1236 3043 Justo
1263 2985 1356 3044 Joueo

141 3087 227 3145 misit.
283 3086 491 3148 Meleucbtbon
518 3089 663 3149 bominem
693 3089 776 3148 velde
808 3088 864 3148 sibi
891 3089 1010 3161 plecere
1040 3088 1201 3161 suspicatus
1231 3087 1357 3146 molliter

142 3189 300 3262 admonuit,
322 3191 442 3251 laudens
464 3194 590 3252 animum
610 3192 755 3267 juvendee
778 3193 919 3250 ecclesiae
943 3190 1085 3264 cupidum.
1145 3191 1244 3248 Justus
1265 3189 1356 3248 dones

142 3295 211 3353 nibil
236 3295 352 3354 omnino
374 3297 530 3370 respondit.
577 3297 638 3356 Hes
658 3313 706 3356 res
726 3296 870 3369 Vicelius,
890 3295 1056 3368 superbiem
1079 3294 1193 3352 illorum
1210 3295 1355 3366 incusans,

140 3399 219 3457 velut
251 3415 389 3458 summum
421 3401 556 3474 injuriam
590 3401 645 3460 sibi
680 3400 792 3460 oleum
824 3399 952 3474 greviter
985 3399 1051 3456 tulit
1080 3413 1168 3472 eoque
1197 3413 1255 3456 non
1285 3399 1355 3456 setis

142 3501 261 3562 honeste
283 3519 335 3576 pro
359 3503 500 3576 dignitate
523 3521 575 3564 sue
597 3505 717 3564 trecteri
738 3504 920 3564 existimavit.

227 3605 360 3666 Accessit
375 3608 544 3682 grevissime
557 3623 661 3668 rovere
680 3609 800 3683 injurie,
823 3619 880 3681 qua
897 3614 1021 3682 eccepto
1035 3623 1158 3667 nascens
1181 3609 1243 3680 ejus
1259 3605 1356 3666 odium

141 3707 169 3764 in
193 3725 292 3768 omnes
307 3709 533 3786 Vitebergenses
556 3712 708 3772 immodice
724 3718 839 3771 suctum
855 3717 905 3770 est.
945 3710 1017 3770 Cum
1033 3711 1155 3770 Eresmo
1170 3709 1299 3768 Vicelius
1319 3709 1355 3768 de

140 3828 221 3871 sacre
251 3830 342 3874 coeno
364 3815 487 3874 Lutheri
509 3817 685 3878 sententiam
707 3814 855 3889 probevit,
877 3831 973 3888 neque
996 3831 1066 3873 vero
1092 3831 1156 3886 eos,
1179 3813 1227 3885 qui
1252 3813 1355 3884 Zving·

140 3915 247 3975 lienom
269 3919 445 3978 sententium
468 3919 784 3994 pmdtsbeutur,.lieet
805 3923 951 3990 eruentes,
974 3935 1026 3990 pro
1042 3916 1150 3975 diaboli
1165 3914 1231 3974 filiis
1246 3913 1355 3988 hebuit,
1399 3915 1401 3919 ’

141 4035 233 4094 neque
254 4021 375 4080 evitevit
398 4023 541 4084 eruditum
564 4039 665 4082 eorum
685 4021 897 4081 commercium.
936 4021 1030 4091 Quoue
1047 4035 1219 4093 quemquem
1234 4017 1270 4076 de
1286 4017 1355 4076 bee-

140 4139 238 4184 reseos
261 4126 396 4199 crimine,
426 4133 582 4202 propterea
611 4125 648 4186 eb
677 4125 808 4200 engostis
839 4123 1009 4197 quibusdem
1030 4123 1204 4182 Lutbcrenis
1234 4123 1264 4180 in
1288 4137 1354 4180 eum

230 4305 254 4368 1)
273 4303 393 4353 Luther's
413 4304 497 4354 Brieie
515 4303 567 4366 111,
588 4310 629 4356 te.

227 4389 252 4456 2)
273 4389 400 4441 Vieoliuru
425 4391 534 4442 Lutberi
568 4390 769 4455 pinguitudinem
796 4405 924 4455 nunquam
955 4387 1113 4452 perspexisse
1142 4385 1260 4436 Neander
1291 4385 1354 4435 boue

137 4478 273 4539 cognorit,
293 4477 338 4541 qui
354 4481 465 4528 osterum
483 4493 556 4542 quem
577 4477 772 4529 clementissime
790 4476 820 4528 de
838 4492 868 4526 eo
884 4475 994 4540 judicet:
1011 4474 1064 4525 Des
1082 4472 1148 4523 Eine
1164 4471 1216 4522 uud
1235 4472 1354 4537 bleuuig·

136 4562 229 4628 seltige
248 4568 294 4616 etc.
314 4579 339 4628 p.
361 4567 423 4626 264,
443 4563 474 4616 ei.
494 4581 519 4630 p.
541 4569 597 4616 197.
