3188 5086
662 311 755 362 (iarun
773 311 808 362 11.
973 319 975 322 '
1304 315 1337 369 81

21 489 22 522 ἶ
131 535 161 586 ut
189 527 364 588 erudiendos
394 525 502 585 liberos
530 526 637 584 scholis
665 525 879 600 permitterent,
902 527 1071 600 jamdudum
1094 530 1171 602 apud
1201 549 1254 590 nos
1273 533 1340 606 jure

132 638 244 690 coactos
266 647 346 703 esse,
370 629 481 688 frustra
501 630 649 702 hucusque
672 627 818 688 Pontificii
840 628 915 689 falsa
937 632 1082 692 libertatis
1104 635 1202 708 specie
1225 633 1341 696 initiati

21 763 22 832 3
131 742 210 810 sunt,
240 753 317 796 nunc
341 735 417 794 snim
446 735 581 793 universa
607 732 671 793 fere
694 731 813 808 Europa
842 734 915 793 illud
937 738 1064 808 agnovit.
1109 738 1209 797 Simile
1234 741 1341 815 aliquid

21 835 22 840 ’
131 842 273 900 civitatem
297 841 385 900 etism
407 841 439 898 in
460 856 558 899 verum
581 839 723 898 ecclesiae
749 839 910 899 catholicae
926 841 1103 901 commodum
1126 842 1226 902 iacere
1248 861 1341 920 posse,

130 945 253 1005 levinus
273 945 439 1018 Schtcking
461 944 567 1002 alicubi
586 945 681 1002 innuit
701 945 733 1002 in
755 949 906 1020 poemate,
924 945 1000 1018 qnod
1022 939 1250 1023 memoravimus,
1273 955 1341 1008 ante

129 1052 320 1123 proclamatus
347 1049 428 1121 leges
455 1049 550 1122 Majas
584 1049 748 1122 composito.
799 1048 915 1107 Indncit
948 1051 1082 1109 nimirum
1110 1068 1263 1125 personam
1290 1055 1342 1112 uli-

129 1171 227 1229 quam,
257 1160 325 1228 post
350 1153 478 1227 objectos
500 1167 616 1211 errores
638 1153 793 1211 vaticanos
819 1152 857 1211 ad
877 1155 1014 1227 pristinos
1037 1156 1130 1214 socios
1160 1157 1202 1214 ita
1224 1159 1342 1230 loquen-

129 1266 201 1318 tem:
222 1257 329 1334 ,Goget
344 1275 395 1316 vos
417 1257 520 1316 civitas
533 1257 565 1315 in
584 1257 727 1316 ecclesiae
746 1257 884 1333 salutem,
907 1265 940 1317 ut
954 1256 1136 1318 doctioribus
1145 1261 1343 1320 sacerdotibus

129 1362 267 1422 utamini‘

212 1467 329 1526 Revera
358 1465 380 1524 ii
406 1464 690 1538 Romanocatholici,
723 1465 772 1538 qui
805 1467 1011 1539 praesentibus
1041 1467 1133 1526 turbis
1166 1476 1198 1527 et
1228 1468 1344 1528 furiosis

21 1635 22 1652 ,
129 1573 253 1642 partium
274 1570 379 1629 studiis
399 1570 493 1628 libere
515 1568 694 1628 decernendi
716 1575 892 1642 potestatem
919 1571 975 1629 sibi
994 1573 1067 1646 eripi
1086 1589 1144 1631 non
1166 1574 1245 1646 passi
1269 1579 1345 1642 sunt,

130 1691 183 1747 quo
205 1675 372 1734 accuratius
394 1689 442 1732 res
463 1675 519 1747 ipsi
540 1673 707 1746 perspicere
731 1678 762 1731 et
784 1674 944 1746 dijudicare
967 1676 1145 1751 studuerint,
1173 1694 1208 1738 eo
1230 1679 1345 1750 plenius

130 1779 311 1854 intellegent,
334 1780 414 1851 leges
431 1777 526 1850 Majas
541 1793 722 1850 nequaqnam
737 1777 836 1836 hostili
850 1779 881 1836 in
897 1781 1050 1838 ecclesium
1063 1781 1235 1840 catholicam
1251 1781 1346 1840 animo

130 1883 204 1942 latas
226 1899 306 1958 esse,
337 1882 390 1942 sed
408 1882 447 1941 ad
466 1880 663 1940 obsistendum
685 1882 773 1940 certis
797 1881 965 1956 quibusdam
986 1883 1099 1942 damnis
1114 1883 1254 1944 Vaticano
1277 1901 1344 1944 con·

131 1988 198 2046 cilio
221 1987 260 2046 ad
283 1987 396 2046 culmen
416 1987 578 2060 provectis,
605 2001 680 2058 quse
706 2001 831 2058 eousque
855 2003 874 2044 a
895 1985 1073 2060 probissimis
1094 1988 1253 2061 quibusque
1276 1991 1346 2047 viris

131 2091 279 2150 catholicis
307 2091 421 2164 publice
450 2096 481 2148 ct
499 2091 616 2164 impunc
641 2091 757 2162 caepim
781 2090 923 2163 castigata
945 2097 1043 2164 erant,
1072 2108 1149 2150 nnnc
1171 2107 1241 2150 vero
1262 2098 1346 2151 tanta

131 2199 304 2270 evaserant,
337 2201 372 2253 ut
405 2195 441 2252 iis
479 2193 643 2266 vigentibus
678 2193 789 2252 civitati
821 2209 877 2266 pax
910 2209 974 2252 cum
1010 2195 1136 2254 ecclesis
1165 2211 1230 2254 esse
1265 2197 1345 2254 nulla

131 2306 238 2373 posset.
283 2298 328 2358 Eo
351 2299 471 2358 consilio
498 2298 611 2372 legibus
641 2297 699 2355 illis
727 2298 869 2356 sancitum
898 2304 958 2373 est,
993 2305 1026 2357 ut
1059 2297 1149 2357 futuri
1179 2298 1346 2358 sacerdotes

131 2405 253 2476 primum
276 2419 295 2461 a
320 2405 470 2476 gymnasio
498 2402 594 2475 aliquo
620 2401 817 2461 testimonium
844 2402 919 2475 quod
946 2403 1052 2462 dicitur
1073 2403 1248 2462 maturitatis
1274 2419 1347 2462 nan-

131 2510 323 2581 ciscerentur,
352 2506 459 2566 deinde
486 2507 516 2564 in
545 2506 737 2564 universitate
765 2507 862 2579 atqua
885 2503 1060 2566 Germanica
1091 2524 1145 2580 per
1166 2513 1227 2566 tres
1253 2523 1343 2566 annos

131 2612 234 2671 studiis
270 2611 441 2684 theologicis
484 2609 699 2684 incumberent,
730 2589 863 2682 denique
906 2626 925 2667 s
957 2611 1036 2669 civili
1067 2611 1190 2684 quodam
1220 2612 1344 2685 collegio

131 2711 226 2794 (cujus
255 2715 327 2774 socii
354 2716 443 2774 etiam
470 2715 569 2772 clerici
599 2714 707 2772 eruditi
739 2729 805 2772 csse
827 2709 962 2795 possunt)
983 2714 1020 2772 de
1044 2717 1203 2775 universali
1224 2715 1346 2790 cultura,

130 2837 204 2892 quse
235 2817 312 2892 apud
334 2835 386 2876 nos
408 2817 523 2891 dicitur,
545 2822 739 2891 tentarentur,
762 2835 829 2876 num
850 2818 975 2891 probare
998 2819 1132 2877 nimirum
1152 2827 1285 2894 possent,
1313 2837 1345 2878 se

130 2922 245 2982 litteras
260 2921 464 2996 Germanicas,
496 2938 594 2981 rerum
626 2927 774 2996 gestarum
796 2923 968 2995 praesertim
993 2921 1230 2982 Germanicarum
1253 2923 1347 2981 scien·

130 3027 218 3101 darn,
241 3026 337 3085 studia
359 3025 571 3100 philosophica,
594 3025 726 3098 inprimis
746 3025 946 3098 philosophiae
969 3030 1001 3083 et
1021 3028 1131 3084 veteris
1152 3033 1183 3085 et
1203 3027 1347 3086 recentio-

130 3131 170 3188 ris
197 3130 365 3204 historiam,
391 3146 449 3188 non
475 3145 593 3202 prorsum
620 3131 800 3203 neglexisse,
828 3145 952 3201 namque
981 3145 1020 3187 ne
1046 3131 1166 3188 nimium
1191 3129 1346 3202 quidquam

131 3235 344 3294 examinatores
371 3232 566 3308 postularent,
594 3233 703 3292 diserto
731 3239 848 3290 cautum
875 3238 927 3290 est
972 3231 1134 3290 Praeterea
1160 3231 1346 3307 postulatum,

131 3345 163 3396 nt
191 3339 231 3396 ab
261 3339 403 3412 episcopis
428 3338 520 3396 civilis
549 3337 694 3410 quaedam
721 3337 941 3396 semitoniorum
971 3336 1114 3409 inspectio
1137 3335 1347 3410 admitteretur,

132 3459 190 3500 non
218 3442 257 3500 sd
286 3441 506 3500 immiscendam
535 3457 567 3500 se
596 3441 685 3500 rebus
712 3439 897 3515 theologicis,
933 3439 985 3498 sed
1010 3439 1048 3498 ad
1075 3439 1244 3515 videndum,
1279 3457 1347 3499 num

131 3544 236 3604 officiis
258 3561 330 3620 erga
346 3546 471 3618 patriam
493 3551 581 3618 stoue
604 3561 675 3619 erga
689 3545 876 3604 domesticam
897 3545 1008 3617 ingenii
1030 3545 1171 3603 culturam
1185 3542 1348 3604 satisfieret

131 3648 252 3710 Poenae
288 3649 521 3721 ecclesiasticae,
554 3664 626 3721 quas
659 3655 780 3722 propter
813 3648 953 3707 malitiam
986 3653 1149 3722 temporum
1182 3665 1239 3708 non
1268 3651 1348 3722 justa

131 3755 291 3822 severitate
311 3751 405 3827 infligi
427 3769 511 3827 posse
535 3751 680 3812 Pontificii
702 3753 909 3827 deplorabant,
938 3752 1070 3811 civilibus
1092 3753 1205 3825 legibus
1227 3753 1349 3810 circum·

131 3859 260 3933 scriptae
283 3863 369 3932 sunt3
391 3858 578 3917 constitutum
601 3863 647 3917 est
668 3857 705 3916 de
728 3859 900 3916 mulctarum
922 3853 1034 3931 finibus,
1062 3856 1099 3915 de
1122 3855 1249 3914 carceris
1267 3855 1347 3928 locis,

132 3969 224 4036 utque
251 3979 338 4021 nemo
362 3962 441 4020 ultra
466 3967 528 4021 tres
550 3977 666 4021 menses
692 3968 814 4036 propter
835 3963 944 4020 laesam
966 3959 1147 4034 disciplinam
1171 3958 1348 4017 ecclesiasti·

132 4081 196 4124 cam
225 4065 438 4140 includeretur,
470 4066 555 4126 vetiti
582 4071 650 4124 sunt
676 4066 840 4138 superiores
870 4063 907 4123 sd
935 4062 1108 4122 coircendos
1135 4062 1348 4120 ecclesiasticos

132 4169 225 4229 instes
254 4170 409 4243 adbibere,
442 4185 513 4242 quos
546 4186 633 4242 quum
656 4169 789 4228 Jesnitae
811 4167 957 4226 Borussici
986 4181 1142 4238 eorumque
1165 4166 1251 4224 amici
1273 4167 1347 4225 tanti

132 4273 282 4350 iacerent,
312 4274 389 4332 hanc
416 4275 512 4348 legem
534 4289 606 4347 prae
634 4274 743 4333 ceteris
765 4271 957 4332 Draconicsnn
989 4270 1025 4328 iis
1051 4270 1141 4328 visam
1171 4285 1235 4330 esse
1262 4275 1347 4342 puts-

132 4379 234 4437 verim
288 4377 480 4437 Interdictum
520 4377 662 4452 episcopis
698 4393 735 4436 no
771 4392 824 4450 pro
858 4376 1022 4433 inveterato
1062 4371 1126 4432 iere
1159 4375 1250 4432 abusu
1282 4390 1348 4446 per-

132 4484 232 4542 multis
254 4482 455 4543 sacerdotibus
477 4499 589 4542 sacrum
611 4498 714 4540 munus
736 4482 796 4540 nisi
815 4480 853 4539 sd
875 4485 988 4552 tempus
1008 4493 1067 4537 non
1089 4476 1249 4550 deterrent,
1271 4476 1349 4535 uude

132 4585 260 4664 imum,
293 4595 327 4648 ut
359 4589 413 4647 toti
438 4587 476 4647 sb
505 4588 620 4646 illorum
649 4587 771 4645 arbitrio
795 4585 967 4659 penderent.
1019 4583 1178 4642 Ptaeterea
1209 4581 1252 4648 illi
1277 4581 1351 4654 jussi

178 4702 387 4746 Schlottmanni
400 4702 503 4744 humus
517 4697 637 4744 redivivus.
1113 4688 1131 4750 6
