3194 5042
250 287 301 341 194
778 286 865 341 Cnrnr
883 286 943 340 VII.

247 489 471 566 profitebantur,
499 507 588 567 quam
614 468 829 549 immutabilem
856 489 919 548 iore
945 488 1102 566 pastoralis
1129 489 1256 566 epistola
1282 493 1383 549 vestra
1409 493 1481 548 ante

248 596 413 656 Concilium
435 595 546 656 Fuldae
570 597 639 656 data
660 595 855 656 audacissime
881 597 1084 656 affirmaverat
1134 595 1215 656 Num
1241 613 1308 670 vos,
1336 596 1480 674 quoniam
1583 649 1584 688 ἦ

246 703 305 780 ipsi
327 721 375 764 res
398 703 595 764 conscientiae
617 708 647 764 et
672 703 762 764 officii
786 703 860 762 mira
886 703 1007 764 levitate
1029 703 1176 778 tractatis,
1204 703 1280 764 serio
1307 703 1480 780 putavistia
1583 731 1584 786 j

246 811 468 870 sanctissimum
490 811 664 888 Principum
691 829 725 870 ac
753 811 980 887 magistratuum
1006 810 1138 870 officium
1164 829 1224 870 non
1247 812 1383 870 futurum
1410 829 1481 871 esse
1583 789 1584 848 Ῐ

246 919 326 978 viros
353 918 422 978 illos
444 937 498 995 per
521 917 707 979 Germaniam
727 919 795 996 jure
821 917 1063 978 honoratissimos
1085 922 1187 978 contra
1208 918 1337 996 perfidas
1364 918 1480 978 violen-
1583 951 1584 956 κ

246 1031 351 1104 tesqua
373 1030 486 1086 vestras
510 1011 634 1102 injurias
657 1026 752 1086 tueri?

352 1133 507 1194 Praeterea
534 1133 644 1211 optime
671 1131 795 1194 novistis
823 1133 946 1193 alteram
972 1151 1104 1208 sarisam,
1133 1137 1253 1211 propter
1279 1151 1370 1210 quam
1397 1133 1479 1193 (liri-
1583 1141 1584 1210 ζ

245 1245 321 1301 tates
348 1247 463 1302 vestrae
490 1246 520 1300 et
543 1240 650 1301 Curiae
676 1241 859 1318 arrogantiae
885 1259 946 1301 non
972 1241 1109 1301 resistere
1136 1259 1197 1300 nou
1219 1246 1383 1318 potuerant
1429 1240 1479 1300 Ex
1583 1277 1584 1310 3

246 1367 322 1408 novo
344 1349 480 1424 dogrnate
503 1353 618 1426 praeter
640 1347 698 1407 alia
720 1348 752 1407 id
774 1366 892 1426 quoque
913 1348 1079 1408 necessario
1102 1349 1249 1426 sequitur,
1272 1353 1306 1407 ut
1328 1365 1478 1425 quaeeun·
1583 1377 1584 1446 ᾗ

247 1473 305 1533 que
331 1461 446 1516 veteres
473 1455 644 1530 Pontifices,
674 1455 736 1532 jam
763 1473 865 1515 omnes
897 1454 1070 1514 infallibiles
1098 1454 1249 1530 declarati,
1280 1455 1318 1514 de
1344 1455 1478 1532 potentia
1583 1505 1584 1526 ,

247 1581 301 1622 sua
327 1561 359 1622 in
382 1561 479 1622 onmia
506 1581 597 1639 regna
619 1561 723 1622 mundi
750 1579 788 1621 ex
811 1562 949 1622 cathedra
975 1562 1252 1640 pronuntiaverunt,
1279 1562 1316 1621 ab
1338 1562 1477 1622 omnibus
1583 1611 1584 1614 ,

249 1669 425 1730 Christianis
448 1669 733 1729 Romanocatbolicis
760 1673 794 1728 ut
821 1669 976 1729 verismma
1003 1671 1058 1729 sub
1081 1687 1174 1747 poena
1197 1669 1306 1729 inferni
1329 1670 1477 1747 accipian·
1583 1705 1584 1754 ,

246 1782 302 1837 tur.
352 1777 389 1836 Id
420 1795 510 1854 quam
536 1781 566 1836 et
597 1775 780 1854 impossibile
807 1781 837 1836 et
866 1777 1034 1837 ciutatibus
1061 1776 1245 1838 intolerabile
1272 1781 1364 1852 esset,
1396 1783 1476 1837 certo

141 1895 144 1900 '
247 1884 374 1962 quodam
406 1884 580 1944 documento
613 1901 787 1962 expressum
820 1889 878 1959 est,
910 1885 990 1962 quod
1020 1885 1130 1944 Romae
1161 1885 1189 1944 d.
1218 1884 1255 1944 X.
1282 1903 1322 1944 m.
1349 1886 1422 1962 Apr.
1448 1904 1475 1944 a.
1583 1873 1584 1938 5

247 1991 474 2052 MDCCCLXX.
506 1991 632 2068 editum,
669 2011 687 2052 a
717 1991 886 2052 Ranaehero
919 1991 1068 2064 cardinali
1100 1992 1308 2069 compositum,
1340 1991 1477 2069 plerique

247 2103 378 2158 vestrum
409 2117 477 2160 eum
510 2099 613 2160 multis
640 2099 765 2158 aliarum
796 2099 931 2176 gentium
957 2099 1104 2177 episeopis
1137 2099 1359 2174 signaverunt.l
1408 2099 1477 2158 Illic

246 2207 418 2282 ostendunt,
441 2206 600 2268 Pontifices
623 2206 704 2282 illos,
732 2206 784 2284 qui
806 2206 1001 2284 Imperatores
1024 2206 1215 2284 deposuerint
1237 2206 1335 2282 ,falsis
1358 2225 1477 2284 quoque

245 2313 437 2374 relationibus
464 2314 612 2374 historicis
645 2313 797 2390 (nimirum
829 2314 866 2374 de
895 2314 1046 2374 ementitis
1077 2314 1300 2374 teterrimarum
1326 2314 1475 2392 Paparum

242 2421 372 2497 juribuS,
391 2421 530 2496 decretis,
549 2417 637 2481 r'ebus
656 2421 758 2501 gestis)
778 2422 916 2498 deoeptos
935 2439 1014 2498 esse,
1033 2421 1138 2480 horum
1156 2421 1320 2482 doctrinam
1338 2421 1376 2481 de
1393 2427 1475 2499 pote

246 2527 330 2588 statis
358 2527 528 2588 Pontificiae
559 2529 597 2588 ad
627 2529 745 2588 civilem
776 2529 889 2588 ratione
916 2529 1102 2588 Bonifacium
1129 2529 1212 2588 VIII.
1241 2529 1324 2588 bulla
1355 2529 1476 2604 „Unam

245 2635 404 2696 Sanctam“
428 2636 632 2712 promulgasse
653 2641 682 2696 et
705 2636 842 2696 fidelibus
865 2635 981 2696 cunctis
1004 2636 1237 2714 amplectendam
1256 2637 1475 2714 proposuisse3‘

245 2743 331 2818 cujus
362 2742 405 2802 rei
437 2743 667 2817 ,difficultatem‘
699 2743 857 2802 artificiosa
883 2743 1124 2820 interpretatione
1155 2744 1249 2819 ,eludi
1280 2763 1340 2804 non
1372 2763 1474 2822 poese;

244 2849 354 2909 etenim
386 2849 590 2910 evidentiae
617 2851 794 2927 refragari
825 2869 941 2928 neque
966 2851 1136 2910 veritatis
1167 2869 1284 2911 amore
1310 2852 1473 2928 permitti

244 2975 359 3036 neque
381 2957 595 3035 prudentiae
617 2975 810 3018 consonum
833 2961 939 3036 esse;‘
963 2977 1009 3032 ,se
1031 2957 1119 3018 aliam
1142 2958 1179 3018 de
1201 2959 1356 3036 potestatis
1379 2959 1473 3020 eccla·

245 3065 381 3126 siasticae
412 3066 448 3125 ad
480 3065 600 3126 civilem
630 3065 742 3126 rationo
774 3067 936 3126 doctrinam
964 3085 1042 3126 cum
1073 3067 1237 3126 omnibus
1268 3066 1344 3126 fere
1375 3067 1472 3126 orbis

244 3173 416 3234 catholici
439 3173 623 3251 episcopis
645 3173 756 3251 populo
779 3173 939 3234 christiano
961 3191 1137 3252 proponere,
1164 3175 1306 3233 nimirum
1328 3174 1470 3252 imparem

244 3281 363 3359 quidem
383 3299 450 3341 esse
472 3282 628 3358 utriusque
646 3281 834 3358 dignitatem,
857 3287 1013 3360 utramque
1035 3287 1134 3342 tamen
1156 3282 1188 3340 in
1205 3283 1294 3342 rebus
1317 3282 1373 3342 sibi
1392 3300 1472 3342 com·

243 3388 345 3448 missis
373 3407 540 3466 supremam
563 3406 642 3464 esse,
669 3389 779 3449 necin
807 3389 904 3449 officio
928 3407 981 3449 suo
1009 3389 1094 3450 alteri
1117 3390 1288 3467 obnoxiam3
1316 3390 1389 3450 haec
1410 3408 1471 3450 non

235 3513 319 3582 'nova
346 3513 412 3555 esse
435 3496 487 3555 sed
515 3497 690 3574 perantiqua
717 3502 747 3556 et
769 3501 938 3556 sanctorum
959 3496 1083 3556 Patrum
1110 3515 1257 3558 consensu
1279 3497 1471 3575 omniumque

243 3619 338 3679 usque
361 3603 398 3662 ad
421 3602 596 3679 Gregorium
614 3603 683 3664 Vll.
707 3603 885 3664 Pontificum
912 3603 1040 3682 eloquiis
1065 3609 1096 3664 et
1118 3605 1264 3683 exemplis
1291 3605 1469 3678 confirmata,

242 3709 321 3770 unde
339 3710 412 3788 quin
434 3711 589 3771 verissima
608 3711 668 3771 sint
687 3729 720 3771 se
738 3730 798 3771 non
820 3711 976 3772 dubitara‘
1022 3711 1127 3790 ltaque
1144 3713 1182 3772 de
1203 3713 1252 3772 his
1269 3713 1358 3772 rebus
1379 3711 1468 3789 pleri-

242 3835 300 3895 que
322 3823 455 3878 restrum
477 3819 579 3879 eadem
602 3819 765 3879 docuerunt
787 3823 876 3898 atque
893 3819 1049 3895 Erasmus,
1072 3821 1175 3898 idque,
1198 3824 1233 3879 nt
1254 3825 1326 3880 tuno
1348 3819 1468 3896 quidam

241 3924 326 3984 nobis
344 3925 497 3986 videbatur
520 3945 601 4002 ,eum
619 3927 756 3986 omnibus
778 3928 854 3988 fere
876 3927 955 3987 orbis
977 3927 1115 3988 catholici
1134 3926 1302 4005 episcopis‘.
1348 3926 1469 3987 Scilicet

241 4031 431 4110 excipiendos
463 4051 529 4094 esse
560 4034 689 4094 Jesuitas
720 4053 781 4094 non
813 4053 866 4095 ros
897 4035 1041 4111 fugiebat,
1075 4035 1128 4114 qui
1160 4039 1305 4113 quantum
1335 4033 1469 4094 valerent

347 4317 373 4385 1)
392 4317 560 4372 Documenta
578 4317 611 4371 ad
628 4315 666 4371 ill.
682 4317 761 4373 Cone.
776 4318 837 4372 Vat
856 4317 885 4372 11
899 4317 959 4372 388.
997 4319 1072 4373 Idem
1086 4317 1242 4372 Germanice
1259 4331 1369 4372 versum
1386 4315 1467 4386 paulo

238 4407 299 4472 post
311 4404 353 4459 Jo.
367 4405 410 4460 ar.
430 4407 463 4460 de
477 4405 588 4460 Sobnlte
606 4406 704 4462 eximio
722 4406 812 4462 libello
830 4425 880 4462 sno
898 4407 1046 4478 praemisit:
1073 4408 1123 4462 Die
1141 4407 1234 4462 blacbt
1251 4407 1299 4462 der
1316 4406 1468 4461 rdmischen

237 4491 335 4562 Piipste
349 4494 417 4548 iiber
429 4495 558 4563 ltirsten,
576 4495 820 4565 Idnder,leke1·‚
839 4497 1006 4552 individuae.
1043 4497 1114 4568 Prag
1128 4497 1207 4552 1871.
1244 4497 1284 4553 Cf.
1298 4497 1369 4552 aea
1381 4496 1468 4551 histo·

237 4581 292 4635 rica
310 4598 327 4636 a
343 4582 422 4636 insto
440 4583 532 4637 Jacobi
550 4583 631 4638 allata
648 4585 688 4639 in:
711 4583 891 4640 Streil'lichter
909 4583 959 4641 etc.
978 4603 1003 4656 p.
1024 4588 1076 4641 la
