3176 5064
675 309 764 363 Oarur
781 310 830 363 ΠΙ.
1333 315 1366 365 37

138 511 330 571 scholasticos
349 511 495 587 doctores,
518 511 570 589 qui
589 529 696 587 magna
719 531 756 571 ex
775 517 858 589 parte
876 513 1047 573 recentioris
1062 513 1210 574 doctrinae
1224 515 1368 574 Romane

137 618 298 678 catholicae
320 624 454 678 auctores
478 624 561 692 sunt,
585 619 679 678 multa
702 619 811 679 similia
833 621 1033 680 inveniuntur.
1081 621 1131 680 Sic
1153 621 1260 681 Petrus
1280 622 1367 680 Lom-

87 707 93 717 ’
137 727 246 786 bardus
269 726 341 786 dicit
363 727 395 784 in
418 726 492 786 libro
516 727 728 786 sententiarum
751 727 871 787 terti01:
901 728 1040 802 ,Credere
1063 729 1094 787 in
1119 729 1214 788 Derim
1238 733 1367 788 661616-

137 834 234 893 dendo
260 853 371 909 amare,
403 835 548 893 credendo
580 835 612 892 in
645 851 713 894 eum
744 835 788 894 ire
811 871 851 878 —
876 854 930 912 per
962 836 1038 894 hanc
1070 837 1158 894 fidam
1188 836 1368 912 justificatur

138 941 260 1018 impiuS,
284 945 319 1000 ut
341 941 447 1000 deinde
469 941 535 1018 ipsa
557 941 631 1002 fides
654 941 778 1019 incipiat
797 962 851 1020 per
869 942 1057 1002 dilectionem
1076 944 1207 1020 opereri‘
1240 943 1367 1003 Thomas

137 1049 272 1126 Aquinas
294 1049 325 1108 in
349 1049 589 1126 interpretatione
616 1049 758 1126 epistolae
785 1050 822 1108 ad
845 1050 1006 1110 Romanos:
1039 1049 1189 1126 ,Ostendit
1215 1051 1367 1128 apostolus

137 1157 199 1230 hic,
231 1156 357 1216 Judaeos
389 1162 419 1215 et
449 1161 554 1232 gentes
586 1175 652 1216 esse
683 1157 834 1234 aequales,
869 1163 1012 1235 quantum
1045 1159 1081 1216 od
1110 1163 1220 1218 statum
1247 1159 1367 1234 gratiae,

137 1264 329 1338 ostendendo,
358 1264 421 1323 sola
442 1264 500 1322 fide
524 1263 635 1324 Christi
658 1264 721 1324 fieri
742 1265 1000 1340 justificationem.t
1046 1265 1129 1324 Idem
1152 1265 1184 1323 in
1208 1265 1366 1342 epistolam

136 1372 173 1430 ad
194 1370 326 1430 Galatas:
350 1389 452 1448 ,opera
469 1389 529 1430 non
549 1376 619 1430 sunt
637 1390 738 1447 carisa,
762 1373 841 1450 quod
859 1372 969 1449 aliquis
987 1372 1026 1431 sit
1042 1373 1143 1448 justus
1163 1372 1241 1448 apud
1261 1373 1366 1446 Deum,

137 1479 190 1538 sed
208 1479 307 1556 potius
326 1479 531 1538 exsecutiones
550 1483 579 1538 et
597 1479 849 1539 manifestationes
865 1480 1017 1556 justitiae}
1062 1479 1146 1539 ldom
1164 1479 1196 1537 in
1210 1479 1365 1556 epistolam

137 1587 263 1663 priorem
287 1587 324 1645 ad
347 1587 548 1646 Timotheum:
574 1586 653 1661 ,Non
676 1587 776 1647 estin
799 1588 937 1664 operibus
961 1606 1029 1664 spes
1054 1587 1287 1664 justificationis
1315 1588 1365 1646 sed

138 1693 170 1752 in
193 1693 256 1753 sola
278 1695 373 1753 fide.‘²
418 1693 495 1768 Quid
518 1695 633 1754 dicam?
678 1693 748 1772 Ipse
771 1694 984 1769 Bellarminns,
1008 1695 1198 1756 doctissimus
1226 1700 1256 1754 et
1283 1713 1366 1770 saga-

39 1841 41 1844 ·
137 1801 276 1860 cissimus
308 1801 375 1860 fidei
404 1801 592 1862 Tridentinae
624 1806 836 1878 propugnator,
874 1808 1030 1880 postquam
1067 1801 1193 1862 intensis
1230 1802 1366 1861 omnibus

139 1908 253 1968 viribus
276 1909 340 1968 suis
368 1909 568 1985 evangelicam
594 1909 815 1985 J'nstificationis
843 1909 1005 1968 doctrinam
1033 1913 1164 1968 evertere
1195 1909 1280 1968 nisus
1312 1913 1366 1982 est,

136 2015 168 2074 in
195 2017 255 2075 fine
281 2017 379 2092 operis
405 2017 436 2074 id
463 2017 632 2090 confitetur,
659 2016 738 2094 quod
766 2016 850 2076 illius
877 2016 1027 2076 doctrinae
1050 2017 1135 2094 quasi
1159 2016 1290 2075 medulla
1311 2021 1365 2090 est,

137 2141 230 2200 quum
257 2123 341 2182 dicit:
386 2123 523 2200 ,Pmpter
549 2123 789 2182 incertitudinem
818 2124 953 2200 propriae
977 2123 1112 2200 justitiae
1139 2127 1169 2183 61
1200 2123 1366 2200 periculum

136 2229 234 2289 inanis
257 2230 367 2306 gloriae
389 2231 527 2290 fiduciam
549 2235 640 2290 totam
664 2235 778 2308 oportet
800 2231 832 2289 in
857 2231 919 2290 sola
941 2231 996 2290 Dei
1019 2231 1211 2291 misericorlia
1233 2231 1366 2290 61116111-

137 2337 250 2413 gnitate
276 2341 434 2415 rcponere.‘
488 2338 525 2396 In
557 2339 684 2398 eundem
711 2339 840 2416 denique
871 2343 989 2415 portum
1022 2339 1110 2414 longe
1142 2337 1366 2415 potentissimus

137 2445 257 2504 illorum
298 2451 464 2522 temporum
495 2445 639 2522 Princeps
675 2446 813 2523 idemque
849 2446 1010 2506 acerrimus
1042 2446 1276 2520 Lutheranismi,
1314 2445 1365 2523 qni

136 2552 299 2626 dicebatur,
331 2553 530 2627 adversarius,
569 2553 691 2613 Carolus
718 2553 769 2628 V,
807 2553 922 2612 ultimis
954 2555 1031 2614 vitae
1064 2554 1150 2613 annis
1183 2571 1215 2613 se
1246 2553 1365 2629 recepit.

137 2659 194 2733 Qui
226 2660 345 2737 quidem
373 2660 409 2719 de
436 2660 550 2720 unitate
577 2660 718 2720 ecclesiae
746 2661 894 2721 sollicitus
922 2661 1128 2739 Inquisitionis
1160 2660 1365 2720 omdelitatem

137 2785 254 2843 semper
276 2767 420 2843 probarit,
444 2766 534 2826 simul
557 2785 626 2827 vero
649 2768 681 2825 in
705 2768 767 2828 sola
791 2768 902 2828 Clu-isti
925 2769 1059 2828 crucifixi
1082 2787 1135 2846 pro
1163 2767 1247 2826 nobis
1270 2767 1365 2843 gratia

136 2891 221 2951 spem
240 2874 345 2933 salutis
363 2875 527 2951 ponendam
547 2893 613 2934 esse
631 2875 801 2935 testabatur.
849 2875 934 2935 Certo
954 2876 1045 2952 igitur
1063 2875 1142 2934 haud
1160 2875 1248 2950 longe
1267 2875 1367 2933 aberat

136 2981 400 3040 aRatisbonensis
423 2983 595 3041 concordiae
618 2982 777 3055 sententia,
806 3001 894 3058 quam
921 2983 988 3058 ipse
1015 2982 1162 3058 quondam
1185 2981 1365 3057 probaverat,

136 3089 217 3165 Papa
244 3089 500 3163 condemnaverat,
528 3107 625 3165 neque
647 3093 708 3146 tam
736 3107 841 3164 parum
864 3107 953 3165 quam
976 3107 1056 3146 nuno
1078 3087 1141 3146 fieri
1166 3086 1263 3160 video,
1292 3087 1365 3144 veri-

137 3196 265 3255 similem
289 3196 425 3256 duxerim
448 3213 594 3254 rumorem
618 3199 831 3272 postmortem
855 3194 920 3269 ejus
944 3211 1093 3271 sparsum,
1121 3193 1206 3270 quasi
1228 3192 1365 3268 episcopo

29 3384 32 3390 ,
136 3301 276 3362 Toletano
299 3303 427 3362 moriens
455 3302 575 3376 dixerit,
609 3301 806 3376 ,Lutheranos
838 3301 945 3360 habere
973 3301 1086 3376 justam
1113 3317 1232 3359 causam
1260 3297 1365 3358 saltem

136 3410 168 3468 in
199 3427 259 3469 uno
291 3409 343 3470 illo
374 3409 498 3469 articulo
527 3407 786 3486 justificationis.‘³
837 3407 921 3482 Quod
953 3407 1027 3486 quin
1061 3425 1164 3467 verum
1196 3407 1287 3466 luerit
1314 3406 1365 3465 vix

136 3517 343 3591 dubitaverim,
376 3515 511 3594 quamvis
540 3515 734 3594 suppositicia
766 3516 806 3576 sit
837 3515 976 3592 epistola,
1009 3533 1068 3593 qua
1099 3515 1135 3574 ad
1163 3514 1290 3574 Paulum
1312 3513 1365 3573 IV.

137 3624 311 3684 secretarius
334 3625 399 3700 ejus
422 3625 494 3684 haec
518 3625 604 3684 rerba
628 3624 784 3701 scripsisse
806 3624 913 3698 fertur,
942 3623 979 3682 ad
1008 3623 1211 3701 quaestionem
1238 3623 1275 3681 de
1297 3639 1365 3681 oon·

136 3731 197 3791 cilii
221 3731 385 3791 Tridentini
408 3731 534 3792 decretis
558 3732 587 3790 vi
611 3731 792 3809 imperandis
816 3731 992 3808 spectantia:
1017 3731 1130 3805 ,Metuo
1153 3749 1191 3789 ne
1210 3729 1250 3789 611
1268 3729 1365 3788 oleum

136 3839 269 3898 additum
296 3839 333 3898 ad
361 3839 524 3913 caminum,
557 3857 649 3916 quum
676 3839 713 3896 ad
737 3838 928 3898 Sanctitatem
957 3837 1094 3896 Vestram
1117 3837 1276 3896 Toletanus
1303 3837 1365 3912 epi·

137 3965 245 4023 scopus
265 3946 430 4023 scripserit,
453 3947 553 4024 ipsum
573 3945 711 4005 Carolum
730 3945 902 4004 morientem
921 3944 1046 4018 dixisse,
1070 3943 1127 4004 sibi
1150 3943 1242 4002 videri
1266 3961 1364 4002 veram

136 4071 202 4114 esse
229 4053 464 4113 lutheranorum
497 4053 534 4113 de
562 4052 774 4130 justificatione
806 4052 990 4112 sententiam.
1042 4051 1131 4110 Fama
1158 4049 1236 4110 idem
1264 4050 1365 4109 statim

136 4179 190 4238 per
212 4160 380 4221 universam
402 4161 551 4238 Europam
573 4161 643 4220 tulit
665 4165 696 4222 61
718 4159 821 4235 simul,
845 4159 924 4238 quod
947 4159 1094 4219 Sanctitas
1117 4157 1224 4218 Vestra
1247 4157 1364 4232 dixerit,

243 4337 271 4493 11
289 4335 476 4493 1116291611.
496 4425 524 4477 in
547 4441 603 4494 cap.
622 4424 671 4477 ΙΠ.
695 4423 770 4478 Rom.
790 4422 850 4477 loct
866 4423 895 4490 4;
919 4423 945 4475 in
964 4438 1020 4491 cap.
1040 4421 1089 4475 ΠΙ.
1109 4419 1180 4488 Gai,
1203 4420 1229 4474 in
1255 4421 1277 4473 1.
1289 4419 1363 4488 Tim,

135 4517 161 4584 I,
181 4515 240 4568 leot.
261 4515 285 4568 3.

244 4603 358 4674 3111161.
379 4619 451 4658 conc.
470 4602 537 4662 uto.
557 4601 632 4670 XIV,
655 4604 699 4671 ll,
719 4603 744 4662 4,
