3134 5054
265 299 317 352 310
762 298 866 348 Pharus
884 297 998 347 Parnase

265 514 355 572 Addit
376 514 413 573 de
435 514 540 572 illustri
561 513 684 572 Lotheri
707 511 799 584 socio,
821 513 870 584 qui
890 517 960 570 tunc
982 512 1059 572 hand
1082 512 1169 586 longe
1192 512 1341 571 aBasilea
1361 512 1473 571 aberat:

265 617 485 692 ,Melanohthon
508 617 645 690 cupiebat
667 616 789 689 colloqui
812 616 960 674 nobiscum
982 616 1116 676 sednon
1139 616 1267 676 audebat
1289 634 1334 676 me
1358 633 1472 691 gravare

265 721 380 780 invidia.
426 720 489 793 Ego
520 726 601 779 certo
622 735 687 778 eam
709 719 846 778 invidiam
870 721 1115 792 contempsissem.
1161 721 1215 780 Est
1233 721 1349 796 juvenis
1370 721 1472 794 ingenii

265 821 499 885 candidissim'a‘1
531 823 588 884 Sed
604 841 690 896 quum
706 823 829 896 epistola
843 823 895 882 illa
909 823 1031 883 Lutheri
1046 823 1296 898 circumferretur,
1320 823 1473 898 angebatur

265 931 403 988 Erasmus
426 930 553 988 excitata
575 928 754 1002 suspicione,
777 929 859 1000 quasi
882 929 945 1001 ipse
968 927 1129 988 colluderet
1151 947 1216 988 curn
1231 930 1298 1003 illo,
1319 931 1343 986 si
1358 929 1471 1000 scilicet,

263 1035 294 1093 id
316 1033 391 1107 qnod
407 1033 531 1091 illatam
546 1033 638 1091 amice
654 1033 812 1104 petiverat,
836 1031 907 1089 nihil
924 1031 1026 1091 ederet
1041 1039 1144 1092 contra
1160 1037 1223 1108 ejus
1238 1033 1381 1106 dogmata.
1417 1033 1471 1090 Hoc

264 1155 333 1197 vero
356 1155 387 1196 se
410 1137 567 1209 iacturum,
591 1135 761 1210 urgentibus
784 1137 919 1194 certatim
949 1138 1129 1211 proceribus,
1158 1154 1278 1210 quorum
1301 1155 1355 1211 ope
1377 1153 1470 1196 carere

264 1260 322 1300 non
344 1258 429 1315 posse
452 1241 508 1299 sihi
530 1241 696 1314 videbatur,
717 1245 805 1298 antea
826 1240 1037 1312 quodammodo
1059 1243 1242 1315 promiserat
1288 1241 1354 1317 Ipse
1376 1241 1469 1299 Adria·

265 1362 318 1404 nus
350 1361 427 1418 papa
463 1345 565 1403 eodem
592 1345 694 1413 verbo,
727 1360 783 1416 quo
804 1343 865 1403 Leo
893 1345 923 1402 in
950 1345 1029 1404 bulla
1051 1363 1104 1405 sua
1125 1345 1295 1420 Dominum,
1329 1345 1468 1404 Erasmum

265 1455 366 1508 contra
376 1448 537 1507 Lutherum
552 1449 771 1506 inclamaverat:
796 1448 968 1522 ,Exsurgel‘
984 1466 1122 1524 ‚exsurge
1138 1451 1169 1508 iu
1184 1449 1358 1523 woradum
1373 1463 1467 1507 causac

265 1547 372 1612 Deil‘²
416 1551 537 1625 Saepius
568 1557 670 1625 postea
695 1552 742 1609 hic
770 1539 938 1626 confitetur,
969 1569 1000 1611 se
1026 1554 1117 1612 invito
1140 1553 1251 1627 Marte,
1277 1556 1359 1628 jussu
1381 1551 1467 1610 Ponti·

265 1654 342 1729 ficis,
366 1655 499 1715 Caesaris
523 1657 701 1729 aliorumque
724 1657 887 1730 principum
910 1673 1026 1716 manum
1042 1675 1105 1716 cnm
1121 1658 1249 1718 Luthero
1269 1651 1467 1717 conseruisse*
1540 1731 1541 1734 Ἴ

266 1759 326 1819 Per
348 1761 447 1833 plures
470 1776 560 1818 annos
582 1761 641 1818 illis
663 1761 831 1834 restiterat,
852 1760 883 1819 id
906 1761 1107 1836 considerans,
1130 1763 1207 1835 quod
1227 1765 1288 1837 jam
1308 1762 1389 1820 initio
1403 1759 1468 1818 orci·

265 1865 339 1924 tanti
370 1863 536 1922 doctissimo
582 1865 674 1923 amico
709 1864 863 1923 Bombasio
898 1867 1102 1939 rescripserat:
1147 1865 1337 1940 ,Perdiffioile
1365 1872 1406 1924 est
1431 1864 1465 1920 sic

264 1973 429 2042 temperare
456 1967 567 2042 stilum,
598 1974 630 2026 ut
657 1968 700 2027 ita
729 1971 840 2027 tuscus
864 1969 1010 2028 hominurn
1032 1970 1217 2044 dignitatem,
1245 1977 1276 2029 nt
1296 1987 1353 2029 non
1372 1967 1463 2028 ahcuh

264 2071 364 2130 laedas
386 2072 508 2145 gloriam
530 2070 650 2146 Christi,
670 2073 712 2130 ita
734 2074 852 2145 placeas
872 2073 1050 2147 principibus
1074 2065 1278 2154 ἀνθρώποις,
1301 2080 1334 2132 ut
1354 2071 1463 2132 nonali-

266 2175 330 2233 cnbi
351 2175 505 2250 displiceas
528 2177 653 2249 principi
675 2171 839 2234 Christo.‘⁴
883 2177 985 2250 ltaque
1008 2194 1095 2251 quum
1117 2178 1242 2252 denique
1264 2194 1324 2236 non
1345 2194 1375 2236 se
1391 2189 1462 2250 posse

266 2295 323 2337 non
340 2279 470 2338 seribere
486 2280 662 2354 censuisset,
685 2285 765 2340 certe
789 2281 909 2354 implere
933 2281 1042 2340 studuit
1063 2282 1140 2355 quod
1160 2283 1252 2341 amico
1268 2284 1358 2356 {longe
1373 2277 1462 2340 cariori

269 2383 488 2443 Pirchheimero
510 2385 695 2456 promiserat:
719 2383 796 2457 ,Ego
818 2401 875 2443 non
898 2385 1037 2460 scribam,
1068 2391 1119 2445 aut
1140 2387 1183 2444 ita
1206 2386 1347 2460 scribam,
1376 2391 1404 2443 ut
1423 2381 1462 2456 qui

266 2493 396 2560 pugnant
417 2503 470 2559 pro
492 2503 583 2560 regno
606 2489 769 2561 pharisaico
791 2490 893 2547 malint
915 2507 962 2548 me
986 2487 1143 2550 siluisse.‘⁴
1180 2491 1219 2548 Et
1240 2492 1334 2564 ipsum
1350 2489 1462 2549 libellum

267 2590 397 2648 editurus
425 2589 520 2648 eidem
549 2593 680 2666 scripsit:
721 2592 797 2666 ,Ego
828 2609 889 2652 rem
918 2609 954 2654 ea
974 2593 1172 2654 moderatione
1196 2600 1303 2670 tracto,
1336 2601 1368 2654 ut
1388 2593 1462 2652 sciam

266 2707 321 2750 uec
343 2692 436 2766 ipsum
459 2691 619 2752 Lutherum
639 2695 876 2770 indignaturum‘

833 2907 911 2966 XIV.

352 3041 490 3102 Erasmus
520 3060 607 3116 quum
634 3043 763 3104 libellum
791 3045 827 3104 de
851 3047 945 3106 libero
968 3047 1089 3106 arbitrio
1109 3053 1210 3106 contra
1230 3047 1387 3106 Lntherum
1405 3045 1460 3105 sori·

265 3147 362 3220 beret,
386 3163 485 3206 eorum
508 3165 634 3222 mernor,
657 3165 732 3222 qnae
755 3148 792 3208 de
815 3149 1012 3224 componendo
1035 3151 1176 3226 ejusmodi
1193 3151 1329 3225 opusculo
1344 3151 1396 3210 sibi
1409 3165 1460 3223 pro

264 3257 415 3324 posuerat,
449 3253 524 3310 mira
556 3251 777 3312 mansuetudine
809 3271 879 3328 erga
912 3256 1034 3316 eundem
1065 3257 1107 3316 uti
1137 3271 1223 3315 ausus
1251 3262 1311 3330 eet,
1340 3272 1419 3330 quem
1436 3257 1460 3310 ut

265 3353 444 3426 ,felicissimo
464 3356 529 3414 stilo
553 3357 617 3415 suo‘
649 3355 820 3417 confoderet
841 3357 986 3418 Adrianus
1016 3376 1091 3433 papa
1118 3363 1183 3433 pius
1205 3361 1257 3420 sed
1280 3362 1355 3420 male
1378 3361 1459 3420 doctus

267 3461 297 3514 et
320 3455 491 3516 informatus
514 3475 637 3518 nervose
666 3460 703 3519 ab
724 3478 759 3520 eo
786 3461 1000 3535 postulaverat,
1025 3465 1186 3537 ,camalem
1209 3465 1368 3524 hominem*
1396 3465 1458 3522 ilum

266 3560 416 3618 nominans
444 3579 545 3635 ,snper
576 3563 677 3622 cedros
699 3565 804 3624 Libani
833 3567 990 3627 exaltatum
1018 3567 1071 3626 sed
1102 3585 1167 3626 mox
1190 3570 1392 3642 manaturum,
1421 3565 1457 3638 qui

265 3669 324 3723 tam
354 3663 473 3722 stolidas
500 3667 681 3739 rusticasque
712 3685 798 3740 quarn
828 3672 969 3745 malignas
1002 3673 1074 3730 istas
1108 3673 1245 3733 haereses
1277 3689 1335 3732 non
1363 3671 1458 3746 quiden

264 3768 436 3842 invenisset,
467 3769 518 3828 sed
541 3785 559 3828 a
582 3769 728 3830 veteribus
750 3771 961 3834 haeresiarchis
984 3777 1100 3850 saepius
1123 3777 1322 3836 condemnatis
1345 3783 1458 3849 acceptos

263 3873 346 3945 quasi
369 3873 405 3932 ab
428 3871 531 3932 inieris
556 3874 652 3934 denuo
675 3877 818 3936 eruisset.‘
863 3878 1012 3951 Ejusmodi
1041 3881 1204 3940 horrendae
1226 3884 1412 3942 accusationis
1431 3895 1459 3938 no

263 3977 412 4036 minimum
442 3979 559 4051 quidem
590 3981 743 4055 vestigium
766 3983 797 4040 in
820 3983 933 4042 Erasmi
957 3984 1056 4044 libello
1079 3986 1129 4044 illo
1151 3985 1323 4060 detegimus.
1369 3987 1458 4058 Repro-

263 4079 365 4138 hendit
386 4081 515 4156 quidem,
538 4084 590 4143 sed
612 4085 697 4144 simul
719 4095 839 4146 excusat
853 4088 972 4148 nimium
986 4089 1196 4162 paradororum
1211 4096 1241 4148 et
1256 4091 1457 4164 hyperbolamu

262 4199 389 4242 amorem
422 4186 452 4243 in
475 4183 618 4263 Luthsro,
649 4190 755 4264 qnippe
787 4193 836 4265 qni
865 4193 1125 4266 perniciosissimas
1153 4194 1276 4254 aliorum
1304 4193 1456 4270 hyperbolae

353 4479 379 4546 1)
400 4481 469 4544 Epp.
490 4480 581 4545 XXX,
599 4487 641 4537 ³6.
678 4483 716 4534 cl.
736 4489 777 4534 et.
889 4484 1105 4552 2)1nEr.epp.
1125 4485 1231 4551 xxm,
1252 4495 1274 4538 3.
1362 4487 1454 4556 t)Epp.

261 4563 416 4626 Χ-ἩῙΛΘ·
523 4567 550 4633 l)
569 4567 637 4633 Epp.
656 4567 748 4631 XXX,
766 4574 808 4626 ³5.
