3134 5054
604 319 697 368 Garun
715 316 776 368 XII.
1249 315 1298 369 321

88 544 173 600 qnam
194 529 301 602 ahquid
322 531 518 602 praecipitare
541 531 650 590 maluit.
689 529 818 588 Historia
841 529 972 602 edoctus,
995 545 1081 587 sensu
1104 535 1136 586 ut
1150 530 1192 586 ita
1206 528 1300 586 dicam

88 633 222 692 historico
244 635 399 692 duraturos
422 637 617 707 praesentium
641 651 738 694 rerum
761 633 880 692 effectus
903 633 1061 706 spectabat.
1119 633 1176 691 Per
1195 635 1298 692 multos

87 740 147 810 jam
169 754 255 798 annos
277 755 342 797 cnm
364 745 406 796 tot
426 732 552 798 omnium
574 747 718 799 terrarum
742 739 810 797 viris
833 739 888 811 piis
913 745 941 796 et
965 737 1086 796 eruditis
1113 739 1301 811 epistolarum

90 845 257 902 commercio
279 845 463 916 conjnnctus,
486 843 671 902 oecumenico
695 845 776 916 qnasi
799 845 895 900 animo
918 849 948 901 et
970 843 1074 900 intuitu
1097 843 1191 900 varios
1212 845 1302 902 seculi

48 975 55 992 ·
90 963 173 1004 casus
200 947 436 1021 amplectebatur.
497 947 600 1006 Omnia
630 948 667 1006 ab
694 947 825 1006 omnibns
852 946 983 1020 partibus
1014 947 1214 1019 praeparanda
1237 963 1301 1006 esse

90 1051 215 1124 censuit,
236 1057 268 1108 ut
290 1052 453 1110 universale
473 1052 641 1124 concilium,
664 1053 688 1110 si
711 1050 811 1124 fieret,
834 1051 956 1109 liberum
979 1057 1009 1108 et
1031 1050 1217 1108 chrIstiannm
1238 1067 1302 1110 esse

90 1161 191 1226 posset.
234 1155 317 1212 Hanc
341 1171 402 1214 rem
425 1157 582 1229 praecipue
607 1155 710 1214 Carolo
733 1155 851 1213 Caesari
875 1154 1106 1228 principibusque
1123 1153 1303 1212 Germanicis

90 1259 167 1316 cordi
188 1259 249 1317 tore
270 1260 408 1332 speravit.
444 1260 518 1318 Huic
541 1261 585 1318 rei
606 1261 695 1318 etiam
711 1259 901 1333 Lutheranos,
923 1259 971 1332 qui
986 1258 1166 1330 dicebantur,
1192 1261 1301 1332 optime

90 1361 249 1434 profuturos
273 1379 337 1423 esse
360 1365 485 1437 putarit,
517 1365 541 1422 si
564 1381 709 1437 eousque,
740 1379 815 1436 qnae
841 1380 917 1422 nnuc
944 1363 1093 1422 emendari
1115 1364 1220 1436 ubique
1247 1381 1302 1422 uon

89 1475 216 1540 possent,
253 1469 401 1541 patienter
430 1469 604 1542 tolerarent,
639 1484 733 1541 neque
762 1483 780 1525 a
809 1468 939 1526 Romana
964 1469 1088 1526 ecclesia
1114 1475 1301 1540 praepostere

89 1571 266 1630 secederent.
325 1571 399 1644 Quid
429 1573 510 1632 salva
533 1574 711 1632 conscientia
734 1572 896 1630 concedere
927 1571 969 1630 illi
993 1577 1125 1644 possent,
1153 1573 1221 1645 quid
1245 1589 1300 1630 non

91 1682 217 1750 possent,
241 1693 299 1734 non
321 1677 392 1735 satis
414 1677 592 1749 ponderavit.
651 1677 784 1736 Pericula
813 1683 844 1735 et
865 1675 923 1734 illis
954 1683 983 1733 et
1005 1675 1138 1734 omnibus
1161 1677 1226 1736 aliis
1249 1678 1301 1734 im·

90 1781 228 1838 minantia
252 1781 416 1839 accuratius
439 1797 524 1852 qnam
545 1781 619 1839 alius
641 1781 791 1854 qnisquam
812 1779 1015 1854 perspiciebat

173 1883 241 1943 Sine
272 1885 358 1942 dnbio
387 1884 539 1958 Erasmus,
571 1886 655 1944 sicuti
685 1890 787 1959 postea
816 1884 994 1958 Leibnitins,
1032 1885 1080 1956 qui
1110 1884 1147 1942 ad
1181 1885 1302 1943 eandem

89 2003 169 2059 spem
192 1989 309 2047 concilii
332 1987 418 2047 liberi
442 1995 472 2048 et
499 2006 567 2048 rere
598 1989 769 2048 universalis
796 2005 930 2048 reversus
959 1995 1016 2062 est,
1045 1988 1167 2046 discidia
1189 1989 1304 2064 religio-

90 2093 135 2148 nis
156 2093 263 2151 littem's
286 2109 399 2166 quoque
423 2091 618 2166 doctrinisque
650 2093 781 2152 humanis
812 2091 929 2152 officere
959 2092 1082 2151 videbat
1135 2093 1191 2152 Sed
1215 2094 1304 2152 bonas

90 2197 200 2254 litteras
230 2197 326 2254 divino
357 2214 449 2270 regno
478 2199 620 2256 inservire
651 2199 755 2272 voluit,
786 2214 880 2269 neque
911 2203 1029 2270 propter
1059 2197 1172 2256 litteras
1203 2199 1304 2272 solnm,

92 2317 188 2360 rernm
210 2307 331 2374 propter
353 2303 445 2374 ipsam
460 2304 613 2361 eeclesiam
638 2303 820 2375 omniumque
836 2302 1055 2361 christianorum
1071 2303 1191 2360 salutem
1211 2303 1304 2361 eccle·

90 2406 148 2463 siae
181 2407 322 2463 unitatem
353 2411 516 2465 sustentare
548 2406 665 2464 studuit.
711 2405 853 2478 ,Omnes‘,
887 2406 994 2479 iuquit,
1029 2421 1108 2478 ,amo
1136 2423 1170 2464 ex
1199 2421 1303 2480 aequo,

90 2509 135 2580 qni
167 2507 310 2567 Christum
339 2509 479 2584 diligunt!
540 2509 648 2568 Scribit
669 2509 901 2568 Melancbthoni:
933 2507 1009 2583 ,Ego
1039 2526 1113 2582 quae
1138 2511 1222 2582 longo
1242 2512 1302 2582 jam

90 2629 139 2670 usu
162 2614 412 2687 inveteraverant,
435 2616 477 2673 sic
500 2614 651 2688 cupiebam
674 2615 814 2687 paulatim
838 2613 957 2686 corrigi,
981 2619 1012 2670 nt
1035 2613 1155 2672 libertas
1179 2629 1303 2688 evange·

89 2716 142 2775 lica
174 2723 273 2790 posset
304 2733 367 2776 esse
396 2719 523 2777 omnium
552 2718 681 2792 gentium
712 2717 888 2778 communis}
947 2717 986 2775 Et
1008 2717 1065 2775 alio
1088 2718 1165 2776 loco:
1202 2718 1302 2790 ,Meae

88 2821 202 2880 litterae
225 2821 297 2879 nulli
322 2821 441 2881 factioni
464 2823 629 2881 servierunt
651 2838 788 2895 unquam,
811 2837 896 2894 qnam
921 2820 1044 2894 Christi,
1076 2823 1125 2894 qui
1147 2825 1304 2882 communis

89 2931 130 2982 est
153 2926 289 2984 omnium.
336 2925 410 2997 Quid
432 2926 487 2984 hoc
509 2927 640 3000 ingenio,
663 2926 731 2999 quid
753 2927 798 2983 his
818 2927 924 2984 litteris
947 2925 1058 2984 valeam
1081 2927 1193 2996 nescio,
1223 2933 1302 2985 certo

89 3035 206 3087 conatus
234 3045 297 3086 sum
321 3037 351 3088 et
373 3031 457 3103 cupio
480 3029 618 3104 prodesse
643 3047 699 3088 non
715 3030 799 3088 modo
815 3029 982 3102 Germanis,
1006 3029 1056 3088 sed
1070 3027 1175 3101 Gallis,
1199 3029 1303 3102 Hispa·

88 3133 146 3204 uis,
169 3133 333 3206 Britannis,
356 3133 506 3206 Bohemis,
529 3133 651 3192 Rutenis
674 3139 760 3206 atque
784 3133 857 3192 adeo
880 3133 982 3192 ancis
1005 3138 1036 3191 et
1057 3131 1208 3190 Saracenis
1235 3149 1303 3208 quo·

88 3253 140 3307 que
164 3238 189 3295 si
212 3237 334 3309 queam‘
378 3238 499 3310 Saepius
522 3245 553 3297 et
574 3237 798 3296 occidentalium
820 3243 850 3295 et
870 3237 1053 3296 orientalium
1075 3235 1301 3295 Christianorum

88 3340 211 3400 discidia
242 3343 329 3399 etiam
362 3347 516 3415 propterea
546 3342 692 3415 deplorat,
725 3342 801 3414 qnod
826 3358 845 3399 a
873 3340 1067 3414 promovendo
1096 3341 1174 3398 inter
1202 3347 1304 3414 gentes

88 3444 237 3518 cvangelio
261 3461 310 3504 eos
333 3445 514 3518 prohibeant.
575 3445 671 3517 Quare
698 3446 772 3504 haec
801 3446 897 3504 omnia
924 3445 1088 3504 tristissimo
1117 3447 1212 3504 animo
1235 3463 1303 3505 con-

87 3550 242 3622 templatus
275 3549 305 3607 in
336 3551 504 3622 precatione
538 3566 592 3624 pro
622 3565 695 3623 pace
726 3551 868 3608 ecclesiae
899 3551 1015 3608 invocat
1044 3551 1208 3608 Dominum:
1245 3552 1304 3626 ,Ne

88 3653 252 3726 permittas,
275 3661 307 3710 ut
328 3652 450 3726 ludaei,
474 3653 586 3712 ancae
610 3669 645 3711 ac
664 3655 773 3726 ceteri,
797 3654 846 3726 qni
870 3654 916 3712 vel
937 3669 993 3712 non
1016 3661 1158 3713 noverunt
1181 3661 1227 3728 te,
1259 3655 1303 3712 vel

87 3756 216 3815 Invident
238 3761 307 3816 tneo
329 3759 453 3831 gloriae,
476 3763 618 3830 perpetuo
641 3757 801 3830 glorientur
824 3757 860 3815 de
881 3756 964 3814 nobis
987 3755 1154 3830 dicantque:
1179 3757 1235 3816 Ubi
1259 3763 1305 3814 cst

88 3857 166 3918 Dens
190 3856 343 3918 eorum‘l‘l
386 3860 426 3918 Et
448 3861 485 3918 ad
508 3861 673 3934 Principem
694 3860 836 3934 quendam
860 3859 989 3918 Luthero
1019 3860 1164 3918 laventem
1187 3859 1301 3918 scribit:

88 3965 193 4036 ,Quum
215 3965 295 4024 Dens
322 3967 406 4038 juxta
433 3965 593 4038 prophetae
623 3965 818 4024 testimonium
849 3978 974 4036 regnare
1003 3963 1129 4035 gaudeat
1152 3964 1182 4020 in
1205 3963 1303 4020 latitu-

87 4067 153 4128 dine
184 4070 283 4142 popnli
314 4086 457 4143 quumque
493 4069 640 4128 videamus
663 4070 839 4128 christianae
863 4067 1011 4142 religionis
1042 4067 1190 4140 pomoeria
1213 4083 1301 4139 usque

87 4173 159 4232 adeo
192 4177 343 4231 contracta
373 4174 403 4232 in
433 4180 558 4248 arctum,
590 4175 652 4246 quis
683 4190 741 4231 non
764 4173 955 4232 discrucietur
984 4172 1094 4243 animo,
1124 4171 1178 4228 hoc
1201 4171 1304 4244 ipsum,

15 4325 19 4336 .
87 4278 160 4348 qnod
185 4283 335 4350 superest,
356 4282 400 4336 tot
421 4279 582 4350 opinionum
604 4277 728 4350 morbis,
750 4281 793 4335 tot
815 4293 935 4334 morum>
947 4275 1117 4347 comuptelis
1138 4290 1201 4332 esse
1220 4275 1304 4332 vitia·

87 4387 159 4453 tum,
183 4386 225 4438 tot
249 4382 336 4440 sectis
359 4381 480 4440 divisum
499 4387 586 4454 atque
610 4376 834 4439 distractum?‘²

177 4545 204 4612 ι)
221 4545 265 4595 Ps.
284 4551 317 4596 aa
337 4545 433 4612 axx:
453 4545 499 4613 41)
520 4562 542 4595 v.
563 4551 587 4595 a.
611 4551 650 4596 ιι.

175 4631 201 4700 2)
220 4633 258 4683 Oi.
277 4633 343 4696 Epp.
362 4631 469 4697 XXIII,
489 4638 517 4695 ὅς
535 4631 614 4692 XIX,
633 4635 661 4694 ὃς
680 4629 771 4692 XVII,
794 4635 839 4690 18;
856 4629 929 4694 xlv,
950 4635 990 4680 1³.

127 4715 349 4760 Scblottmanni
363 4716 469 4761 ldrmmus
482 4715 603 4760 redivivus.
1044 4705 1082 4760 21
1122 4763 1127 4770 ,
