3134 5054
244 297 297 354 294
735 298 837 350 Pueris
856 299 974 349 Pmonrs

245 515 305 574 veri
338 513 447 574 habero
476 516 593 588 saepius
625 519 817 574 concesserat.
874 513 966 585 Quum
995 531 1066 574 vero
1092 515 1155 590 ipse
1185 533 1303 590 prorsus
1333 517 1475 589 ejusdem

244 619 387 693 opinionis
417 623 557 691 patronus
588 635 606 678 a
637 618 807 691 quibusdam
836 620 1028 692 proclamatus
1058 625 1150 694 esset,
1180 621 1370 680 vehementer
1396 621 1475 694 plus

245 725 335 784 semel
356 723 533 782 reclamavit.
584 724 632 784 Sic
659 723 697 781 ad
718 722 898 782 Pellicanum
918 723 1034 783 scribit:
1065 723 1165 798 ,Soleo
1189 741 1252 783 eum
1275 727 1375 785 amicis
1398 743 1476 784 eru·

245 827 327 902 ditis,
358 828 483 886 maxime
507 845 593 901 quum
618 827 723 886 absunt
745 826 864 902 infirmi,
895 818 988 888 libere
1009 830 1199 890 commentari
1221 829 1257 890 de
1278 830 1474 906 quibuslibet,

245 933 458 1004 inquirendi
481 931 613 1008 studio,
636 949 841 1006 nonnunquam
863 933 1049 994 attentandi
1072 949 1173 1008 cause,
1202 935 1349 995 interdum
1374 936 1473 994 animi

246 1039 354 1111 gratia,
381 1035 436 1096 hac
465 1039 496 1095 iu
526 1053 560 1096 re
591 1035 715 1097 fortasse
745 1037 902 1111 simplicior
930 1054 1016 1111 quum
1044 1054 1098 1112 par
1129 1045 1182 1098 est
1228 1038 1286 1098 Sed
1308 1055 1473 1113 agnoscam

246 1143 335 1200 etiam
371 1141 520 1215 parricidii
556 1143 678 1215 crimen,
716 1143 741 1200 si
771 1142 922 1214 quisquam
951 1143 1116 1201 mortalium
1145 1145 1192 1202 sel
1219 1143 1296 1202 serio
1325 1143 1372 1201 vel
1396 1146 1473 1218 Joco

248 1245 358 1306 audivit
381 1263 416 1304 ex
438 1263 484 1306 me
506 1247 581 1306 hano
603 1261 716 1322 vocem,
739 1247 770 1306 in
787 1246 963 1306 eucharistia
985 1247 1058 1306 nibil
1081 1263 1146 1306 esse
1166 1253 1287 1321 praeter
1308 1264 1413 1322 panem
1438 1257 1474 1307 et

246 1353 358 1426 vinum,
386 1357 516 1411 autnon
539 1368 603 1411 esse
626 1351 667 1411 ibi
689 1369 789 1411 verum
811 1368 915 1426 corpus
937 1357 967 1410 et
987 1353 1158 1426 sanguinem
1181 1353 1298 1412 domiui.
1342 1351 1373 1412 Si
1396 1355 1473 1427 quid

246 1456 404 1514 volatilium
427 1457 631 1530 cogitationum
654 1456 808 1530 aliquando
831 1457 931 1530 tetigit
951 1457 1079 1516 animum
1100 1474 1211 1532 meum,
1230 1455 1318 1516 facile
1333 1455 1472 1532 discussi,

249 1559 432 1619 considerata
462 1561 519 1620 Dei
557 1577 628 1636 erga
663 1578 717 1621 uos
751 1560 956 1621 inaestimabili
990 1562 1127 1635 mritete,
1164 1563 1316 1636 perpensis
1349 1561 1472 1621 menne

248 1664 411 1738 scripturae
432 1665 541 1740 verbis,
565 1681 639 1740 quae
657 1666 816 1726 Lutherum
837 1667 926 1725 etiam
941 1667 1036 1740 ipsum
1052 1671 1210 1741 coegerunt
1223 1663 1366 1740 profiteri,
1390 1667 1473 1740 quod

248 1766 400 1843 profitetur
417 1771 542 1829 ecclesia
560 1771 711 1830 catholica.
727 1803 768 1811 —
790 1771 853 1846 Ego
874 1787 929 1830 uec
944 1770 1105 1830 Romanam
1127 1772 1282 1830 ecclesiam
1301 1777 1473 1846 contemno,

248 1875 338 1932 multo
360 1875 453 1934 miuus
476 1892 562 1948 quum
583 1876 635 1934 illa
655 1875 744 1935 habet
762 1875 817 1934 sibi
835 1875 1052 1935 consentientes
1071 1891 1170 1934 omnes
1186 1876 1332 1936 ecclesias.
1370 1875 1472 1936 Nullis

249 1979 381 2038 humanis
402 1979 563 2039 rationibus
586 1979 692 2039 abduci
715 1985 817 2054 potero
840 1996 858 2038 a
879 1979 1013 2039 concordi
1036 1979 1182 2046 sententia
1202 1980 1354 2038 christiani
1368 1981 1470 2039 orbis‘

249 2083 294 2142 Ab
328 2083 384 2144 bac
421 2085 568 2144 sententia
600 2084 677 2158 quod
708 2083 746 2143 ed
773 2100 894 2144 coenam
920 2083 1028 2144 domiui
1058 2085 1202 2158 pertinet,
1236 2101 1274 2143 ne
1305 2084 1470 2144 Lutherum

250 2189 366 2263 quidem
381 2189 548 2249 discessisse
564 2189 679 2264 saepius
695 2189 794 2248 dicere
814 2205 901 2248 ausus
918 2195 976 2262 est,
998 2189 1366 2265 transsubstantiationem,
1390 2205 1468 2263 quae

250 2295 370 2365 dicitur,
392 2294 508 2354 scholae
532 2293 750 2367 quaestiouibus
772 2293 952 2353 adnumerat.

336 2400 439 2472 Itaque
468 2400 531 2457 sine
561 2397 642 2473 fuco,
673 2403 705 2456 ut
736 2399 799 2472 ipse
828 2396 968 2473 affirmet,
997 2397 1126 2458 debitam
1152 2400 1288 2472 autiquae
1315 2398 1469 2458 traditioni

250 2504 445 2562 reverentiam
472 2519 537 2561 cum
567 2517 641 2561 noso
664 2518 699 2561 ac
722 2503 814 2562 libero
835 2517 937 2562 sacrae
961 2504 1122 2578 scripturae
1146 2507 1176 2562 et
1195 2504 1336 2563 bonerum
1354 2503 1469 2564 ittera

251 2624 316 2665 rum
336 2605 430 2665 studio
451 2613 625 2667 connectere
647 2607 745 2666 voluit
791 2607 979 2680 Quantumvis
997 2608 1029 2666 in
1051 2607 1105 2666 hoc
1128 2609 1248 2668 consilio
1264 2607 1470 2683 persequendo

252 2711 407 2784 erraverit,
429 2709 466 2768 ed
488 2725 623 2785 magnum
645 2711 756 2784 aliquid
778 2728 844 2771 eum
866 2713 1011 2787 aspirasse
1033 2717 1145 2772 certum
1168 2718 1221 2771 est.
1257 2711 1470 2772 Admirabilem

251 2815 331 2876 illam
363 2813 531 2874 intuebatur
559 2816 700 2875 unitatem
729 2817 877 2876 christiani
906 2819 1039 2892 spiritus,
1076 2818 1126 2891 qui
1156 2833 1210 2892 per
1240 2818 1336 2877 omnia
1367 2819 1471 2877 secula

252 2921 334 2996 quasi
363 2937 517 2996 permeans
543 2921 631 2981 vanis
656 2920 755 2980 formis
779 2939 810 2982 se
832 2923 955 2997 exserit,
983 2923 1162 2982 dissonantia
1184 2922 1221 2982 ad
1242 2923 1472 2998 pulcherrimum

252 3033 421 3088 concentum
442 3044 558 3101 semper
580 3027 674 3086 denuo
690 3033 810 3086 revocet
825 3031 855 3086 et
869 3027 1079 3090 diversissimos
1096 3043 1271 3087 summorum
1286 3027 1471 3102 ingeniorum

252 3133 379 3208 labores,
412 3133 500 3192 etiam
529 3134 654 3207 eosqui
681 3131 718 3192 ed
746 3133 897 3192 scientiam
927 3137 1075 3207 spectant,
1101 3133 1139 3192 ad
1166 3131 1361 3192 sublimiorem
1381 3147 1472 3206 quam

252 3255 337 3312 quem
364 3239 489 3297 humana
511 3238 608 3297 studia
632 3242 838 3310 assequuntur,
868 3235 956 3296 finem
983 3237 1089 3312 dirigit
1134 3236 1293 3296 Lutherum
1320 3239 1351 3296 iu
1376 3238 1473 3296 inter-

252 3341 394 3415 pretanda
414 3343 558 3417 scriptura
581 3343 673 3401 multa
694 3343 847 3415 praeclara
865 3343 1064 3417 praestitisse,
1095 3343 1182 3401 immo
1202 3341 1341 3402 nonnulla
1358 3343 1472 3401 rectius

253 3461 338 3518 quam
362 3463 461 3505 omnes
488 3446 551 3506 iere
574 3447 643 3505 iude
672 3447 709 3505 ab
734 3448 930 3521 apostolorum
956 3454 1087 3523 tempore
1110 3447 1242 3507 docuisse
1263 3447 1411 3522 agnoscit,
1438 3449 1473 3507 in

254 3549 318 3610 nus
341 3549 428 3608 reuss
449 3551 535 3609 nrmu
557 3551 638 3608 mum
660 3551 716 3609 nos
737 3551 794 3625 ipsi
812 3549 958 3612 confluere
980 3559 1011 3611 a
1032 3531 1125 3626 magri
1147 3568 1233 3626 quam
1255 3552 1311 3626 spe
1334 3551 1474 3611 eseam

253 3671 273 3714 a
304 3655 450 3730 patribus,
480 3655 586 3728 partim
615 3656 704 3714 etiem
730 3673 748 3715 a
771 3656 950 3718 scholasticis
978 3657 1148 3731 quibusdam
1170 3655 1299 3731 pendere
1322 3673 1387 3716 eum
1410 3674 1474 3716 non

252 3757 336 3834 fugit.
381 3759 533 3833 Nunquam
555 3759 769 3834 neglegendas,
791 3761 844 3820 sed
865 3769 1000 3821 accurate
1023 3761 1230 3822 examinandas
1251 3767 1381 3820 veterum
1404 3777 1474 3821 sen-

253 3864 361 3924 tenties
396 3863 549 3923 existimat.
598 3863 687 3938 ‚Quid
709 3881 786 3923 nunc
815 3864 995 3940 possemus‘,
1027 3866 1138 3938 iuquit,
1174 3867 1217 3936 ,in
1245 3865 1334 3925 seems
1353 3865 1473 3940 litteris,

253 3969 310 4028 uisi
332 3969 479 4043 origenis,
502 3969 689 4044 Tertulliani,
719 3967 931 4044 Chrysostomi,
954 3969 1138 4044 Hieronymi,
1164 3969 1285 4044 Hilarii,
1314 3969 1474 4044 Augustini

254 4075 447 4133 monumentis
474 4073 585 4146 abab?
628 4073 692 4149 Ego
722 4089 792 4133 vero
814 4090 870 4134 uec
891 4073 1020 4134 Thema
1041 4091 1096 4133 nec
1115 4073 1195 4134 Scoti
1216 4075 1304 4134 libros
1326 4075 1357 4132 iu
1378 4080 1474 4134 totum

254 4177 445 4251 audouandos
468 4193 533 4238 esse
556 4177 636 4238 duco.
682 4177 833 4252 Scripsere
861 4193 913 4238 suo
934 4179 1046 4254 seculo,
1074 4179 1221 4253 multaque
1244 4179 1327 4238 uobis
1350 4169 1367 4237 e
1389 4184 1474 4238 vete·

252 4301 316 4343 rum
337 4281 418 4342 libris
440 4281 559 4358 hausta,
582 4282 714 4342 subtilius
735 4299 854 4342 excussa
875 4281 1068 4343 tradiderunt
1114 4281 1252 4342 Ceterum
1275 4299 1329 4342 nee
1351 4283 1473 4342 istorum

253 4387 454 4446 incivilitatem
487 4385 628 4462 approbo,
661 4387 710 4462 qui
743 4389 846 4448 horum
878 4391 1029 4447 auctorum
1060 4388 1164 4461 generi
1190 4393 1302 4447 mutum
1330 4385 1473 4462 tribuunt,

253 4497 287 4550 ut
315 4491 399 4550 bouis
426 4491 533 4551 litteris
563 4490 690 4551 feliciter
718 4491 825 4565 ubique
847 4491 1087 4566 repullulantibus
1110 4491 1336 4568 obstrependum
1358 4497 1469 4566 putent

254 4592 363 4654 Variae
385 4599 451 4654 suut
472 4593 655 4670 ingeniorum
673 4593 770 4670 dotes,
792 4595 901 4656 mulus
924 4595 1089 4657 seculorum
1111 4597 1269 4659 varietutes
1288 4601 1371 4658 suut:
1393 4595 1471 4672 quod
