3156 5056
656 331 748 383 Carus
767 329 799 383 X.
1281 329 1334 386 225

119 557 142 598 a
157 541 287 600 Romana
310 544 452 603 ecclesiae
475 545 586 604 unitate
609 547 706 619 palam
721 544 846 606 deficere
861 547 992 620 nolebat,
1012 549 1073 620 jam
1087 549 1176 607 multo
1191 545 1336 606 difficilius

118 662 209 716 qnam
232 653 320 706 antea
342 664 512 710 succurrere
534 649 665 708 Luthero
687 658 792 724 posset

712 861 748 919 X.

210 1009 361 1084 Erasmus,
388 1028 475 1083 quum
498 1011 627 1070 Luthero
656 1019 757 1071 contra
785 1028 887 1071 saevos
914 1013 1130 1086 ineruditosqne
1153 1013 1335 1071 adversarios

118 1111 276 1170 subuenire
303 1111 347 1171 las
374 1114 512 1188 haberet,
542 1117 627 1174 initio
648 1117 742 1190 ipsum
765 1116 894 1176 Leonem
913 1116 948 1174 X.
971 1118 1014 1175 illi
1037 1118 1194 1175 conciliare
1216 1123 1335 1175 conatus

120 1222 179 1274 eet.
224 1217 287 1274 Hoc
309 1218 405 1276 auimo
430 1219 516 1278 alteri
540 1219 661 1279 editioni
682 1221 757 1278 Novi
779 1221 959 1279 Testamenti
983 1221 1090 1280 Graeci
1111 1221 1148 1279 ad
1168 1220 1337 1278 Pontificem

117 1320 228 1378 missae
260 1321 367 1394 adjecit
396 1321 584 1398 epistolam¹,
614 1341 672 1396 qua
700 1341 758 1382 non
787 1329 899 1382 tantum
928 1325 1103 1398 theologiam
1135 1343 1151 1383 e
1177 1324 1336 1398 purissimis

119 1422 230 1482 Christi
261 1430 292 1482 et
320 1427 514 1498 apostolorum
545 1425 670 1486 fontibus
699 1427 889 1486 hauriendam
908 1429 1083 1502 praedicat,
1118 1446 1218 1487 verum
1248 1429 1336 1486 etiam

117 1529 215 1600 ipsum
238 1529 347 1601 Papam
375 1537 460 1589 caute
491 1530 607 1604 quidem
638 1537 668 1589 et
697 1531 826 1591 modeste
858 1532 909 1591 sed
938 1534 1009 1591 satis
1038 1537 1140 1606 aperte
1163 1531 1336 1591 sanctissimi

117 1629 209 1689 officii
244 1631 380 1691 admonet
411 1641 498 1707 atque
531 1652 597 1692 cum
627 1653 678 1693 sno
708 1641 740 1693 et
769 1637 931 1694 litterarum
960 1637 1077 1710 negotio
1104 1637 1187 1694 simul
1215 1635 1336 1693 Lutheri

118 1751 253 1804 causam,
276 1737 345 1794 licet
365 1754 470 1796 nomen
491 1740 554 1811 ejus
573 1755 629 1797 non
649 1741 867 1814 memoraverit,
887 1741 1017 1814 impense
1038 1741 1227 1799 commendat.
1261 1739 1336 1812 Quid

118 1840 173 1898 alii
196 1840 324 1898 scribant
345 1842 415 1915 ipsis
437 1842 591 1901 uidendum
611 1860 676 1902 esse
699 1845 756 1918 ait,
780 1861 811 1902 se
835 1845 961 1904 alienum
982 1863 1097 1904 servum
1117 1861 1175 1902 non
1194 1844 1337 1916 judicare,

117 1944 171 2016 qni
205 1961 256 2002 suo
289 1943 414 2004 Domino
447 1953 506 2004 stet
536 1953 587 2004 aut
619 1947 712 2006 cadat
764 1947 852 2006 Dolet
883 1949 1071 2006 amarulentis
1103 1947 1337 2005 contentionibus

117 2046 293 2106 labefactari
316 2049 556 2122 tranquillitatem
571 2051 729 2108 studiorum
752 2057 783 2109 et
802 2051 845 2108 rei
862 2051 1051 2124 christianae,
1072 2051 1217 2108 atrocibus
1231 2051 1336 2108 utrius·

118 2169 179 2224 que
208 2153 345 2211 conviciis
374 2170 501 2227 pugnam
530 2153 718 2228 crudescere,
748 2155 874 2212 dentatis
901 2154 1008 2212 libellis
1031 2170 1065 2211 ac
1088 2153 1335 2227 reciprocantibus

117 2256 284 2315 maledictis
311 2259 465 2316 tumultum
490 2259 521 2316 in
547 2258 659 2316 rabiem
674 2259 776 2316 ‘exire
822 2256 879 2316 Sed
899 2259 1076 2316 nobilissimo
1098 2258 1187 2316 animi
1210 2257 1335 2316 candore

119 2365 155 2419 et
174 2361 311 2419 libertate
334 2362 420 2434 longe
442 2365 581 2436 majorem
601 2361 712 2435 culpam
729 2363 759 2420 in
772 2361 894 2420 Lutheri
910 2361 1083 2420 adversariis
1099 2377 1163 2419 esse
1178 2361 1336 2434 praedicat

119 2463 337 2539 ,Praetexuut‘,
360 2467 467 2540 inquit,
490 2465 648 2539 ,horrenda
662 2467 793 2542 nomina,
813 2466 965 2541 haereses,
980 2467 1180 2540 antichristos3
1198 2467 1337 2540 jactitant

118 2569 283 2642 periclitari
317 2571 487 2643 religionem
522 2571 722 2644 christianam,
764 2588 849 2644 quam
881 2572 937 2646 ipsi
970 2571 1084 2629 scilicet
1115 2571 1175 2630 suis
1208 2571 1335 2629 humeris

118 2673 280 2748 sustinent,
315 2681 402 2747 atque
430 2675 474 2733 his
501 2680 560 2732 tarn
583 2675 690 2733 odiosis
715 2676 875 2734 admiscent
903 2676 1079 2734 mentionem
1107 2675 1270 2750 linguarum
1300 2692 1335 2734 ac

117 2777 265 2850 politioris
291 2779 484 2837 litteraturae.
529 2779 624 2855 Haec,
653 2781 800 2854 inquiunt,
829 2780 976 2839 horrenda
998 2779 1090 2854 dictu,
1118 2787 1278 2839 nascuntur
1301 2797 1335 2838 er

116 2881 250 2956 poetica,
272 2899 339 2954 nam
361 2883 416 2942 hoc
438 2883 578 2942 vocabulo
599 2885 766 2958 traducunt,
785 2885 923 2958 quidquid
946 2885 1001 2958 ipsi
1024 2901 1084 2942 non
1105 2883 1276 2943 didicerunt.
1293 2916 1333 2924 -

115 2985 214 3044 Nemo
241 3003 298 3046 non
328 2987 437 3046 labitur
466 2987 572 3047 alicubi
595 2990 650 3048 nisi
672 2991 721 3064 qui
743 2991 828 3048 homo
851 3006 909 3047 non
932 2995 986 3047 est
1031 2989 1071 3047 At
1090 2987 1175 3046 decet
1196 2989 1336 3046 humanos

116 3092 233 3162 lapsus,
264 3091 289 3148 si
317 3092 393 3151 tales
422 3097 489 3150 sunt
517 3100 550 3152 ut
580 3110 638 3151 non
667 3099 801 3166 oporteat
828 3091 866 3150 ed
894 3108 944 3150 eos
973 3092 1144 3164 connivere,
1177 3091 1336 3148 christiana

116 3194 242 3253 lenitate
271 3196 424 3271 corrigere.
469 3196 552 3255 Nunc
581 3196 742 3270 depravant
772 3202 802 3254 et
827 3196 903 3268 quod
925 3201 1006 3254 recte
1029 3195 1137 3253 dictum
1160 3201 1218 3268 est,
1246 3207 1334 3264 saepe

118 3302 154 3356 et
176 3297 250 3370 quod
272 3316 331 3357 non
352 3300 541 3375 intellegunt3
569 3301 593 3358 si
621 3299 690 3374 quid
718 3316 822 3374 parum
846 3299 970 3372 arridet,
1001 3296 1138 3356 seditiose
1159 3297 1334 3371 quiritantur

118 3402 200 3475 apud
222 3419 348 3462 crassam
370 3409 401 3464 et
422 3405 568 3464 indoctam
588 3404 810 3463 multitudinem.
856 3403 938 3462 Haec
958 3401 1110 3476 aliquoties
1129 3401 1225 3475 parvis
1243 3401 1335 3460 initiis

116 3512 199 3580 orta,
229 3523 439 3583 saepenumero
468 3510 660 3568 vasfissimum
690 3509 811 3584 gignunt
840 3507 1014 3567 incendium.
1046 3537 1086 3546 -
1116 3506 1241 3565 Proinde
1264 3505 1334 3564 mihi

117 3610 236 3670 videtur
257 3611 321 3671 'lua
341 3613 487 3672 Sanctitas
509 3629 572 3672 rem
594 3613 708 3673 iactura
731 3611 844 3672 Christo
868 3614 954 3687 longe
979 3611 1186 3685 gratissimam,
1215 3611 1239 3668 si
1268 3627 1334 3670 oon-

118 3714 299 3775 tentionibus
321 3717 484 3791 hujusmodi
507 3719 653 3776 silentium
675 3715 829 3776 indixerit!

208 3819 272 3878 Hoc
293 3819 445 3896 Erasmus,
475 3822 524 3894 qui
544 3822 605 3894 jam
627 3826 715 3880 antea
736 3836 790 3894 per
812 3821 918 3879 amicos
940 3819 1050 3878 Romae
1073 3816 1182 3890 ahquid
1205 3817 1335 3875 valentes

119 3923 228 3982 similia
250 3929 383 3984 suaserat
404 3931 435 3984 et
454 3925 585 3984 hortatus
608 3931 686 3998 erat,
708 3925 792 3998 paulo
814 3927 880 3995 post
894 3923 1120 3995 disputationem
1134 3921 1212 3978 inter
1226 3919 1335 3978 Luthe·

119 4045 186 4086 rum
214 4033 244 4087 et
265 4027 384 4087 Eccinm
407 4029 524 4103 Lipsiae
548 4029 654 4088 tactam
674 4025 806 4086 Pontifici
832 4027 990 4099 proposuit.
1038 4025 1143 4083 Paucis
1165 4029 1233 4081 ante
1256 4037 1336 4082 men-

119 4131 200 4190 sibus
222 4134 285 4206 ipse
303 4133 462 4207 Lutherus,
485 4133 680 4193 reverentiam
703 4147 785 4190 suam
804 4147 875 4204 erga
898 4130 1051 4188 ecclesiam
1067 4127 1225 4187 sommam
1246 4132 1336 4186 testa·

121 4242 182 4309 tue,
213 4237 319 4296 litteris
346 4237 439 4295 Leoni
468 4237 654 4310 promiserat,
683 4252 715 4294 se
745 4234 990 4306 indulgentiarum
1016 4233 1168 4290 materiem
1197 4231 1336 4315 deinceps

121 4341 289 4399 rehctnrum
320 4342 491 4414 penitusque
523 4342 677 4400 taciturum
707 4355 785 4412 esse,
816 4337 900 4396 modo
928 4343 959 4394 et
984 4335 1144 4395 adversarii
1173 4337 1218 4394 sui
1246 4351 1335 4394 vanas

212 4594 238 4660 1)
258 4595 296 4644 De
315 4595 339 4643 d.
360 4599 390 4644 13
409 4611 442 4644 m.
462 4597 529 4659 Aug.
548 4609 570 4643 a.
586 4597 662 4644 1519.

166 4712 375 4756 Schlottmanni
388 4713 492 4756 &umus
504 4711 625 4754 mdivivus.
