3134 5054
682 329 776 384 Garun
795 329 831 384 X.
1312 325 1364 384 259
1378 343 1398 370 ἱ

239 549 403 622 Aliquando
423 549 574 622 praevalet
596 549 626 606 in
642 547 757 606 Erasmi
774 548 871 606 animo
886 565 999 624 eorum,
1019 557 1095 621 quae
1110 551 1261 622 praeclare
1276 551 1364 609 toties

145 655 184 712 in
213 653 342 712 Lnthero
370 654 606 728 praedicaverat,
636 653 783 710 memoria.
837 654 933 712 Sentit
962 653 1182 728 quodammodo,
1209 655 1303 713 locum
1332 671 1364 714 se

146 760 215 831 ipso
238 759 355 834 dignum
378 759 409 816 in
431 758 555 816 comitiis
576 757 838 816 warmatiensibus
860 756 987 816 futurum
1010 757 1106 816 fuisse.
1150 759 1197 818 Sic
1218 757 1364 818 Richardo

149 862 268 921 Pacaeo
290 880 322 922 se
346 879 502 936 excusans,
525 861 616 936 ‚Quid
635 859 713 935 cgo‘,
735 863 863 935 quaerit,
888 863 1058 937 ,potuissem
1073 863 1210 936 opitulari
1224 863 1365 937 Lnthero,

149 967 179 1024 si
207 983 252 1026 me
282 968 406 1040 periculi
437 967 571 1024 comitam
601 964 749 1038 iecissem,
779 966 835 1023 nisi
858 971 891 1023 ιιι
911 982 964 1040 pro
986 982 1043 1024 uno
1065 966 1197 1040 perIrent
1219 966 1296 1026 duo?
1323 999 1365 1008 —

150 1071 218 1129 Non
247 1087 347 1130 omnes
376 1071 413 1129 ad
439 1071 609 1143 martyrium
632 1070 702 1128 satis
725 1067 834 1128 habent
855 1070 983 1143 roboris3
1016 1086 1121 1130 vereor
1142 1077 1253 1146 autam,
1283 1073 1366 1130 nesi

151 1173 223 1246 quid
250 1173 386 1233 inciderit
414 1175 567 1248 tumultus,
598 1173 717 1232 Petrum
744 1174 799 1230 sim
828 1174 1002 1233 imitaturus.
1047 1173 1105 1233 Sed
1131 1175 1168 1234 de
1190 1191 1237 1234 me
1260 1175 1366 1234 viderit

150 1279 298 1354 Christus,
321 1280 369 1337 oui
392 1295 506 1352 semper
526 1295 609 1337 meae
633 1279 797 1338 serviemnt
818 1279 975 1337 litterulae.
1012 1277 1204 1352 Posteaquam
1221 1280 1367 1339 Lntherus

150 1383 278 1442 obiitin
302 1383 429 1457 favillas,
452 1383 579 1456 undique
602 1382 657 1442 sibi
679 1383 795 1442 landem
817 1383 965 1442 vindicant
986 1384 1205 1456 praedicatores
1228 1401 1262 1443 sc
1284 1385 1366 1444 theo·

149 1487 214 1560 logi
234 1504 292 1546 non
312 1487 468 1546 admodum
489 1488 604 1546 sinceri.
647 1486 811 1546 Videndum
833 1491 879 1546 est
900 1487 1026 1546 cordatis
1045 1489 1239 1564 principibus,
1260 1505 1298 1548 ue
1318 1491 1367 1562 jus

149 1591 270 1650 laxetur
301 1593 365 1650 istis
395 1592 544 1651 saeviendi
578 1592 609 1649 iu
638 1592 769 1650 innoxios
802 1597 833 1650 et
861 1591 897 1650 de
931 1593 1074 1666 religione
1108 1592 1265 1652 christiana
1292 1593 1368 1652 bene

149 1700 315 1770 merentes,
341 1713 416 1755 neve
439 1697 481 1754 ita
503 1695 631 1755 feramur
653 1695 720 1754 odio
743 1697 774 1753 in
797 1713 846 1770 ea,
875 1711 950 1769 qnae
973 1698 1048 1756 male
1072 1697 1188 1772 scripsit
1209 1697 1366 1773 Lntherus,

149 1804 189 1857 ut
210 1816 228 1858 a
250 1800 325 1859 bene
347 1801 432 1859 dictis
454 1800 580 1858 fruottun
603 1799 786 1859 amittamus!

241 1906 380 1964 Similiter
407 1905 509 1963 intima
537 1905 663 1978 pectoris
692 1919 801 1963 arcana
829 1905 913 1964 lusto
937 1905 1032 1964 lonae
1061 1908 1156 1979 aperit
1184 1907 1229 1965 his
1255 1910 1366 1968 verbis:

152 2007 227 2084 ,Hic
246 2011 307 2082 jam
329 2010 378 2068 diu
401 2025 499 2068 rumor
521 2015 567 2068 ost
589 2015 736 2082 constans,
757 2009 832 2068 Joua
854 2009 1018 2084 carissime,
1041 2016 1071 2068 te
1090 2009 1270 2069 Wormatiae
1289 2012 1368 2070 Mar-

152 2114 217 2172 tino
239 2113 370 2172 Lnthero
401 2115 583 2174 continenter
612 2113 758 2171 adfuisse:
789 2126 844 2172 neo
871 2113 985 2187 dubito,
1015 2114 1084 2186 quin
1110 2119 1162 2173 tua
1189 2115 1285 2188 pietas
1312 2115 1368 2174 hoc

153 2217 264 2292 egerit,
293 2218 370 2291 qnod
393 2235 447 2291 ego
472 2216 586 2276 fueram
608 2225 742 2291 acturus,
773 2218 798 2275 si
821 2217 990 2291 contigisset
1012 2217 1128 2293 adesse,
1159 2225 1192 2277 ut
1213 2219 1287 2278 haee
1308 2225 1368 2279 tra·

153 2321 261 2396 goedia
288 2322 445 2381 moderatis
473 2323 634 2381 rationibus
665 2323 707 2380 sio
735 2321 894 2396 sopiretur,
925 2339 962 2382 na
989 2323 1110 2396 posthac
1137 2330 1237 2396 posset
1258 2327 1367 2400 majore

153 2444 223 2486 cnm
252 2428 329 2486 orbis
359 2429 435 2487 malo
460 2443 562 2487 rursus
592 2444 755 2501 erumpere.
799 2427 883 2499 Quod
906 2427 1041 2500 equidem
1063 2426 1189 2486 demiror
1218 2446 1277 2488 non
1304 2446 1368 2489 esse

152 2529 278 2606 factum,
302 2549 388 2605 quum
411 2547 448 2590 ea
468 2549 516 2591 res
539 2532 727 2592 vehementer
750 2531 830 2591 cordi
852 2531 942 2592 fuerit
961 2533 1075 2605 optimis
1093 2533 1176 2608 viris,
1198 2533 1261 2609 qui,
1283 2535 1369 2594 sicuti

153 2635 274 2708 dignum
297 2641 342 2695 est
365 2637 468 2696 animis
490 2653 561 2696 vere
585 2637 764 2712 christianis,
787 2637 945 2710 cupiebant
964 2653 1029 2696 esse
1049 2635 1209 2697 consultum
1226 2641 1369 2698 ecclesiae

153 2741 374 2816 tranquillitati,
404 2749 480 2814 quae
509 2741 566 2800 nisi
597 2741 751 2800 eoncordia
772 2741 828 2800 sibi
847 2743 1003 2816 jungatur,
1032 2743 1175 2802 ecclesiae
1197 2743 1369 2802 uocabulum

154 2845 260 2902 amisit.
296 2845 372 2917 Quid
394 2847 471 2905 enim
490 2851 536 2904 cst
557 2845 635 2904 eliud
655 2847 760 2920 religio
780 2851 881 2905 nostra
897 2863 982 2920 quam
998 2863 1055 2920 pax
1070 2847 1101 2904 in
1116 2847 1217 2920 spiritu
1234 2846 1371 2907 sancto?‘

153 2948 239 3008 Tunc
269 2949 305 3008 de
336 2951 480 3024 corruptis
511 2951 654 3010 ecclesiae
683 2949 811 3010 moribus
840 2965 875 3009 ac
905 2949 1043 3010 doctrinis
1072 2952 1199 3024 locutus,
1231 2951 1269 3010 ad
1296 2951 1370 3010 haec

148 3051 324 3126 jamdudum
345 3055 519 3128 ingemuisse
543 3055 585 3114 ait
606 3055 669 3128 pias
686 3059 813 3127 mentes,
836 3055 940 3126 quibus
962 3055 1035 3112 nihil
1058 3053 1097 3112 sit
1119 3055 1266 3127 antiquius
1284 3070 1370 3126 quam

154 3155 264 3216 Ghrisfi
294 3158 395 3231 gloria.
440 3157 556 3232 ,anue
585 3173 633 3217 res
664 3157 776 3231 effecit,
806 3165 840 3216 nt
865 3157 948 3216 initio
975 3162 1089 3216 tautum
1114 3156 1240 3230 nudique
1264 3157 1370 3216 favoris

152 3261 293 3320 habuerit
315 3261 477 3337 Luthams,
499 3268 640 3336 quantum
661 3279 719 3321 nou
741 3261 867 3320 arbitror
889 3261 996 3320 seculis
1012 3262 1120 3334 aliquot
1136 3261 1189 3319 nlli
1206 3261 1370 3320 mortalium

154 3366 321 3440 configisse.
367 3365 516 3440 Siquidem
543 3373 576 3425 nt
605 3365 691 3425 facile
722 3366 880 3440 oredimus,
911 3365 987 3438 quod
1015 3365 1203 3425 vehementer
1230 3371 1370 3441 optamus,

142 3471 360 3530 existimabant
390 3475 521 3530 exortum
552 3472 713 3546 hominem,
744 3471 793 3544 qui
824 3482 915 3545 purus
944 3471 981 3530 ab
1008 3471 1140 3530 omuibus
1162 3471 1250 3546 hujus
1271 3469 1372 3530 mundi

154 3573 323 3647 affectibus,
352 3576 441 3634 tantis
471 3575 554 3635 malis
582 3576 743 3635 remedium
772 3576 890 3650 aliquod
915 3575 1020 3636 afferre
1042 3575 1162 3649 posset‘
1207 3575 1374 3650 Sequuntur

154 3679 295 3752 querelae
325 3680 362 3739 de
392 3681 444 3755 iis,
474 3679 578 3752 quibus
610 3685 640 3739 et
669 3681 732 3754 ipse
761 3680 922 3754 Lnthems,
952 3697 1042 3753 quum
1064 3681 1155 3739 nimia
1177 3681 1316 3740 violentia
1337 3695 1373 3738 ac

154 3783 343 3844 festinatione
374 3801 429 3844 uec
454 3786 525 3844 satis
550 3785 710 3858 prudenter
736 3800 771 3843 ao
799 3785 1009 3857 omcumspecta
1039 3784 1077 3843 ad
1099 3790 1213 3844 tantam
1240 3795 1312 3856 opus
1334 3784 1373 3841 sit

154 3902 325 3962 aggressus,
349 3887 387 3948 ad
405 3887 602 3947 fraenandam
624 3903 760 3961 magnam
782 3887 864 3946 illam
886 3903 966 3961 spem
988 3887 1067 3946 hand
1086 3899 1188 3961 perum
1210 3886 1373 3945 contulerit

244 3993 329 4052 Anno
347 3998 425 4068 post,
446 4009 536 4066 quum
557 3993 704 4052 Lntherus
730 4009 766 4051 ex
788 3992 865 4050 areis
888 3990 1084 4064 Thuringicae
1105 3989 1217 4063 refugio
1240 3989 1374 4049 Viteber-

154 4113 225 4183 gam
258 4109 394 4158 reversus
428 4098 570 4158 ecclesiae
608 4095 811 4157 reformandae
847 4111 921 4170 opus
949 4096 1046 4169 palam
1073 4095 1137 4168 ipse
1167 4093 1315 4168 suscipere
1343 4099 1374 4152 et

154 4201 237 4276 apud
266 4202 339 4261 alios
367 4201 504 4277 adjuvare
534 4203 690 4276 coepisset,
717 4201 857 4260 Erasmus
885 4199 1003 4260 easdem
1031 4200 1164 4272 querelas
1191 4197 1373 4258 renovandae

155 4321 224 4366 esse
243 4307 364 4381 putavit.
401 4305 636 4367 Consummatum
658 4305 738 4366 videt
760 4304 804 4379 id,
827 4303 904 4378 qnod
927 4309 1082 4379 tantopere
1101 4308 1260 4376 metuerat,
1283 4303 1374 4377 ‚peri-

155 4411 369 4471 culosissimum
391 4411 469 4472 orbis
491 4409 669 4486 dissidium‘3
692 4411 780 4486 ,uuis
803 4415 916 4469 tantum
935 4409 1005 4469 mali
1022 4411 1061 4468 sit
1082 4407 1296 4482 imputandum,
1317 4405 1375 4466 for·

153 4521 237 4575 tasaa
256 4517 318 4590 Jam
340 4531 437 4577 serum
460 4533 525 4576 esse
548 4515 714 4590 disputare‘
737 4514 815 4574 dicit
865 4515 968 4586 Neque
993 4519 1092 4573 tamen
1114 4512 1152 4571 de
1174 4511 1303 4572 sanando
1324 4511 1376 4571 illo

153 4631 276 4695 prorsus
305 4621 519 4695 desperandum
546 4637 611 4682 esse
642 4626 751 4680 conset.
812 4617 866 4677 Cui
895 4619 940 4679 rei
968 4624 1001 4677 nt
1027 4619 1180 4693 inserviat,
1209 4633 1314 4691 magno
1346 4621 1377 4674 et

1095 4718 1159 4783 17*
