3188 5086
711 225 804 278 Garun
820 226 870 277 111.
1344 227 1396 284 105

178 439 258 499 tihus
285 438 408 500 lacerati
437 443 469 498 et
497 440 611 500 cruenti
641 440 846 501 vociferamus:
876 440 972 500 Deum
999 441 1120 502 colimus
1150 460 1206 518 per
1229 441 1395 503 chmmnf

176 543 322 604 Similiter
341 543 457 603 illorum
480 549 641 619 temporum
662 551 764 621 potita:

310 649 480 723 Tormenta,
503 665 617 726 carcer,
640 651 767 724 ungulae
789 651 972 726 stridensque
994 650 1117 712 flammis
1139 651 1248 712 lamina

308 753 406 826 Atque
427 753 493 826 ipse
514 769 675 827 poenarum
697 755 811 830 ultima,
835 773 925 832 mors,
948 755 1122 816 Christianis
1141 755 1227 816 ludus
1250 762 1304 815 est

173 858 218 916 Et
239 857 313 917 alius
336 858 372 918 de
395 859 549 932 grandiore
573 859 695 919 victoria
717 877 803 934 quam
825 878 900 935 quae
920 877 1045 936 unquam
1069 859 1195 936 glorioso
1216 877 1271 934 per
1284 858 1393 920 veteris

174 962 290 1022 Romae
314 964 375 1022 vias
395 963 634 1038 triumphantium
655 963 771 1024 incessu
794 965 943 1024 celebrata
967 971 1028 1025 est:

309 1067 423 1143 Pange,
445 1068 558 1143 lingua,
581 1068 699 1144 gloriosi
721 1069 863 1143 proelium
886 1068 1055 1130 certaminis

253 1247 260 1253 .
308 1172 349 1231 Et
368 1189 456 1248 snper
479 1173 572 1232 crucis
594 1179 715 1248 tropaeo
737 1174 784 1233 dic
806 1173 982 1250 triumphum
1005 1173 1141 1233 nobilem.

173 1276 262 1335 Hune
284 1275 471 1336 fortissimum
500 1278 633 1338 coelestis
656 1277 778 1339 umidae
801 1279 929 1338 animum
951 1295 1009 1338 non
1031 1277 1154 1338 dicimus
1175 1276 1255 1336 inter
1276 1280 1392 1336 veteres

174 1379 359 1440 Christianos
381 1381 558 1455 peculiarem
580 1381 717 1442 Romanis
738 1381 828 1442 fuisse
849 1381 957 1464 (neque
978 1383 1055 1442 enim
1070 1383 1265 1442 Romanorum
1280 1384 1392 1439 tantmn

172 1483 267 1543 verba
296 1501 382 1558 supra
409 1479 592 1567 adduximus)
622 1487 674 1546 sed
702 1487 738 1546 ab
773 1486 811 1546 iis
842 1487 958 1561 saepius
986 1487 1018 1546 in
1047 1484 1277 1561 praeclarissimo
1307 1489 1393 1556 atque

172 1587 420 1661 periculosissimo
450 1589 515 1649 loeo
540 1590 667 1665 gloriose
695 1589 856 1650 exhibitum
885 1607 959 1651 esse.
1004 1591 1087 1664 Quod
1112 1589 1200 1650 etiam
1219 1587 1393 1648 Franciscum

173 1691 375 1752 Guiociardini
407 1693 439 1752 in
480 1695 662 1769 compendio,
707 1695 783 1769 quod
816 1695 953 1771 dmimus,
994 1695 1133 1755 historiae
1173 1700 1296 1768 papatus
1334 1707 1394 1752 non

171 1796 289 1857 omittit
333 1797 400 1858 Non
428 1805 546 1873 propter
575 1816 642 1858 enm
672 1799 800 1859 animum
822 1800 913 1860 Roma
941 1799 1110 1875 principalis
1142 1797 1286 1858 ecclesiae
1306 1795 1392 1856 sedes

171 1899 255 1960 facta
276 1907 334 1976 est,
357 1901 409 1962 aed
431 1903 494 1962 sine
516 1919 551 1962 eo
573 1902 621 1962 vix
643 1921 769 1978 unquam
790 1903 890 1964 futura
916 1909 989 1963 erat
1035 1904 1117 1977 Quod
1138 1902 1261 1963 nonita
1282 1901 1390 1960 dictum

171 2021 253 2079 esee,
276 2005 358 2080 qnasi
378 2006 571 2080 antiquiorem
585 2007 743 2067 Romanam
764 2007 917 2068 ecclesiam
938 2007 1065 2066 omnium
1083 2007 1218 2066 vitiorum
1240 2011 1391 2080 expertem

171 2109 264 2168 luisse
293 2115 439 2185 putemne,
473 2111 520 2170 vix
552 2127 719 2171 moneamus
750 2128 871 2172 necesse
913 2112 978 2171 erit
1027 2113 1136 2172 Verum
1168 2109 1289 2170 eximias
1324 2109 1391 2169 illas

170 2213 297 2274 virtutes
319 2215 396 2274 haud
414 2213 522 2274 frustra
540 2215 601 2275 illic
625 2216 842 2292 exsplenduisse
864 2217 1073 2291 praedicamus.

261 2318 421 2379 Praeterea
442 2319 473 2378 id
492 2337 605 2395 quoque
628 2329 687 2380 n'on
709 2327 821 2381 temere
840 2319 965 2395 iactum,
988 2321 1063 2396 quod
1085 2321 1154 2380 inde
1177 2337 1196 2379 a
1216 2317 1274 2378 line
1297 2317 1389 2378 seculi

169 2424 273 2498 primi,
297 2423 347 2483 ubi
367 2423 403 2483 de
427 2423 584 2484 christiana
603 2423 736 2485 doctrina
756 2427 911 2501 agebatur,
942 2427 1089 2486 Romanae
1105 2423 1248 2484 ecelesiae
1272 2439 1291 2482 a
1313 2438 1390 2482 sum·

169 2529 228 2588 mis
249 2528 472 2588 occidentalium
494 2529 577 2605 uiris,
607 2529 701 2604 iisque
722 2546 741 2588 a
763 2531 862 2590 servili
883 2533 1080 2590 assentatione
1104 2527 1299 2602 alienissimis,
1330 2525 1389 2585 sin·

169 2631 281 2707 gulosis
298 2631 442 2706 quaedam
462 2635 620 2693 auctoritas
641 2633 782 2694 attributa
802 2641 854 2694 eet.
900 2635 980 2708 Quae
995 2640 1098 2710 postea
1113 2635 1190 2692 inter
1205 2629 1388 2708 mavimimas

170 2737 269 2810 quarti
296 2743 327 2796 et
349 2737 441 2810 quinti
461 2737 552 2796 seculi
574 2737 800 2812 disceptationes
823 2741 912 2798 etiem
935 2739 1012 2814 apud
1034 2737 1161 2798 Gmeeos
1182 2752 1235 2810 pro
1257 2741 1388 2808 tempore

169 2840 269 2899 valuit.
303 2840 407 2914 Neque
429 2847 529 2900 tamen
543 2841 618 2901 hanc
633 2844 837 2903 auctoritatem
852 2837 896 2924 (id
911 2843 987 2917 quod
1001 2843 1048 2901 hic
1063 2843 1251 2915 interponere
1266 2853 1388 2900 necesse

168 2941 320 3027 putamus)
350 2961 386 3004 ex
410 2945 546 3006 Vaticani
575 2946 717 3021 dogmatis
744 2963 832 3006 senso
854 2947 1042 3020 interpretari
1069 2947 1147 3004 licet.
1193 2944 1285 3002 Nemo
1309 2943 1388 3000 inter

169 3041 290 3122 mmnos
311 3049 390 3108 illius
411 3051 518 3110 aetatis
540 3051 616 3110 viros
636 3052 804 3126 episcopum
824 3051 996 3125 Romanum,
1017 3049 1066 3108 ubi
1082 3048 1119 3106 de
1137 3045 1276 3106 cathedre
1290 3045 1388 3116 loque-

168 3159 265 3228 retur,
293 3151 357 3212 falli
385 3155 514 3213 nescium
540 3153 603 3214 lore
633 3156 805 3229 somniavit3
834 3169 933 3213 omnes
964 3151 1104 3227 eiusmodi
1130 3149 1290 3210 inauditam
1316 3151 1387 3206 tunc

169 3258 350 3333 opinionem,
376 3257 401 3317 si
423 3273 542 3332 nequem
566 3259 743 3334 emicuisset,
772 3276 831 3319 non
857 3259 951 3316 minus
980 3257 1179 3331 blasphemam
1207 3267 1294 3327 qnam
1316 3250 1387 3310 stul·

169 3367 230 3421 tam
260 3361 388 3420 unanimi
421 3361 609 3435 judicassent.
665 3363 750 3422 Nunc
786 3379 899 3436 quoque
930 3363 1094 3437 quicunque
1124 3359 1250 3434 aliquam
1280 3357 1387 3433 prioris

169 3467 236 3526 aevi
267 3465 417 3526 christiani
445 3467 618 3540 scriptorum
646 3468 778 3527 notitiem
801 3484 867 3526 cnm
888 3467 1025 3541 religioso
1048 3465 1180 3526 veritatis
1203 3461 1298 3524 studio
1320 3477 1388 3521 con-

163 3573 298 3645 junctam
318 3569 435 3645 hebent,
456 3570 617 3630 concedent
633 3571 708 3645 quod
723 3572 814 3632 Janus
830 3571 915 3656 dicit,
937 3573 1015 3630 inter
1029 3575 1146 3628 veteres
1160 3568 1278 3641 Patres,
1300 3581 1387 3625 evan-

168 3675 311 3749 geliorum
339 3675 527 3751 interpretes,
554 3692 592 3735 ne
622 3693 709 3736 unum
737 3675 852 3750 quidem
881 3691 960 3750 esse,
990 3675 1038 3748 qui
1061 3677 1092 3732 in
1114 3673 1173 3731 illis
1194 3672 1280 3744 locis,
1310 3683 1386 3742 quae

169 3795 247 3837 nune
268 3777 306 3838 ed
328 3779 474 3852 Peparum
496 3779 649 3853 imperinm
672 3785 702 3838 et
724 3779 961 3840 infallibilitatem
983 3777 1151 3850 trahemur,
1180 3770 1320 3849 eiusmodi
1340 3771 1388 3828 vel

168 3881 345 3942 leuissimum
358 3883 512 3957 vestigium
526 3884 681 3942 invenerit.
718 3882 933 3958 ,Evolvantur,‘
956 3881 1050 3954 inquit
1071 3881 1132 3953 ille,
1155 3892 1289 3954 ,qnorum
1311 3889 1388 3932 com·

168 3987 305 4045 menterii
339 3987 376 4045 ed
408 3987 474 4046 loca
507 3987 560 4046 illa
592 3993 761 4062 supersunt,
795 3975 949 4060 Origenes,
983 3983 1215 4056 chrysostomus,
1247 3977 1387 4052 Hilarius,

169 4091 365 4165 Augustinus,
406 4089 550 4166 cyrillus,
586 4091 800 4165 Theodoretns,
834 4091 907 4148 nihil
940 4089 1039 4148 dicunt
1072 4085 1108 4145 de
1143 4083 1293 4158 papistieis
1323 4081 1387 4141 istis

168 4192 349 4266 dogmatis.‘¹
407 4194 506 4254 Etiam
535 4195 571 4270 ii,
605 4196 654 4268 qni
683 4195 769 4270 primi
798 4193 976 4268 singularem
1007 4190 1152 4265 quandam
1182 4187 1387 4248 auctoritatem

166 4297 319 4358 Romanae
349 4299 493 4358 eeclesiae
523 4303 684 4374 testentur,
712 4298 869 4372 Irenaeua,
898 4295 1110 4369 Tertullianus,
1141 4291 1319 4368 Cyprianus,
1349 4287 1387 4348 ad

260 4516 285 4583 1)
304 4516 343 4572 (li.
360 4518 442 4570 danus
460 4533 487 4584 p.
501 4521 533 4569 tl
547 4533 580 4573 ss.
