3194 5042
210 318 260 372 166
351 395 353 398 Ι
751 315 839 369 Carnr
857 313 891 366 V.

208 519 368 578 christiana
401 517 543 594 religione
574 521 723 578 aeternam
755 517 903 595 quandam
934 516 1089 577 vamtatem
1119 518 1267 591 tenentes,
1299 534 1392 594 quam
1426 534 1447 575 a

208 626 347 703 scepticis
375 625 438 684 illis
465 625 595 702 ignorari
618 643 653 684 ac
675 625 788 702 despici
811 624 926 700 vident,
954 641 989 684 eo
1011 623 1126 683 firmius
1150 623 1256 684 (lunae
1278 623 1446 683 adhaerent

208 734 333 811 ejusque
365 750 478 794 errores
510 737 540 792 et
571 733 682 792 abusus
713 731 911 792 necessariam
940 731 1118 791 christianae
1144 730 1297 806 religionis
1324 736 1443 808 partem

208 859 274 900 esse
302 840 359 900 sibi
387 840 572 918 persuadent.
618 839 723 917 Itaque
750 839 796 914 fit,
824 845 858 898 ut
886 844 990 916 gentes
1011 837 1196 914 Neolatinae,
1224 838 1255 897 id
1278 838 1355 916 quod
1375 838 1442 914 jam

207 948 350 1008 Erasmus
378 947 415 1007 de
442 946 480 1007 iis
508 946 701 1024 praedicavit,
729 947 807 1006 inter
834 921 1060 1024 superstitiones
1082 951 1112 1006 et
1134 945 1371 1006 incredulitatem
1393 945 1441 1004 in-

208 1056 281 1116 certi
303 1055 450 1115 haereant.

314 1161 382 1222 Non
408 1163 517 1222 desunt
545 1165 657 1238 nmen,
685 1162 736 1240 qui
759 1161 878 1239 utrique
900 1163 1001 1222 morbo
1024 1179 1177 1222 cucumere
1199 1161 1350 1236 studeant,
1378 1179 1439 1220 non

209 1270 309 1330 minus
332 1269 364 1328 in
388 1269 498 1344 Gallia,
526 1269 686 1346 Hispania,
708 1269 877 1345 Lusitania,
901 1287 989 1347 quam
1013 1268 1161 1328 initalia
1206 1267 1304 1328 Etiam
1326 1268 1358 1327 in
1382 1268 1439 1328 Co-

208 1377 359 1437 mitiorum
387 1394 530 1437 consessu
557 1376 622 1452 illo,
655 1377 692 1436 de
721 1395 779 1455 quo
806 1377 951 1452 diximus,
984 1375 1133 1436 Tommasi
1160 1375 1281 1436 Grudeli
1309 1376 1439 1438 surrexit

208 1485 286 1544 inter
314 1483 476 1544 Romanam
506 1483 625 1544 Curiam
657 1489 687 1544 et
714 1483 888 1544 catholicam
915 1484 1071 1544 ecelesiam
1097 1483 1284 1560 distinguens
1311 1487 1342 1543 st
1367 1484 1438 1544 huic

209 1591 365 1651 veritatem
392 1609 426 1651 ac
452 1591 632 1678 libertatem,
666 1591 774 1670 quibus
802 1595 915 1668 egeret,
946 1591 1031 1651 reddi
1058 1590 1221 1668 postulans.
1270 1591 1343 1651 Post
1369 1609 1436 1650 eum

209 1698 329 1774 Villari,
353 1698 547 1759 Savanarolae
569 1698 648 1759 vitae
666 1699 804 1776 scriptor,
828 1703 974 1777 quantum
990 1698 1128 1759 utilitatis
1147 1698 1319 1760 sacerdotali
1336 1703 1437 1774 tprnn·

209 1805 273 1864 nidi
300 1805 522 1866 rationalismus
550 1809 580 1866 et
603 1806 809 1884 scepticismus
832 1805 1006 1884 praeberent
1027 1806 1145 1884 egregie
1166 1806 1305 1884 exposuit
1326 1811 1356 1866 et
1377 1805 1438 1866 nisi

210 1911 328 1991 pietatis
364 1912 556 1988 desiderium,
592 1913 625 1973 in
657 1913 772 1974 civibus
804 1913 954 1988 exoriens,
991 1913 1106 1974 saniore
1142 1913 1228 1974 modo
1259 1913 1437 1992 expleretur,

210 2021 376 2081 timendum
403 2039 469 2081 esse
496 2021 722 2097 demonstravit,
749 2039 789 2081 ne
816 2021 933 2099 quando
959 2021 1037 2081 inter
1059 2021 1129 2080 illos
1151 2025 1269 2099 praeter
1291 2019 1437 2081 Voltaria·

209 2146 316 2188 nomm
338 2133 368 2189 et
390 2128 571 2189 clericalium
592 2129 728 2206 dogmata
745 2127 823 2188 nihil
840 2128 922 2188 aliud
940 2128 1066 2188 daretur.
1109 2127 1165 2188 Cui
1183 2127 1299 2205 Bonghi
1318 2128 1438 2206 quidem

210 2235 332 2311 ironice,
360 2236 460 2297 neseio
483 2255 542 2315 quo
562 2237 629 2314 jure
651 2236 846 2313 respondens,
873 2235 910 2296 Iu
934 2253 1105 2314 quemnam,
1132 2236 1242 2314 inquit,
1265 2236 1358 2296 credit
1379 2236 1438 2296 Do-

210 2343 310 2403 minus
332 2343 456 2404 Veseri?
500 2344 540 2404 Et
566 2343 644 2403 alius
672 2343 855 2420 exclamans,
881 2343 958 2418 Nos,
985 2343 1040 2419 ait,
1062 2342 1244 2403 humanismi
1266 2361 1326 2403 non
1347 2344 1437 2404 reior-

210 2450 349 2510 mationis
376 2451 432 2509 filii
458 2469 575 2527 sumus,
603 2455 782 2530 quapropter
803 2451 914 2511 frustra
935 2450 974 2510 ad
995 2451 1248 2528 regenerationem
1269 2450 1438 2528 religiosam

211 2557 352 2618 vocabitis
375 2557 519 2634 populum
542 2563 684 2618 nostrum.
727 2558 847 2619 Scilicet
865 2557 911 2617 illi
929 2557 1112 2618 admirantur
1131 2557 1337 2618 Ciceronianos
1354 2559 1437 2634 istos,

211 2682 285 2742 quos
307 2665 483 2740 perstrinxit
500 2663 656 2740 ErasmuS,
678 2665 786 2724 talium
808 2665 939 2725 virorum
961 2665 1045 2727 obliti
1068 2665 1172 2744 quales
1192 2671 1276 2726 erant
1293 2666 1383 2727 Picus
1401 2666 1439 2727 de

211 2770 387 2846 Mirandola,
406 2771 534 2832 Michael
552 2771 687 2849 Angelus
705 2772 891 2848 Buonarotti,
910 2773 1024 2834 Aonius
1041 2773 1201 2834 Palearius.
1236 2772 1439 2834 Nihilominus

212 2877 330 2956 saepius
352 2878 440 2939 hodie
463 2883 493 2939 et
514 2877 623 2954 aerius,
647 2897 737 2957 quam
759 2879 829 2940 inde
846 2899 864 2940 a
881 2881 1097 2942 reformationis
1117 2880 1229 2956 seculo,
1252 2881 1330 2942 inter
1347 2881 1439 2942 Italos

211 2987 248 3046 de
280 2985 423 3064 religione
455 2987 600 3064 cogitatur
631 2991 662 3047 et
693 2986 898 3065 deceptam}
946 2988 986 3048 nt
1013 2989 1052 3048 ad
1077 2989 1327 3065 regenerationem
1355 2989 1438 3050 illam

212 3095 292 3154 hunc
314 3095 459 3173 populum
482 3099 526 3154 tot
547 3095 776 3172 praeclarissimi
799 3095 856 3154 viri
878 3101 997 3171 vocant,
1024 3100 1071 3172 ut,
1097 3097 1157 3156 nisi
1180 3097 1335 3174 seipsum
1357 3115 1439 3174 pror·

213 3221 264 3263 sus
292 3203 467 3263 dedecorare
493 3207 524 3263 et
550 3207 702 3264 attenuare
729 3203 814 3280 velit,
842 3209 985 3281 perpetuo
1012 3203 1082 3264 illos
1110 3203 1228 3264 silentio
1251 3203 1439 3264 dissimulare

212 3329 272 3370 non
303 3311 407 3388 possit.
457 3310 505 3370 Ex
537 3329 662 3388 quorum
693 3329 816 3372 numero
844 3329 938 3370 unum
965 3311 1034 3370 miri
1060 3330 1096 3372 ac
1122 3311 1298 3389 multiplicis
1325 3312 1438 3389 ingenii

212 3417 321 3492 virum,
349 3418 427 3477 inter
448 3417 570 3478 Italicae
596 3417 742 3478 libertatis
764 3419 897 3480 vindices
920 3419 1081 3496 insignem,
1109 3419 1146 3479 ab
1168 3419 1306 3480 universo
1328 3421 1439 3497 populo

213 3543 266 3585 suo
295 3524 362 3602 jure
393 3524 585 3600 celebratum,
617 3523 782 3586 Maximum
813 3525 851 3586 do
877 3526 1013 3604 Azeglio,
1045 3545 1206 3586 memorare
1237 3526 1288 3587 hic
1318 3527 1437 3588 sufficit

213 3629 271 3706 Qui
294 3631 458 3692 sacerdotes
476 3631 636 3708 Romanos,
660 3651 750 3711 quam
771 3651 877 3711 parum
899 3633 974 3711 ipsis
997 3633 1067 3694 fidei
1084 3634 1209 3710 inesset,
1232 3635 1322 3694 rebus
1344 3635 1438 3712 gestis

213 3757 329 3818 semper
355 3740 495 3818 probasse
522 3739 576 3818 ait;
605 3739 732 3800 Voltarii
759 3740 819 3801 levi
846 3740 946 3819 potius
968 3741 1150 3802 dubitatione
1172 3746 1203 3802 et
1224 3742 1328 3803 acerba
1349 3742 1439 3803 caril-

212 3847 320 3908 latione
352 3847 511 3908 delectatos
543 3865 593 3909 eos
625 3865 699 3908 esse.
754 3847 838 3909 'lunc
869 3867 1009 3926 pergens,
1046 3849 1170 3925 ,Romae
1200 3853 1351 3927 aspectus,
1388 3851 1438 3926 ait,

212 3955 386 4032 religionem
408 3954 485 4016 inter
507 3955 598 4016 Italos
621 3955 775 4016 exstinxit.
818 3955 881 4016 Nos
903 3974 972 4016 vero
995 3961 1025 4016 et
1047 3956 1283 4034 praeclarissimo
1305 3962 1438 4018 veterum

212 4062 424 4138 Romanorum,
456 4063 619 4123 recentium
646 4063 889 4140 Anglosaxonum
916 4063 1053 4142 exemplo
1085 4068 1115 4124 et
1142 4065 1313 4124 tristissima
1339 4069 1439 4126 nostra

213 4170 345 4246 ipsorum
368 4170 551 4248 experientia
573 4171 724 4247 docemur,
750 4171 816 4230 sine
837 4170 980 4249 religione
1002 4191 1037 4232 ac
1058 4172 1117 4233 fide
1138 4171 1256 4231 nullum
1278 4189 1366 4250 posse
1388 4191 1438 4250 po

213 4276 319 4355 pulum
346 4276 395 4337 vel
421 4277 526 4338 fortem
554 4295 620 4339 esse
647 4278 697 4339 vel
723 4279 798 4339 bene
825 4279 989 4356 gubernari.
1035 4279 1121 4340 Unde
1148 4279 1275 4340 efficitur
1301 4283 1336 4339 ut
1362 4279 1438 4355 Itali,

213 4385 307 4446 donec
328 4384 447 4444 firmum
469 4385 622 4464 religionis
645 4387 873 4448 fundamentum
894 4387 974 4448 nacti
996 4387 1120 4464 fuerint,
1144 4387 1228 4448 fortis
1247 4387 1327 4448 natio
1345 4387 1439 4448 rotun

320 4613 348 4682 1)
367 4611 406 4667 of.
425 4611 510 4666 wite
528 4611 555 4666 n
574 4611 678 4682 ,ram
696 4613 713 4667 1.
730 4630 752 4668 ο.
