3202 5058
717 299 809 350 Garun
827 299 861 348 11.
1362 302 1396 355 63

269 509 382 568 Tantae
412 509 502 583 igitur
526 511 675 569 hominum
704 513 904 584 perversitatis
939 513 1067 586 episcopi
1095 513 1138 570 illi
1168 512 1350 587 Germanici,
1380 532 1399 574 a

181 614 302 673 meliore
330 613 426 672 indole
454 628 506 672 sua
532 615 744 686 desciscentes,
774 615 903 675 fautores
935 623 965 674 et
986 617 1102 690 patroni
1128 615 1199 674 facti
1221 623 1297 678 sunt.
1343 619 1397 690 Qui

180 719 206 775 si
227 718 323 776 subito
347 723 379 776 et
400 733 433 775 se
451 719 528 791 ipsos
552 724 583 776 et
605 725 723 793 cuncta,
746 736 820 792 qnae
843 721 970 793 ipsorum
993 737 1047 794 ope
1070 727 1283 795 perpetrantur,
1306 724 1396 796 probe

179 823 398 896 perspicerent,
420 821 498 880 haud
520 823 583 882 sine
606 823 695 881 animi
718 821 900 898 confusione,
922 829 956 882 nt
977 825 1088 898 opinor,
1119 823 1222 884 eadem
1244 825 1307 884 fere
1330 843 1398 886 con-

179 923 346 1000 fiterentur,
372 943 447 999 quac
470 926 546 1000 apud
567 927 698 986 desaiam
721 927 888 986 secerdotes
910 934 940 986 11
967 928 1034 987 falsi
1055 929 1216 1002 prophetae
1239 931 1398 990 insolenter

180 1028 328 1089 effutiunt:
359 1029 525 1104 ‚Posuimus
553 1029 736 1090 mendacium
764 1047 846 1104 spem
877 1037 1003 1091 nostram
1033 1037 1064 1108 11
1092 1031 1243 1092 mendacio
1271 1037 1397 1106 protecti

180 1133 299 1192 111111.ι
364 1133 456 1204 Quam
486 1152 580 1210 ,spem
609 1142 641 1194 11
676 1135 900 1208 protectionem‘
935 1153 1001 1196 mox
1034 1138 1220 1196 transituram
1254 1139 1397 1212 propbeta

180 1238 333 1310 praedicit.
378 1237 427 1297 Sic
447 1239 473 1298 11
494 1255 571 1298 nova
592 1256 706 1313 quoque
721 1239 900 1298 Jcsuitarum
922 1241 953 1298 in
967 1240 1098 1300 Romana
1120 1243 1246 1301 ecclesia
1268 1245 1397 1316 tyrannis

180 1343 347 1417 transierit,
369 1343 391 1401 ii
414 1343 464 1416 qui
487 1345 549 1417 ejus
569 1345 670 1418 jngum
692 1344 842 1403 subierunt
873 1345 951 1404 idem
974 1343 1036 1404 fere
1058 1347 1201 1420 sentient,
1223 1347 1299 1420 quod
1313 1347 1397 1406 Taci-

180 1453 228 1504 tus
256 1448 293 1506 de
317 1447 450 1507 Romane
476 1449 521 1507 sui
548 1451 614 1508 aevi
643 1449 797 1523 tyrannide
827 1451 981 1509 1111111111
1004 1451 1120 1509 nomine
1142 1451 1229 1510 dixit:
1266 1453 1344 1527 ,Non
1366 1455 1397 1512 11

182 1551 261 1624 ipsos
278 1551 363 1610 modo
385 1554 554 1627 scriptores,
573 1553 626 1611 sed
646 1555 677 1612 iu
700 1553 788 1612 libros
811 1570 924 1628 quoque
948 1571 1048 1614 eorum
1067 1555 1224 1630 saevitum,
1245 1561 1397 1616 1111111-

181 1663 281 1714 menta
302 1657 527 1716 clarissimorum
548 1658 730 1731 ingeniorum
751 1658 782 1715 in
801 1659 921 1716 comitio
942 1675 977 1718 11
991 1658 1054 1718 1111
1072 1665 1234 1718 urerentur.
1279 1659 1398 1722 Scilicet

180 1759 233 1817 illo
262 1761 330 1833 igne
360 1777 461 1820 vocem
484 1767 514 1820 et
535 1760 701 1822 libertatem
729 1768 760 1821 11
782 1763 989 1822 conscientiam
1011 1765 1127 1837 generis
1146 1765 1264 1822 humani
1286 1766 1397 1825 aboleri

180 1863 408 1938 arbitrabantur,
438 1866 566 1938 expulsis
598 1866 718 1939 insuper
754 1867 916 1939 sapientiae
954 1865 1163 1941 professoribus
1197 1873 1284 1942 atquc
1319 1872 1396 1929 omui

180 1968 259 2028 bona
292 1975 356 2028 arte
389 1971 420 2027 iu
458 1971 575 2028 exilium
610 1977 688 2045 acta,
723 1987 762 2030 ue
792 1971 861 2044 quid
897 1933 1017 2045 1111111
1041 1973 1193 2032 honestum
1221 1981 1397 2033 occurreret.

180 2071 322 2132 Dedimus
344 2073 475 2146 profecto
497 2075 608 2148 grande
631 2076 792 2149 patientiae
812 2075 1028 2134 documentum:
1051 2083 1090 2146 11,
1113 2079 1188 2134 11111
1210 2083 1292 2135 vetus
1314 2085 1397 2138 aetas

181 2177 256 2236 vidit
277 2178 346 2252 quid
369 2180 501 2238 ultimum
516 2181 548 2238 in
570 2179 707 2239 libertate
723 2184 814 2253 esset,
836 2180 879 2237 ita
894 2196 946 2238 nos
961 2178 1029 2253 quid
1043 2180 1074 2238 11
1089 2181 1237 2254 servitute,
1260 2181 1397 2256 adempto

181 2300 237 2356 per
258 2283 475 2356 inquisitionem
497 2289 528 2342 11
550 2284 685 2358 loquendi
706 2283 900 2357 audiendique
915 2287 1096 2344 commercio.
1140 2285 1312 2345 Memoriam
1327 2304 1397 2360 quo-

182 2403 239 2460 que
264 2388 356 2460 ipsam
383 2405 447 2447 cum
474 2405 544 2447 voce
569 2389 808 2462 perdidissemus,
835 2389 860 2446 si
886 2395 946 2448 tam
974 2390 1007 2446 in
1033 2395 1133 2448 nostra
1153 2395 1298 2463 potestate
1318 2398 1397 2452 esset

182 2491 314 2550 oblivisci
335 2509 420 2566 quam
443 2492 563 2552 111111.ί

270 2597 353 2655 llaec
373 2597 522 2656 hactenus.
568 2597 645 2656 Satis
668 2599 783 2672 copiose
806 2598 838 2656 id
860 2598 1071 2658 demonstrasse
1094 2599 1165 2656 mihi
1186 2600 1299 2675 videor,
1321 2601 1397 2675 quod

181 2701 279 2773 priore
308 2702 405 2774 capite
432 2702 562 2761 breviter
582 2702 793 2777 indicaveram,
822 2719 880 2762 non
900 2701 1022 2762 fortuito
1043 2703 1151 2762 factum
1174 2721 1253 2780 esse,
1276 2711 1308 2764 ut
1330 2723 1397 2780 pro·

182 2805 314 2864 clamatis
336 2805 470 2864 Vaticani
496 2807 612 2864 concilii
640 2807 767 2866 decretis
789 2824 888 2866 omnes
910 2806 973 2866 fere
996 2807 1130 2867 civitates
1150 2809 1326 2868 christianae
1347 2811 1397 2869 ad·

181 2925 283 2968 versus
311 2911 421 2969 curiam
446 2917 607 2984 surgerent.
651 2911 735 2970 Hauc
757 2913 864 2986 ipsam,
895 2928 983 2984 quum
1005 2917 1103 2985 spreto
1121 2914 1396 2986 sapientissimorum

183 3015 385 3088 episcoporum
412 3015 531 3074 consilio
557 3021 668 3076 temere
695 3016 726 3074 in
756 3016 883 3075 ecclesia
911 3021 1039 3074 mutaret
1070 3021 1101 3074 et
1134 3018 1270 3076 misceret
1291 3021 1396 3094 omnia,

181 3124 226 3176 tot
258 3124 460 3193 tantarumque
498 3125 717 3195 tempestatum,
751 3119 853 3192 quibas
887 3118 965 3177 orbis
994 3125 1137 3178 terrarum
1166 3122 1309 3180 excitatus
1342 3129 1397 3198 est,

181 3238 299 3280 causam
313 3223 402 3284 foisse
420 3229 541 3283 constat.
576 3223 664 3297 Cujus
682 3224 850 3282 mutationis
871 3223 1041 3280 immensam
1062 3224 1235 3294 gravitatem
1249 3242 1285 3282 111
1299 3241 1397 3284 rernm

181 3326 362 3399 publicarum
385 3328 559 3404 rectoribus,
589 3329 614 3386 si
633 3328 793 3402 principem
816 3327 853 3385 de
875 3325 1046 3386 llobenlohe
1065 3327 1204 3402 excipias,
1227 3345 1311 3388 nemo
1333 3329 1396 3390 fere

181 3431 268 3490 initio
289 3437 380 3492 totam
402 3433 613 3508 perspiciebat,
635 3450 714 3506 mox,
736 3437 845 3506 quanta
867 3437 960 3506 esset,
983 3431 1115 3490 omnibus
1137 3433 1230 3506 magia
1248 3434 1396 3509 magisque

181 3536 366 3596 sentiendum
390 3543 462 3597 erat.
508 3538 624 3612 Fugere
647 3554 697 3596 eos
716 3553 776 3595 nou
797 3537 910 3611 potuit,
933 3543 1069 3610 quantum
1093 3537 1216 3610 periculi
1236 3544 1331 3612 esset,
1359 3555 1396 3596 no

183 3642 283 3700 111111
315 3641 446 3701 asseclae
466 3659 520 3716 pro
541 3657 647 3716 magna
668 3643 714 3715 vi,
745 3657 832 3715 quam
858 3641 1017 3700 inscholis
1039 3642 1121 3700 1111
1144 3659 1214 3700 cura
1237 3643 1396 3702 animorum

182 3746 319 3804 civitates
340 3747 376 3804 iis
398 3751 621 3816 concesserant,
644 3746 773 3805 rationes
792 3745 949 3805 lesuiticas
971 3747 1002 3804 iu
1024 3745 1166 3804 Vaticano
1189 3747 1323 3805 victrices
1343 3763 1398 3818 per

183 3851 351 3908 uuiversum
382 3851 518 3924 populum
546 3855 750 3925 propagarent.
795 3850 862 3909 lam
894 3855 1013 3924 propter
1043 3850 1142 3924 populi
1170 3849 1294 3908 salutem
1322 3849 1397 3907 cbri-

182 3955 281 4013 stiaua
303 3955 345 4014 de
373 3953 500 4014 moribus
528 3954 661 4014 doctrina
682 3954 822 4013 adversus
843 3954 1027 4028 lesuiticam,
1060 3969 1132 4011 sana
1157 3969 1239 4011 mens
1261 3951 1398 4010 adversus

182 4059 311 4118 insanias
333 4059 515 4135 Lurdenses,
537 4060 777 4134 Marpiugenses,
805 4060 878 4118 alias
898 4057 1083 4118 defendenda
1106 4061 1177 4115 erat
1222 4054 1397 4130 Cavendum,

106 4221 112 4228 .
182 4181 222 4224 ne
252 4163 358 4224 Petrus
377 4164 507 4239 Arbues,
537 4165 568 4223 in
595 4164 720 4224 ecclesia
750 4165 935 4222 canonizatus
965 4167 996 4222 et
1020 4161 1172 4234 adoratus,
1202 4177 1257 4235 per
1277 4159 1398 4221 fanatici

182 4268 262 4342 vulgi
295 4267 433 4342 suffragia
466 4275 497 4328 et
534 4285 636 4327 manus
671 4269 761 4328 etiam
785 4285 883 4326 rerum
918 4267 1097 4339 publicarum
1126 4265 1287 4340 potiretur,
1323 4283 1397 4324 neve

182 4373 327 4447 episcopi,
356 4373 418 4448 qui,
450 4379 602 4446 postquam
635 4373 728 4432 Roma
760 4375 857 4430 locuta
890 4376 951 4442 est,
984 4385 1083 4429 omues
1115 4369 1179 4429 fere
1210 4387 1269 4429 non
1303 4371 1398 4428 minus

182 4485 321 4550 tyrannos
340 4494 426 4550 qnam
449 4479 570 4536 serviles
593 4494 625 4535 se
647 4478 804 4551 gerebant,
834 4473 999 4534 libertatem
1022 4474 1135 4532 civilem
1158 4490 1177 4532 a
1198 4473 1290 4532 Roma
1311 4475 1399 4532 toties

153 4574 402 4644 'condemnatam
440 4583 581 4658 paulatim
615 4583 798 4642 subruerent.
858 4581 992 4656 Denique
1031 4581 1181 4654 apparuit,
1214 4579 1301 4638 variis
1334 4579 1415 4670 istis¹
