3134 5054
656 329 750 380 cnm
767 328 839 382 xlv.
1294 325 1347 380 313

103 544 278 619 possiden
307 548 339 604 in
367 543 576 620 conjungendis
606 549 637 602 et
663 541 861 602 consociandis
886 541 938 616 iis,
968 557 1043 614 qnae
1066 545 1147 598 recte
1165 538 1202 598 ab
1225 545 1346 613 utroque

104 645 210 706 dicta
234 655 317 724 snut,
340 655 442 722 postea
465 647 555 708 multa
577 647 731 722 praeclara
752 646 872 719 ingenia
893 661 982 719 usque
1005 645 1043 704 sd
1065 651 1177 704 nostros
1198 644 1261 702 dics
1283 645 1347 703 nisa

105 767 192 810 esee
221 751 357 812 videmus.
404 752 485 812 Illam
507 767 577 811 vero
597 751 687 824 ipsius
710 751 755 808 rei
774 747 973 808 difficultatem
988 749 1146 808 Lutherum
1164 749 1258 806 minim
1279 763 1347 822 per·

105 856 261 928 epexisse
295 861 407 914 constat
439 872 524 929 quam
547 855 716 928 Erasmum,
749 854 858 928 quippe
887 854 1057 926 quistatim
1078 853 1162 911 initio
1186 852 1280 912 libelli
1302 853 1347 912 sui

105 965 246 1034 monet,
276 959 381 1034 ‚multa
402 959 513 1019 servari
536 959 564 1018 ci
585 958 723 1032 tempori,
756 975 812 1031 quo
828 959 889 1032 jam
912 947 1079 1016 convient
1100 957 1187 1016 simus
1209 971 1264 1030 per
1282 973 1348 1030 spe-

106 1063 226 1121 culum
261 1068 292 1123 et
322 1063 352 1121 in
383 1064 563 1138 aenigmate,
598 1061 650 1122 sed
678 1061 810 1121 revelata
837 1059 914 1120 facie
937 1061 1054 1122 Domini
1076 1061 1196 1136 gloriam
1219 1065 1347 1120 coutem-

106 1167 256 1240 placari}

216 1273 289 1332 lude
318 1271 424 1332 factum
458 1277 519 1346 est,
549 1277 582 1330 ut
603 1272 742 1332 Erasmus
771 1273 869 1346 priore
892 1271 991 1330 libello
1014 1287 1065 1330 suo
1094 1271 1165 1330 satis
1188 1271 1348 1330 clementer

108 1376 156 1436 de
197 1375 364 1436 adversane
397 1393 450 1436 suo
480 1377 642 1452 judicaret;
681 1378 727 1435 vix
754 1393 811 1436 nno
842 1377 972 1434 alterove
995 1376 1058 1434 loco
1077 1376 1164 1450 paulo
1187 1373 1347 1434 acrioribus

107 1481 225 1540 verbis
254 1483 352 1540 utitm.
397 1481 493 1554 Atque
522 1481 661 1556 deinceps
689 1481 806 1554 quidem
833 1481 1039 1540 commentatio
1072 1481 1134 1553 ejus
1154 1479 1243 1538 etiam
1265 1478 1346 1538 Vite·

109 1583 239 1658 bergae
268 1587 369 1658 aequis
391 1585 497 1645 animis
519 1591 640 1658 accepts
663 1591 716 1644 eet
758 1584 906 1644 Lutherus
928 1589 1099 1644 reverenter
1123 1601 1188 1643 eum
1211 1583 1348 1642 emerant

114 1705 183 1764 per
206 1688 474 1748 Melanchthonem.
519 1688 574 1761 Qut
602 1689 720 1762 scripsit
741 1687 882 1762 Erasmo,
911 1688 1110 1763 perplacuisse
1133 1689 1196 1762 ejus
1217 1687 1348 1747 modera-

116 1793 260 1866 tionem,
283 1794 399 1852 tametsi
422 1793 528 1852 alicubi
551 1793 663 1867 nigrum
686 1795 777 1852 selem
799 1793 990 1868 aspersisset,
1011 1809 1111 1850 verum
1129 1808 1188 1851 nou
1205 1796 1265 1850 tam
1282 1792 1347 1850 irri-

118 1897 252 1956 tabilcm
288 1913 353 1956 esse
381 1896 559 1970 Latiarum,
592 1903 624 1956 ut
654 1897 795 1956 devorare
825 1896 898 1956 nihil
920 1901 1026 1970 posset
1073 1895 1250 1956 obsecratur
1272 1913 1347 1970 eum,

119 2019 167 2060 ne
195 2001 395 2060 vehementius
421 2002 502 2060 illum
531 2001 725 2076 oppugnando
753 2001 810 2075 ipsi
836 2001 980 2074 evangelii
1010 2015 1116 2059 causae
1136 2005 1250 2058 noceat.
1295 1999 1348 2058 Oui

122 2105 272 2164 &semus
299 2106 413 2164 sincere
448 2109 479 2164 et
513 2105 605 2182 digne
630 2105 826 2179 respondens,
860 2120 892 2164 se
922 2119 1069 2178 nunqnam
1098 2105 1240 2163 scientem
1267 2119 1349 2164 arma

125 2215 314 2283 sumpturum
336 2209 475 2270 adversm
499 2208 697 2282 evangelicam
720 2209 875 2268 veritatem
896 2209 1057 2282 pollicetur.

220 2313 366 2374 Lotherns
388 2329 458 2373 vero
480 2313 511 2372 in
533 2313 632 2372 libello
656 2330 707 2373 suo
730 2330 788 2374 uon
804 2329 856 2388 ea,
879 2329 955 2387 quae
970 2315 1083 2389 sperari
1098 2318 1227 2388 poterat,
1249 2311 1347 2385 aequi·

125 2423 195 2478 tate
218 2434 282 2476 cum
303 2417 417 2477 mesni
437 2432 564 2492 persona
587 2417 654 2491 egit.
699 2417 765 2476 Nou
788 2417 925 2491 deerant,
948 2417 995 2490 qui
1014 2423 1115 2478 contra
1138 2418 1226 2491 hunc,
1248 2420 1348 2489 utpote

127 2523 217 2596 cujus
241 2522 413 2581 auctoritate
437 2521 595 2580 adversarii
619 2522 736 2581 abusuri
761 2527 871 2596 essent,
895 2521 1053 2581 Lutbernm
1074 2522 1235 2581 excitarent
1249 2537 1349 2594 quum-

129 2642 190 2699 que
221 2625 283 2698 ipse
312 2626 391 2685 iuter
413 2631 455 2684 tot
472 2625 590 2698 negotia
613 2626 710 2684 omnia
732 2627 831 2701 legere
855 2630 885 2684 et
904 2625 1070 2687 examinare
1090 2641 1149 2685 non
1171 2629 1281 2700 posset,
1311 2624 1349 2684 ad

130 2746 202 2789 eum
226 2729 320 2788 minus
347 2728 470 2789 candide
500 2744 585 2802 quam
607 2729 815 2790 Melanchthou
845 2729 942 2790 aliena
964 2727 1124 2804 referrent,
1159 2729 1260 2790 odiosa
1282 2744 1349 2788 nar·

130 2839 247 2908 rantes,
277 2833 398 2892 meliora
424 2837 565 2893 meantes.
609 2833 676 2907 lpse
707 2850 795 2906 quum
824 2849 911 2892 unam
933 2833 1013 2892 illam
1035 2833 1151 2893 Erasini
1174 2839 1349 2893 commente-

130 2938 244 2996 tiouem
267 2939 430 2996 accuratius
460 2937 607 3011 inquirere
628 2943 657 2997 et
678 2937 770 2997 verba
793 2939 856 3011 ejus
877 2953 1001 3011 pensare
1025 2943 1194 3012 cogeretur,
1227 2937 1349 3012 ‚incogi-

130 3041 228 3100 tantia
250 3044 327 3115 ejus,
359 3042 532 3114 praesertin
558 3043 589 3100 in
619 3059 652 3101 re
676 3047 771 3114 muta,
806 3039 946 3099 offensum
969 3058 1001 3102 se
1025 3041 1106 3100 essc‘
1128 3041 1214 3114 dicit,
1243 3057 1349 3116 ,quare

130 3145 220 3204 istum
249 3142 384 3219 frigidum
413 3151 444 3203 et
472 3146 585 3219 pigrum
612 3145 823 3219 disputatorem
854 3145 983 3203 excitare
1013 3150 1043 3204 et
1071 3144 1150 3204 velut
1176 3150 1349 3205 stertentem

134 3263 268 3321 pungere
293 3253 413 3308 conatus
437 3249 492 3308 sit‘
529 3249 588 3310 Sed
609 3249 751 3309 debiliora
772 3247 917 3321 quaedam
934 3247 1023 3308 habet
1045 3253 1075 3307 et
1097 3249 1173 3324 ipse;
1196 3265 1271 3322 quae
1285 3266 1352 3322 gra-

132 3349 215 3410 viora
244 3367 279 3411 ac
307 3349 436 3412 firmiora
458 3359 526 3412 sunt
548 3353 623 3426 apud
642 3352 795 3412 Erasmum
816 3367 875 3410 non
897 3351 985 3412 videt.
1030 3352 1065 3411 In
1087 3351 1220 3411 doctrina
1241 3353 1350 3413 biblica

132 3453 274 3528 quaedam
304 3457 390 3515 altius
417 3473 502 3530 quam
531 3462 597 3530 post
624 3457 769 3530 apostolos
794 3456 944 3530 qnisquam
967 3455 1041 3514 alius
1064 3461 1266 3530 perspexerat,
1296 3458 1349 3516 sed

132 3557 202 3616 inde
225 3563 317 3618 ortum
340 3559 543 3618 certitudinem
565 3565 595 3618 et
615 3557 764 3635 fiduciam,
793 3575 850 3634 qua
879 3560 941 3620 sola
971 3563 1015 3619 tot
1037 3563 1190 3634 tantasque
1213 3576 1260 3619 ree
1282 3576 1348 3634 per·

133 3657 222 3720 ficere
244 3663 356 3736 potuit,
379 3663 464 3721 nimis
487 3661 660 3724 festinanter
683 3665 773 3724 etiam
793 3663 831 3723 ed
853 3665 925 3724 alias
948 3666 1107 3725 sententias
1122 3664 1269 3723 transtulit
1283 3679 1349 3722 eum

134 3764 192 3822 illis
215 3767 383 3839 conjunctae
406 3765 522 3839 quidem
544 3767 596 3826 sed
626 3767 734 3826 diversi
758 3768 837 3841 ipsas
860 3769 984 3841 generis.
1029 3768 1078 3828 Sic
1098 3783 1156 3826 nou
1177 3771 1289 3825 tantum
1311 3765 1347 3823 de

133 3867 218 3927 valde
249 3868 344 3928 dubiis
373 3869 551 3942 quorundam
582 3870 744 3942 scripturae
767 3870 896 3928 locorum
919 3868 1207 3943 interpretationibus
1229 3881 1349 3940 persua-

134 3972 275 4030 sissimum
299 3973 327 4032 ei
351 3977 431 4047 erat,
453 3973 613 4032 sedetiam
633 3971 671 4030 de
693 3971 838 4029 nonnullis
860 3972 1042 4044 opinionibus
1064 3988 1099 4030 en
1113 3969 1348 4028 scholasticorum

133 4075 265 4149 inprimis
293 4078 482 4136 nominalium
511 4077 561 4150 qui
589 4074 762 4134 dicebantur
789 4073 888 4132 schola
917 4074 1042 4148 haustis,
1077 4089 1198 4146 quorum
1223 4072 1348 4146 diligens

134 4179 280 4252 quondam
303 4181 459 4254 discipulus
481 4176 611 4240 fuerat¹
655 4177 770 4238 Deinde
795 4193 857 4248 eos,
887 4178 936 4252 qui
958 4178 1010 4238 has
1038 4177 1159 4252 opiones
1181 4177 1348 4252 rejicerent,

133 4284 226 4357 ipsam
257 4285 419 4358 scripturae
444 4299 545 4344 sacrae
575 4284 777 4344 auctoritatem
808 4283 932 4356 rejicere
966 4287 996 4340 et
1017 4297 1036 4340 a
1058 4281 1172 4341 sincera
1193 4279 1250 4340 fide
1273 4280 1348 4340 clui-

224 4515 250 4583 1)
269 4516 370 4568 Bitschl
388 4517 430 4568 in:
448 4515 610 4567 Jahrbtcher
627 4515 668 4566 liir
686 4515 805 4566 deutsche
823 4513 965 4582 Theologie
984 4513 1064 4580 XIlI,
1083 4518 1115 4565 78
1134 4529 1176 4567 aa..
1211 4513 1248 4563 Ci.
1267 4513 1347 4568 det·

133 4603 183 4665 lin,
203 4603 344 4673 'theologie
361 4603 480 4658 Luther's
498 4603 538 4670 11,
558 4607 607 4652 eto
628 4619 660 4654 ss.
