3134 5054
242 295 294 351 266
729 301 828 350 Pharis
847 299 963 350 Parosta

241 509 379 582 sutfragia
407 508 527 570 1111111.
572 511 669 582 Quare
699 530 736 572 ex
759 511 890 571 omuibus
920 509 1096 572 Germaniae
1127 511 1271 585 partibus,
1302 510 1388 567 immo
1418 525 1454 568 ex

242 614 406 688 longinquis
427 613 562 685 gentibus
580 617 703 690 juvenes
725 615 856 674 discendi
882 615 979 690 cupidi
1006 614 1189 674 advolabant.
1232 613 1273 672 Et
1294 613 1392 686 simul,
1423 613 1454 670 id

241 717 318 792 quod
338 719 440 777 summi
466 719 605 778 momenti
633 723 710 794 erat,
743 721 905 780 instaurata
931 719 1055 778 ecclesia
1082 735 1147 778 cum
1173 717 1304 778 omnibus
1330 733 1453 790 magnae
1550 767 1551 770 ,

242 823 331 897 illius,
361 839 447 895 qnam
474 823 611 898 diximus,
640 823 819 897 reipublicae
845 823 1008 884 litterariae
1036 821 1137 882 studiis
1160 821 1321 881 1111111111
1352 837 1454 879 neces·

242 925 376 986 situdinis
403 927 517 986 vinculo
549 929 580 986 in
609 928 815 1001 sempiternum
845 931 998 1002 conjuncta
1030 932 1083 986 est
1131 925 1185 986 Oui
1212 925 1329 1000 negotio
1357 939 1453 997 neque

242 1029 387 1089 Luthsrus
417 1029 479 1089 sine
508 1031 749 1106 Melanchthone,
782 1047 876 1106 neque
908 1031 1117 1092 Melanchtbon
1146 1031 1209 1088 1111
1239 1028 1369 1088 Lutbcro
1399 1043 1453 1100 par
1551 1027 1552 1038 ¹

241 1133 303 1192 init
358 1133 502 1192 Lutherus
531 1135 607 1207 quod
629 1151 749 1194 necesse
773 1141 838 1194 crat
858 1135 945 1209 vidit,
975 1141 1008 1193 ut
1031 1133 1094 1194 11111
1117 1137 1228 1208 posset,
1259 1133 1334 1191 viam
1358 1147 1451 1190 norae

241 1240 273 1295 et
285 1236 412 1296 melioris
424 1238 592 1298 eruditionis
609 1239 711 1312 ejectis
726 1238 882 1298 obstaculis
898 1239 1026 1313 aporuit,
1046 1236 1245 1312 praeparavit,
1267 1235 1450 1308 aliquatenus

241 1341 373 1412 praeivit
417 1341 481 1400 Hac
501 1343 588 1415 alter,
610 1359 667 1416 qua
688 1344 854 1416 longissime
876 1339 1031 1402 1111111111
1053 1346 1182 1415 poterat,
1205 1354 1375 1414 progressus
1398 1343 1449 1396 est

242 1442 388 1504 Lutherus
410 1444 525 1504 ardenti
553 1445 755 1505 adhortatione
784 1445 932 1506 bominum
958 1445 1163 1504 conscientiam
1190 1443 1228 1502 ad
1249 1441 1397 1516 augendas
1420 1447 1450 1500 et

243 1548 437 1608 emendandas
470 1551 582 1610 scholas
615 1551 751 1610 excitavit
788 1556 818 1610 et
855 1551 937 1624 quasi
974 1550 1134 1624 salubrem,
1174 1563 1260 1621 quem
1296 1547 1448 1618 spirarent,
1553 1565 1554 1578 ¹

243 1653 428 1726 evangelicae
449 1653 592 1713 libertatis
614 1660 712 1714 aerem
733 1659 793 1714 1111
812 1654 982 1714 docentibus
1005 1669 1089 1727 quam
1110 1649 1286 1712 discentibus
1307 1649 1449 1724 praebuit.

243 1755 451 1816 Melanchthon
474 1763 504 1816 11
526 1757 639 1830 seriptis
659 1759 690 1818 in
711 1764 895 1832 utrorumque
911 1775 993 1818 nsum
1015 1757 1097 1816 libris
1122 1757 1261 1829 egregiis,
1291 1754 1339 1827 qui
1363 1753 1448 1812 ctiam

242 1863 344 1932 postea
366 1875 421 1935 111
446 1861 561 1934 longum
584 1866 697 1934 tempus
719 1861 840 1922 adhibiti
862 1867 941 1935 suut,
971 1867 1003 1919 et
1031 1859 1162 1934 exemplo
1189 1857 1366 1930 consilioque
1387 1857 1448 1930 ipse

242 1979 382 2024 summam
402 1964 609 2038 quodammodo
631 1966 757 2025 omnium
780 1965 975 2025 doctrinarum
990 1964 1188 2039 magisterium
1212 1961 1341 2021 exercuit
1363 1965 1447 2033 11111

242 2067 345 2142 ingens
365 2069 448 2142 quasi
466 2069 613 2129 variarum
635 2070 797 2130 scholarum
821 2069 984 2130 aedificium
1009 2067 1198 2142 inauguravit
1243 2065 1338 2135 Quare
1366 2079 1449 2137 prae-

243 2177 343 2244 ceptor
365 2171 538 2232 Germaniae
568 2179 649 2233 recte
679 2191 794 2248 semper
818 2174 983 2234 nominatus
1014 2179 1065 2232 est
1109 2171 1211 2244 Neque
1241 2175 1339 2228 111111
1368 2167 1449 2240 hujus

242 2275 318 2333 tituli
340 2275 432 2336 honor
460 2277 498 2338 ad
527 2279 617 2338 solnm
639 2279 826 2338 instruendae
846 2278 1006 2352 jnventutis
1031 2292 1117 2350 opus,
1147 2275 1217 2332 11111
1243 2273 1449 2347 gravissimum,

242 2380 461 2453 restringendus
501 2387 558 2456 est,
595 2381 647 2442 sed
686 2383 775 2441 etiam
812 2383 850 2442 ad
887 2381 1002 2441 exculta
1037 2381 1101 2454 ipsa
1139 2378 1312 2452 omnigenae
1345 2375 1450 2434 doctri-
1556 2371 1557 2374 ’

242 2496 299 2540 nae
328 2490 498 2556 argumenta
524 2484 704 2545 referendus.
749 2485 854 2559 Aliquo
879 2487 946 2560 Jure
975 2484 1064 2544 etiam
1093 2487 1190 2542 nostro
1220 2487 1350 2554 tempore
1373 2478 1449 2538 idem

243 2583 341 2644 dicere
372 2585 416 2644 111
450 2592 495 2646 111
531 2589 608 2661 quod
644 2589 717 2650 dixit
745 2590 907 2650 Lutherus=
952 2587 1109 2664 ,Quidquid
1147 2584 1326 2660 possidemus
1362 2599 1451 2642 verae

243 2686 456 2763 philosophiae,
485 2691 516 2750 id
537 2691 670 2766 Philippo
697 2692 853 2752 debemur}
897 2693 1038 2752 Nimirum
1060 2705 1130 2750 sano
1159 2687 1283 2763 quodam
1309 2694 1340 2748 st
1360 2686 1452 2746 nobili

243 2791 361 2865 ingenio
384 2797 475 2851 totum
497 2794 692 2855 doctrinamm
714 2797 851 2856 ambitum
871 2802 901 2856 et
923 2795 1073 2854 circuitum
1095 2793 1285 2868 primustunc
1305 2791 1452 2864 amplexus

244 2895 276 2954 iu
302 2911 337 2955 eo
364 2903 396 2955 ut
425 2897 588 2972 theologiae
620 2901 662 2959 ita
691 2900 891 2975 philosophiae
919 2917 1000 2960 snum
1025 2900 1121 2958 locum
1148 2899 1297 2971 assignare
1326 2895 1437 2954 studuit
1444 2917 1452 2966 ;

245 2999 348 3074 quibus
369 3002 455 3062 rebus
479 3004 596 3079 egregio
618 3021 671 3078 pro
693 3020 744 3063 ano
766 3010 897 3079 tempore
921 3005 1054 3078 tentatis,
1081 3001 1319 3076 praeclarissimis
1345 3015 1454 3071 eoqua-

244 3104 319 3164 hbus
348 3106 503 3182 satisfecit,
534 3109 719 3182 sequentibus
744 3126 814 3169 vero
842 3108 947 3168 seculis
970 3108 1106 3180 aenigma
1128 3106 1188 3164 sive
1216 3104 1365 3178 problema
1385 3118 1454 3175 pro-

243 3211 351 3284 posuit,
380 3211 476 3272 denno
506 3229 622 3287 semper
650 3217 682 3272 11
709 3213 884 3288 perfectiore
913 3211 998 3271 modo
1028 3207 1202 3269 solvendum.
1262 3207 1354 3266 Recte
1381 3221 1452 3265 vero

243 3329 368 3372 summus
390 3315 506 3388 quidam
525 3317 709 3391 philosophus
731 3317 816 3390 dixit,
848 3331 981 3390 magnam
1008 3331 1071 3374 rem
1098 3329 1162 3373 esse
1184 3327 1290 3371 novum
1310 3308 1453 3384 quoddam

244 3421 275 3475 11
295 3433 384 3488 grave
405 3419 553 3492 problema
574 3421 721 3480 hominum
740 3419 921 3480 meditationi
944 3425 1004 3478 tam
1026 3422 1161 3477 accurato
1185 3421 1216 3475 at
1237 3413 1353 3474 fortiter
1370 3413 1453 3486 quasi

244 3520 423 3595 imprimere,
455 3528 488 3580 ut
516 3523 620 3582 dimitti
651 3523 772 3598 amplius
795 3540 853 3583 non
875 3527 981 3597 posset.
1027 3523 1208 3596 Quapropter
1230 3535 1283 3578 nos
1309 3533 1454 3577 comman-

244 3621 354 3682 tatione
373 3625 433 3697 J'am
454 3623 567 3699 pridem
588 3623 688 3686 edita¹
710 3626 976 3700 Melanchthonem,
1006 3627 1077 3684 lieet
1102 3625 1138 3683 iis
1160 3637 1235 3697 quae
1258 3621 1398 3682 debiliora
1418 3620 1454 3680 in

244 3741 280 3786 ac
306 3733 374 3786 sunt
397 3743 455 3788 non
481 3730 709 3804 praetermissis,
740 3729 857 3804 dignum
881 3745 945 3790 esse
969 3728 1160 3802 ostendimus,
1190 3743 1277 3800 quem
1299 3726 1453 3784 universae

242 3831 420 3906 reipublicae
442 3832 603 3893 litterariae
625 3833 845 3894 reformatorem
867 3833 1055 3908 appellemus.
1093 3830 1165 3891 Inde
1186 3845 1291 3905 pauca,
1315 3833 1455 3902 qnantum

243 3934 359 4009 quidem
381 3952 429 3996 res
450 3938 587 4012 postulat,
612 3938 740 3997 breviter
761 3937 809 3996 hic
830 3937 1061 3997 retractabimus.

330 4039 508 4100 Litterarum
536 4041 614 4100 illius
645 4041 787 4114 primitias
817 4040 969 4115 Erasmus,
1002 4041 1096 4100 laetus
1126 4053 1241 4111 semper
1270 4035 1454 4096 emicantium

242 4143 424 4216 ingeniorum
447 4144 669 4218 commendator,
703 4145 818 4205 sincera
841 4145 1033 4204 admiratione
1055 4147 1225 4217 prosecutus
1249 4144 1302 4200 est
1346 4138 1454 4214 ,Quam

242 4263 300 4307 non
315 4246 418 4322 spem‘,
441 4248 547 4322 inquit,
570 4248 621 4323 ,de
637 4264 669 4307 se
684 4249 808 4323 praebet
822 4248 975 4309 admodum
999 4248 1088 4308 stiam
1111 4245 1279 4306 adolescens
1301 4259 1336 4302 ac
1357 4256 1453 4316 paene

241 4369 315 4425 puer
336 4351 485 4427 Philippus
507 4352 728 4413 Melanchthonl
756 4353 833 4428 quod
851 4351 1026 4413 inventionis
1048 4367 1187 4424 acumen,
1214 4363 1289 4423 quae
1311 4345 1453 4407 11111111

320 4554 347 4623 1)
359 4555 398 4606 De
406 4553 531 4621 Philippo
541 4554 739 4608 hialanchthone
748 4553 906 4624 reipublicae
915 4553 1055 4607 litterariae
1064 4552 1239 4604 reformatores.
1259 4549 1365 4600 311111
1376 4551 1454 4600 tato.
