3194 5042
654 337 742 392 Curur
761 338 807 392 VI.
1296 341 1345 392 171

111 539 150 598 in
186 539 238 614 iis,
271 557 347 617 quae
379 539 444 616 ipse
476 539 603 600 Thomas
639 540 764 616 addidit,
801 541 951 618 praeclara
981 540 1125 601 nonnulla
1160 541 1347 617 admiremur,

110 652 218 706 tamen
244 665 304 706 non
332 651 402 706 sunt
429 647 575 724 ejusmodi
602 648 713 723 omnia,
745 653 779 708 ut
806 649 984 708 correctione
1011 667 1071 708 non
1099 652 1210 725 egeant.
1261 647 1347 708 Duns

112 755 224 815 Scotus
251 773 304 832 pro
327 773 434 831 magno
461 761 491 814 et
518 756 621 815 subtili
644 757 776 832 ingenio,
804 774 862 835 quo
884 757 922 816 ad
944 756 1045 816 critice
1067 756 1276 816 discernendas
1299 774 1347 816 res

111 881 179 922 nou
210 862 330 940 quidem
362 863 517 923 historicas
549 863 602 924 sed
628 863 797 924 dialecticas
828 864 957 924 maxime
989 863 1095 938 valuit,
1127 863 1207 922 haud
1237 882 1347 941 paucas

112 969 248 1030 Thomae
271 970 432 1030 sententias
455 975 534 1030 recte
554 971 748 1048 impugnavit.
794 971 845 1032 Sic
861 970 1025 1048 personalis
1047 971 1193 1031 individui
1216 971 1347 1048 pmprie-

112 1082 209 1137 tatem
228 1078 292 1138 sive
309 1055 491 1154 principium
508 1078 765 1154 individuationis,
788 1079 867 1156 quod
885 1079 1048 1154 dicebatur,
1072 1079 1162 1138 altius
1180 1078 1345 1156 perspexit3

112 1184 147 1244 id
172 1185 251 1262 quod
272 1184 305 1243 in
327 1185 485 1262 Aquinatis
508 1186 641 1246 doctrina
662 1187 699 1246 de
721 1185 796 1261 Dec,
823 1204 861 1246 ex
884 1185 1043 1246 Aristotele
1065 1190 1095 1246 et
1117 1185 1346 1246 Pseudo-Areo

113 1292 218 1369 pagita
248 1291 460 1370 Neoplatonico
491 1293 610 1369 hausta,
647 1312 715 1353 cum
747 1293 908 1353 aluistiana
941 1312 1002 1353 non
1033 1311 1194 1369 congruere
1225 1293 1346 1368 viderat,

113 1400 274 1460 emendare
301 1399 428 1474 studuit,
460 1419 612 1479 quumque
638 1401 691 1460 ille
722 1401 910 1478 antiquorum
937 1400 1130 1479 philosophos
1162 1405 1291 1460 sectante
1318 1406 1348 1460 ct

112 1507 175 1567 Dei
203 1512 232 1567 et
260 1507 388 1567 hominis
410 1507 620 1585 perfectionem
646 1527 681 1568 ac
703 1508 871 1568 beatitatem
893 1508 925 1566 in
952 1508 1015 1568 solo
1037 1507 1192 1568 intellectu
1218 1512 1347 1586 poneret,

114 1615 184 1694 ipse
207 1615 371 1691 neglectam
399 1615 586 1692 aliquatenus
613 1616 649 1675 ab
676 1615 729 1675 illo
756 1615 917 1676 voluntatis
945 1621 975 1676 et
1001 1615 1146 1676 libertatis
1174 1615 1348 1692 dignitatem

115 1741 172 1783 suc
192 1722 260 1799 jure
282 1722 451 1783 vindicavit.
498 1722 555 1783 Sed
579 1723 699 1783 utheri
722 1724 808 1799 solet,
835 1723 866 1782 in
889 1723 1050 1784 contrarios
1073 1741 1185 1783 errores
1208 1723 1348 1800 delapsus

115 1833 172 1890 est
218 1829 273 1890 Dei
300 1829 464 1889 libertatem
491 1835 525 1890 ut
552 1849 667 1890 merum
694 1831 848 1891 arbitrium
874 1831 1032 1908 descripsit
1058 1849 1076 1890 a
1098 1831 1203 1909 quavis
1230 1835 1348 1890 aeterna

115 1936 289 1998 intellectus
317 1937 383 2014 lege
410 1937 552 2014 alienum,
584 1938 617 1998 in
643 1939 821 1999 vindicanda
847 1939 994 1998 humanae
1020 1943 1142 1998 naturae
1168 1937 1348 2016 praestantia

116 2045 446 2123 Semipelagiamsmum
464 2064 525 2105 non
542 2046 671 2106 evitavit.
713 2045 758 2105 De
777 2047 946 2122 hujusmodi
965 2045 1149 2122 gravissimis
1168 2045 1347 2124 quaestioni·

115 2154 174 2212 bns
201 2157 232 2212 et
258 2153 295 2213 de
322 2153 389 2213 aliis
412 2153 584 2227 levioribus,
612 2153 720 2230 partim
747 2153 942 2230 ineptissimis
970 2153 1042 2213 satis
1070 2153 1122 2212 diu
1148 2153 1346 2230 digladiaban-

115 2265 168 2319 tur
189 2261 267 2319 inter
289 2278 322 2319 se
340 2259 509 2320 Themistae
531 2265 562 2320 et
583 2260 738 2336 Scotistae,
762 2260 948 2321 Dominicani
971 2265 1000 2321 et
1018 2260 1217 2335 Franciscani,
1240 2261 1347 2320 deindo

116 2367 193 2426 aliae
215 2367 348 2428 diversae
372 2367 613 2428 scholasticorum
636 2373 747 2446 partes,
775 2369 861 2428 modo
888 2368 968 2427 haud
991 2368 1205 2428 contemnendo
1232 2367 1345 2444 ingenii

115 2474 266 2550 acumine,
294 2475 393 2552 mode,
421 2493 514 2553 quum
537 2475 658 2554 quaevis
680 2476 769 2535 factio
796 2475 944 2535 mordicus
966 2475 1042 2534 falsa
1065 2474 1156 2535 simul
1178 2493 1246 2534 cum
1268 2474 1347 2535 veris

116 2587 243 2658 teneret,
267 2582 436 2660 sophisticis
458 2583 582 2660 argutiis
600 2583 763 2644 barbariem
781 2583 929 2661 quandam
949 2583 1029 2642 haud
1051 2601 1116 2642 raro
1138 2581 1346 2642 redolentibus.

115 2690 223 2768 Itaque
246 2691 347 2750 eadem
369 2691 494 2766 ratione,
523 2709 581 2768 qua
603 2691 713 2768 ubique
740 2691 862 2750 historia
884 2691 970 2768 quasi
997 2708 1113 2750 summa
1135 2689 1253 2750 criticae
1274 2690 1347 2749 artis

116 2798 271 2874 magistra,
294 2816 469 2874 magnorum
487 2803 684 2873 systematum
702 2799 897 2858 humanorum
915 2797 1062 2874 judicium
1079 2803 1210 2872 exercet,
1234 2796 1347 2857 schola·

118 2905 210 2966 sticae
232 2905 437 2983 philosophiae
458 2924 493 2965 ac
515 2905 680 2982 theologiae
700 2906 870 2983 imperium,
894 2924 987 2983 quum
1006 2905 1182 2982 jamdudum
1204 2924 1222 2964 a
1243 2903 1347 2980 mysti-

117 3031 220 3073 corum
247 3013 299 3090 qui
321 3017 464 3074 vocantur
489 3013 628 3090 plurimis
654 3017 858 3090 oppugnatum
881 3017 972 3088 esset,
1002 3017 1129 3072 exeunte
1151 3012 1248 3072 medio
1275 3030 1346 3071 aevo

117 3120 296 3180 dissolutum
319 3124 372 3180 est.
419 3119 504 3195 Quod
527 3139 616 3198 quam
638 3121 756 3198 egregie
778 3120 921 3180 fflasmus
948 3119 1134 3197 perspexerit
1161 3125 1191 3180 et
1217 3119 1346 3196 explica·

117 3227 205 3303 verit,
234 3246 324 3305 supra
346 3229 581 3288 memoravimus.
628 3227 734 3288 Seculo
756 3227 823 3288 XV.
847 3245 949 3288 omnes
972 3227 1033 3287 fere
1060 3225 1129 3302 viri,
1151 3226 1269 3304 proprio
1292 3226 1345 3284 ali-

67 3371 69 3374 ·
118 3354 177 3413 quc
204 3335 241 3394 ad
264 3335 504 3412 investigandum
526 3353 629 3396 verum
651 3335 771 3412 ingenio
794 3334 910 3411 eximii,
940 3339 973 3394 ut
994 3321 1145 3394 Nicolaus'
1159 3334 1293 3394 Cusanus
1316 3337 1346 3393 et

118 3442 304 3503 Raimundus
327 3443 365 3503 de
383 3442 533 3516 Sabunde,
556 3461 648 3503 novas
674 3443 902 3522 philosophandi
924 3443 988 3502 vias
1010 3442 1126 3519 ingredi
1148 3441 1244 3502 conati
1267 3445 1345 3501 sunt.

118 3549 301 3610 Inserviebat
335 3550 445 3610 talibus
482 3550 589 3610 studiis
623 3551 689 3628 ipsa
724 3551 826 3628 purior
862 3568 937 3628 quae
968 3550 1125 3610 vocabatiu
1160 3548 1346 3627 philosophia

120 3656 306 3717 aristotelica
334 3676 372 3718 cx
396 3657 515 3718 Graecis
540 3659 672 3718 fontibus
695 3658 808 3718 hausta
853 3658 901 3718 Ex
924 3657 1030 3718 iisdem
1056 3657 1191 3716 divinum
1213 3655 1346 3716 Platonis

119 3765 272 3840 ingenium
299 3765 428 3842 amplius
452 3770 482 3826 et
503 3765 668 3826 aceruatius
691 3766 843 3842 cognitum
866 3783 973 3825 novam
995 3766 1057 3824 vim
1080 3782 1216 3825 exercere
1242 3763 1345 3841 coepit.

120 3870 370 3946 Quemadmodum
397 3873 608 3934 recentioribus
630 3873 813 3952 temporibus
836 3873 1012 3950 disciplinae
1033 3873 1175 3950 physicae
1198 3876 1228 3931 ct
1254 3871 1346 3931 histo·

120 3980 196 4040 ricae
218 3979 256 4039 ad
277 3980 451 4040 tentandum
469 3980 558 4040 etiam
580 3980 613 4040 in
634 3979 822 4059 philosophia
842 3981 911 4040 novi
933 3979 1047 4058 aliquid
1069 3979 1248 4040 clarissimos
1266 3979 1346 4039 viros

120 4087 312 4148 excitaverint
339 4106 429 4166 supra
450 4087 654 4149 indicavimua
700 4089 774 4149 Inde
800 4089 912 4149 exortis
933 4088 1158 4166 tempestatibus
1186 4087 1347 4148 multorum

120 4195 272 4256 hominum
294 4195 386 4256 animi
409 4196 579 4256 etiamnunc
600 4201 764 4256 moventur.
811 4195 891 4271 Quas
915 4196 967 4274 qui
991 4195 1141 4270 evitaturi,
1170 4195 1256 4274 quasi
1279 4213 1346 4256 sex·

121 4307 270 4364 centorum
293 4321 438 4364 annorum
460 4308 559 4364 motus
580 4321 641 4363 non
664 4304 861 4380 exstitissent,
889 4303 926 4364 ad
949 4302 1090 4364 Sanctum
1113 4301 1255 4362 Thomam
1278 4321 1346 4363 cou-

121 4410 293 4486 lugiendum
316 4429 383 4472 esse
404 4411 599 4488 proclamant,
628 4411 838 4471 somniantium
861 4409 975 4470 similes
998 4427 1065 4470 esse
1086 4409 1231 4470 videntur.
1276 4409 1346 4468 For·

121 4523 199 4578 tasse
221 4518 346 4595 majores
369 4537 458 4597 quam
480 4523 587 4596 putant
607 4522 797 4596 tempestates
820 4517 878 4596 ipsi
901 4521 1027 4577 movent.
1073 4515 1192 4576 Pridem
1214 4516 1346 4575 Romana

123 4625 221 4702 Curia,
258 4625 338 4706 quod
368 4626 406 4686 ad
436 4626 665 4705 disceptationes
699 4625 918 4704 philosophicas
950 4624 1090 4702 pertinet,
1126 4622 1197 4682 licet
1227 4619 1344 4697 imperii
