3134 5054
214 302 267 358 Q
701 302 806 350 Paauua
823 299 937 349 Paloura

214 521 317 590 sponte
346 513 499 574 idrstum
530 511 686 586 haberent,
717 509 1432 585 qnedpatrinieermnnomineinbaptismo

213 619 334 696 polliciti
357 623 472 692 easent;
501 631 586 689 quam
608 614 646 674 ad
667 630 730 674 rem
749 619 896 675 neminem
917 615 946 674 vi
968 614 1196 687 compellandum
1224 615 1277 673 sed
1298 616 1363 674 sola
1385 617 1435 674 in·

213 725 363 785 stitutione
384 728 474 795 atque
496 720 669 780 educatione
686 719 916 793 prccparanonm
931 735 997 778 eam
1011 719 1135 778 censuit.
1172 718 1264 778 imme
1281 720 1434 778 neminem

213 831 243 890 vi
269 829 333 902 cogi
354 827 457 900 uoluit,
487 829 521 884 ut
540 824 675 899 pmrnles
699 841 766 884 suec
790 823 977 898 baptizandos
998 824 1163 897 praeberet
1209 823 1330 882 Omnem
1353 821 1435 882 chr-i·

214 935 338 992 ahenam
370 930 580 990 confessionem
611 929 733 988 liberam
766 945 831 989 esse
865 928 990 1004 debere,
1021 929 1053 987 in
1087 945 1137 988 ees
1169 931 1294 1001 tantum,
1325 927 1378 1002 qni
1413 943 1435 986 a

213 1037 337 1112 puhlicis
364 1034 549 1109 blasphemiis
575 1049 633 1092 non
660 1039 872 1108 temperarent,
901 1033 1012 1093 severia
1033 1031 1135 1107 peonis
1158 1049 1223 1092 esee
1246 1032 1434 1092 animaduer-

214 1141 341 1202 tendum.
393 1139 428 1198 ld
457 1137 535 1212 opud
564 1137 724 1198 Germanos
749 1138 879 1197 seuerius
907 1153 993 1211 qnam
1024 1136 1102 1210 apud
1129 1138 1203 1196 aliae
1231 1141 1334 1212 genta
1363 1133 1433 1195 lieri

214 1245 300 1306 laude
329 1243 447 1318 dignum
476 1259 542 1302 esse
571 1247 670 1316 putat=
699 1243 809 1302 etenim
835 1242 970 1302 societati
995 1242 1172 1300 christianae
1194 1257 1244 1316 ea,
1274 1257 1348 1314 quae
1373 1241 1433 1316 ipsi

214 1350 397 1411 sanctissima
419 1347 492 1421 sint,
516 1361 661 1419 nunqnam
683 1345 800 1419 quidem
818 1347 917 1405 inritis
938 1345 1096 1404 incredulis
1117 1347 1147 1404 ri
1167 1345 1329 1420 ingerenda
1353 1361 1433 1419 eme,

213 1453 267 1514 sed
287 1457 390 1512 contra
411 1449 528 1510 triveles
550 1449 743 1523 blasphemias
760 1450 877 1523 publico
888 1452 958 1524 jnre
976 1449 1092 1508 tuenda
1128 1449 1226 1521 Quare
1250 1449 1432 1524 gmviaaimia

215 1556 312 1616 uerbis
325 1558 428 1614 contra
438 1553 629 1626 Angustinmn
640 1552 823 1627 Eugubinum
836 1553 943 1614 Italum
953 1552 1163 1612 Germanorum
1174 1553 1315 1626 pietatem
1325 1551 1434 1634 deleu-

215 1661 289 1720 dens
320 1659 397 1732 ,ligo
416 1657 525 1716 Romae
555 1656 600 1715 hia
619 1657 761 1729 auribns‘,
792 1658 900 1731 inquit,
929 1657 1041 1732 ,audiui
1065 1657 1204 1731 quosdam
1226 1657 1433 1718 abominandis

214 1763 400 1838 blasphemiis
421 1761 633 1822 debacchantes
652 1762 684 1820 in
699 1761 844 1821 Christum
860 1768 891 1822 et
905 1763 936 1821 in
950 1762 1029 1820 illins
1043 1763 1202 1837 apostoles,
1225 1761 1313 1836 idque
1328 1763 1432 1821 multis

215 1885 328 1928 mecum
355 1867 538 1927 audientibus
569 1866 738 1940 etquidem
759 1869 893 1941 impunc;
916 1866 1024 1926 ibidem
1046 1868 1150 1926 multos
1173 1869 1255 1941 novi,
1277 1867 1328 1940 qui
1349 1883 1433 1926 eom·

215 1973 413 2034 memorabant
437 1989 469 2032 se
490 1971 570 2030 dicta
591 1971 738 2032 horrenda
760 1970 887 2032 audiisse
907 1971 1112 2045 aquibusdam
1126 1970 1323 2030 sacerdotibus
1342 1972 1432 2031 aulae

214 2075 379 2152 pontificiae
408 2076 560 2148 ministris,
588 2074 676 2148 idque
705 2075 737 2134 in
766 2076 831 2150 ipen
851 2075 944 2134 iliaca
970 2081 1030 2136 tam
1059 2077 1154 2149 clare,
1183 2081 1218 2135 nt
1248 2093 1285 2136 ea
1308 2091 1362 2134 vox
1392 2077 1433 2136 ad

215 2183 367 2242 multorum
395 2196 482 2240 aures
509 2178 696 2254 peruenerit‘
739 2179 888 2253 Ejusmodi
915 2195 963 2240 res
990 2181 1021 2239 in
1049 2179 1208 2240 Germania
1237 2181 1326 2240 etiam
1352 2181 1434 2240 iuter

213 2285 397 2346 Lutheranes
418 2301 560 2358 nusquam
583 2284 702 2343 tolerari
724 2283 885 2358 praedicat.

300 2390 384 2449 Haec
404 2390 516 2463 omniu,
547 2387 585 2448 ad
613 2388 699 2448 liberi
721 2388 835 2446 arbitrii
856 2388 1000 2448 rationem
1022 2393 1053 2448 et
1072 2389 1244 2462 dignitatem
1265 2389 1433 2464 attinentia,

214 2493 355 2566 quomode
384 2509 419 2552 ex
443 2497 542 2553 mente
572 2491 687 2551 Eraami
715 2492 794 2551 inter
822 2507 855 2552 se
882 2493 1073 2569 cohaereant,
1107 2509 1161 2552 nos
1183 2493 1271 2552 facile
1291 2493 1434 2568 uidemus,

214 2597 352 2669 aequales
380 2597 443 2670 ejus
472 2597 566 2656 latuit
610 2595 724 2670 Quippe
753 2597 925 2671 anticipavit
952 2597 1082 2672 pluribus
1104 2599 1135 2656 in
1157 2598 1246 2657 rebus
1269 2613 1334 2656 eam
1353 2599 1434 2672 eogi-

214 2698 297 2759 taudi
318 2700 476 2775 rationem,
498 2715 574 2774 quae
595 2699 673 2773 apud
692 2701 871 2761 recentiores
889 2703 1030 2775 paulatim
1052 2702 1080 2760 vi
1102 2717 1173 2761 uero
1193 2701 1283 2760 insita
1297 2699 1434 2762 obtinuit

214 2803 318 2877 Neque
345 2804 432 2864 aliter
459 2803 497 2864 de
518 2803 578 2862 alia
593 2821 626 2863 re
645 2803 833 2878 iudicandum
856 2811 920 2880 cst,
949 2821 1007 2879 qua
1027 2805 1198 2880 saepiaaime
1221 2807 1373 2878 aequales,
1402 2811 1437 2866 et

214 2905 380 2968 Pontificios
404 2913 434 2968 et
455 2907 639 2966 Lnthcranos
660 2906 789 2968 offendit.
833 2908 971 2968 (triticam
992 2915 1085 2968 artem
1108 2909 1188 2984 dico,
1211 2925 1297 2982 qnam
1318 2909 1355 2968 ad
1374 2910 1436 2968 rite

214 3011 388 3074 excolendas
409 3027 509 3072 omnes
532 3011 595 3071 lere
618 3011 784 3086 theologiae
807 3017 919 3088 partes,
942 3014 1170 3087 quotiescunque
1184 3014 1215 3071 in
1230 3013 1351 3086 singulis
1366 3013 1434 3087 ipse

215 3119 337 3195 erravit,
360 3117 449 3177 talem
471 3122 571 3175 mmen
592 3115 738 3192 adhibuit,
759 3117 876 3190 qualem
898 3117 1091 3177 adhibendam
1114 3133 1192 3192 esse,
1219 3122 1252 3175 nt
1272 3117 1434 3177 christiana

214 3224 321 3284 veritas
355 3223 444 3282 etlam
476 3220 634 3280 secundnm
662 3220 776 3280 diuinas
804 3222 947 3281 humanae
977 3222 1118 3281 scientiae
1147 3222 1229 3295 leges
1258 3221 1435 3296 vindicetur,

214 3343 298 3386 neme
325 3343 402 3386 nunc
427 3325 559 3401 negabit,
589 3325 645 3384 nisi
675 3331 727 3384 aut
747 3325 826 3384 illius
849 3327 981 3384 vemmtie
1003 3331 1055 3385 ant
1073 3325 1173 3384 harum
1194 3325 1291 3400 legum
1313 3326 1435 3400 ignarus

215 3434 302 3502 atque
321 3430 483 3489 incuriosus
504 3429 601 3488 inerit

302 3533 441 3592 Erasmus
463 3532 623 3592 clarissime
644 3531 809 3608 theologiae
834 3533 1039 3609 scholasticae,
1067 3549 1142 3608 qnae
1165 3533 1331 3609 dicebatur,
1357 3539 1436 3593 tem·

214 3652 269 3712 pua
286 3637 347 3710 jarn
369 3636 533 3711 praeterire
555 3637 751 3697 intellexerat.
800 3639 911 3697 omnus
931 3643 1029 3697 tamen
1048 3653 1135 3710 quam
1157 3639 1311 3713 plerosque
1330 3637 1436 3696 hnma-

215 3757 317 3802 narnm
340 3741 502 3802 litterarum
525 3741 669 3801 eudiosos
690 3741 728 3800 de
742 3740 868 3817 Thema,
890 3741 975 3801 Scoto
991 3742 1112 3816 aliisque
1126 3743 1243 3802 cummis
1258 3743 1436 3802 anteceden-

214 3847 286 3906 tium
309 3851 471 3920 temporum
494 3845 564 3904 viris
585 3859 651 3904 enm
669 3845 816 3919 judicasse
830 3845 961 3906 uidimus
997 3845 1151 3921 Similltcr,
1174 3861 1210 3904 ac
1223 3851 1329 3920 postca
1342 3845 1434 3906 Leib-

213 3951 315 4027 nltius,
345 3950 437 4010 multa
458 3949 510 4008 ille
533 3949 570 4009 ab
594 3949 631 4009 iis
660 3949 720 4009 alte
750 3951 952 4025 sagaciterque
975 3951 1175 4024 pervestigata
1194 3965 1260 4010 eaae
1282 3947 1435 4010 cenauit-¹

213 4053 271 4115 Sed
297 4061 329 4114 nt
359 4055 433 4114 haee
463 4053 501 4113 ab
531 4053 666 4113 admixtis
693 4054 840 4116 euentus
864 4069 901 4114 ae
928 4055 1010 4116 vanis
1032 4055 1154 4129 argutiis
1176 4054 1268 4128 proba
1288 4053 1436 4128 qnondam

214 4173 315 4217 nermo
343 4157 595 4233 discernerentur,
624 4157 748 4230 primum
781 4173 857 4218 nera
877 4175 997 4232 prorsus
1018 4159 1183 4232 theologiae
1203 4157 1340 4218 methodo
1360 4175 1437 4232 epus

215 4277 280 4321 esee
306 4260 422 4336 decuit,
452 4277 510 4334 qna
536 4267 568 4322 et
589 4261 626 4320 ad
647 4261 803 4322 coelestem
826 4261 1040 4323 Christianismi
1062 4263 1211 4338 originem¹
1224 4261 1437 4322 ascenderetur

214 4371 246 4424 et
276 4365 387 4426 termae
419 4365 483 4438 eius
512 4383 566 4440 per
594 4371 756 4440 temporum
782 4365 937 4427 decursum
957 4367 1092 4428 variatae
1113 4367 1171 4427 rite
1195 4367 1436 4442 dijudicarentur.

303 4576 331 4644 1)
349 4579 387 4630 Cl,
405 4593 484 4642 supra
501 4593 527 4642 p.
546 4583 605 4627 tul.
