3176 5064
661 307 748 361 Garun
766 305 801 362 Π.
1313 307 1345 361 11

114 511 148 568 in
172 509 270 570 Gallia
292 510 408 570 exustis
430 528 520 586 grave
542 510 656 587 passim
678 511 759 587 apud
782 509 943 570 Germanos
966 510 1068 570 odium
1091 511 1175 586 ignes
1198 510 1244 570 illi
1267 509 1347 570 exci-

115 623 245 693 tassent,
268 619 334 694 ejus
357 617 560 694 restinguendi
584 636 673 677 causa
695 619 731 677 ab
754 617 860 678 aulicis
882 617 1043 678 mdiicibus
1066 618 1190 696 improbi
1213 637 1248 678 ac
1265 636 1347 678 men-

114 725 204 786 daces
236 725 333 785 libelli
364 726 460 802 sparsi
493 729 576 785 sunt:
613 744 673 785 non
705 725 780 784 alios
811 729 872 784 tam
903 725 1063 785 crudeliter
1093 726 1229 800 bochri,
1258 743 1347 804 quam

114 833 260 893 fanaticos
282 833 483 910 anabaptistae
505 851 540 892 ao
562 833 750 892 turbulentos
772 831 923 907 hominos,
952 832 1055 910 quales
1082 837 1154 892 tunc
1176 832 1347 892 Monosterii

113 940 263 1018 perversis
287 940 400 1000 deliriis
428 958 488 1000 non
515 940 688 1016 religionem
716 940 802 1000 modo
830 940 882 1000 sed
909 945 1005 1000 totum
1033 940 1166 1000 ordinem
1192 939 1347 1018 politicum

114 1048 325 1108 convellerent.
381 1048 462 1108 Haec
494 1047 637 1108 Calvinus
669 1047 786 1108 refellit.
847 1045 986 1121 Queritur
1016 1047 1128 1124 Regem
1160 1053 1221 1107 tam
1252 1047 1346 1108 loedis

114 1156 263 1216 machinis
286 1156 493 1216 conniventem
522 1156 632 1230 sinere,
665 1161 699 1215 ut
727 1160 770 1216 tot
792 1155 928 1215 homines
950 1155 1071 1215 innocui
1093 1163 1154 1215 tam
1177 1155 1346 1232 sanguinari

115 1264 161 1338 vi,
193 1269 254 1323 tam
285 1263 398 1339 abjecta
429 1263 627 1322 fraudulentia
659 1263 834 1340 obruantur;
867 1263 1006 1340 implorat
1033 1281 1114 1335 eum,
1147 1267 1181 1322 ut
1212 1263 1346 1341 placidus

79 1385 84 1392 '
115 1372 357 1448 compositusque
389 1371 482 1430 semel
513 1371 633 1430 illorum
665 1388 785 1430 eausam
815 1370 970 1430 examinet
1023 1369 1089 1446 ,Sin
1117 1373 1208 1446 vero‘,
1241 1370 1346 1448 iuquit,

116 1479 174 1554 ,ita
201 1497 288 1539 aures
316 1484 383 1538 tuas
406 1483 552 1555 occupant
574 1477 786 1537 malevolorum
809 1477 937 1554 susmri,
965 1483 999 1538 ut
1024 1477 1127 1538 nullus
1151 1478 1190 1538 sit
1212 1477 1272 1538 reis
1294 1495 1348 1555 pro

117 1605 151 1646 se
173 1586 290 1646 dicendi
314 1586 411 1660 locus,
434 1587 620 1663 impertimus
642 1603 712 1645 vero
735 1585 810 1645 istae
832 1585 939 1660 lunae,
963 1589 993 1645 te
1016 1585 1204 1661 connivente,
1232 1603 1348 1663 semper

115 1693 260 1768 vinculis,
283 1693 398 1770 flagris,
426 1693 574 1770 equuleis,
599 1692 793 1768 sectionibus,
816 1692 963 1754 incendiis
982 1693 1130 1768 saeviunt,
1154 1693 1208 1752 bos
1228 1692 1347 1771 quidem

115 1801 201 1862 velut
228 1819 297 1861 oves
325 1801 495 1860 mactatioui
522 1800 685 1861 destinatae
712 1801 750 1860 ad
777 1805 909 1860 extrema
937 1819 1072 1878 quaeque
1095 1801 1275 1876 redigemm·:
1304 1800 1348 1860 sio

116 1915 218 1968 tamen
241 1913 275 1968 ut
301 1908 499 1985 inpatientia
526 1913 627 1968 nostra
654 1908 859 1985 possideamus
886 1907 999 1968 animas
1027 1912 1142 1968 nostras
1170 1912 1200 1968 et
1227 1925 1347 1966 manum

116 2016 238 2076 Domini
256 2016 363 2076 fortem
382 2020 602 2093 exspectemus,
622 2034 697 2092 quae
715 2015 838 2074 indubie
852 2033 906 2074 suo
920 2020 1052 2092 tempore
1067 2015 1168 2075 aderit.
1202 2014 1347 2074 Dominus

116 2143 172 2184 rex
199 2141 303 2200 regum
330 2124 470 2183 thronum
495 2127 581 2182 tuum
601 2122 718 2198 justitia
741 2123 870 2182 stabiliat
893 2127 923 2181 et
946 2122 1053 2182 solium
1076 2127 1161 2181 tuum
1183 2121 1347 2200 aequitate!

227 2231 284 2291 Sed
303 2231 389 2293 ,hanc
415 2229 549 2290 veritatis
576 2247 680 2290 vocem
706 2247 803 2308 neque
826 2229 1001 2290 Franciscus
1024 2229 1089 2288 Rex
1111 2246 1208 2306 neque
1230 2245 1347 2290 succes·

117 2357 199 2400 sores
223 2338 288 2414 ejus
311 2338 405 2398 secuti
429 2343 512 2412 sunt,
540 2357 599 2414 qua
625 2355 658 2397 re
685 2341 811 2414 quantas
839 2336 939 2397 clades
961 2341 1026 2396 tum
1048 2336 1150 2396 domui
1173 2353 1256 2410 suae,
1283 2340 1348 2396 tum

116 2447 297 2524 reipublicae
319 2451 350 2506 et
372 2445 510 2506 mriverso
533 2445 643 2523 populo
666 2444 843 2520 indixerint,
871 2445 944 2505 satis
971 2448 1094 2504 constat.
1145 2442 1348 2504 Nihilominus

117 2559 163 2614 tot
197 2554 258 2614 lusi
295 2553 450 2630 sanguinis
487 2552 661 2612 fluminibus
697 2552 825 2630 purioris
862 2557 892 2612 et
928 2551 1105 2612 liberationis
1136 2551 1349 2612 christianismi

118 2661 233 2722 semina
255 2679 408 2739 nunquam
430 2659 463 2718 in
486 2659 583 2720 euna
605 2677 727 2738 prorsus
750 2659 898 2720 exstincta
920 2664 998 2720 sunt.
1045 2657 1130 2733 Quod
1158 2677 1251 2736 quum
1272 2659 1350 2719 inter

117 2769 268 2847 Hispanos
300 2773 330 2828 et
356 2767 448 2828 Italos
480 2785 550 2827 mox
577 2768 688 2828 factum
716 2773 808 2843 esset,
840 2773 922 2827 tauto
954 2767 1066 2826 tristior
1097 2767 1350 2827 nobilissimarum

118 2895 219 2937 earum
237 2875 371 2954 gentium
389 2875 522 2935 condicio
540 2893 594 2952 per
614 2875 737 2952 longum
756 2875 898 2953 temporis
917 2873 1046 2953 spatium
1065 2875 1188 2934 exstitit
1235 2873 1350 2948 Quibus

117 3003 188 3044 vero
219 2983 364 3044 machinis
396 2985 474 3060 apud
507 2999 556 3043 eas
588 2983 704 3060 papalis
736 2982 878 3042 ecclesiae
914 2981 1014 3042 unitas
1051 2985 1215 3042 sustentata
1251 2982 1349 3056 luerit,

118 3092 242 3152 historia
269 3091 354 3152 testis
377 3095 430 3151 est.
481 3090 691 3164 Famosissima
714 3090 824 3167 ubique
851 3093 995 3148 terrarum
1018 3088 1198 3166 Hispanicae
1220 3088 1349 3166 Inquisi-

119 3200 209 3260 tionis
233 3199 362 3259 facinora
384 3205 468 3274 srmt,
491 3198 626 3258 Italicam
647 3197 694 3256 illi
717 3196 769 3255 vix
792 3196 920 3256 cessisse
943 3195 1079 3256 indicavi.
1113 3195 1207 3271 Cujus
1226 3195 1350 3272 gloriam

119 3326 213 3386 quum
239 3307 371 3367 Romana
400 3307 489 3368 Curia
520 3307 609 3384 plane
640 3304 866 3366 indubitabilem
898 3303 955 3363 sibi
983 3303 1115 3364 vindicet
1142 3303 1228 3381 quale
1260 3303 1351 3364 luerit

119 3420 150 3475 et
181 3419 306 3494 qrmntas
336 3433 385 3476 res
417 3414 575 3492 perfecerit
606 3413 823 3474 atrocissimum
859 3411 937 3472 illud
972 3411 1089 3490 papalis
1121 3411 1350 3490 omnipotentiae

119 3523 402 3598 machinamentum,
425 3522 528 3601 paucis
551 3522 583 3582 in
605 3521 776 3582 memoriam
799 3523 949 3582 revocabo.

647 3787 749 3873 Caput
775 3787 815 3852 Π.

228 3953 390 4014 Germanos
412 3959 542 4030 nostros,
570 3954 629 4014 nisi
652 3953 775 4013 latinae
798 3959 915 4031 gentes,
943 3953 1080 4036 inprimis
1103 3951 1184 4028 Itali,
1213 3951 1290 4012 viam
1313 3951 1351 4012 iis

120 4061 321 4140 aperuissent,
344 4062 381 4120 ad
404 4061 566 4139 pleniorem
589 4061 685 4138 illam,
714 4080 804 4140 quam
826 4065 895 4121 ante
922 4061 995 4120 haec
1021 4061 1078 4120 tria
1105 4059 1207 4121 secula
1233 4059 1351 4139 assequi

121 4173 281 4247 coeperunt
305 4168 396 4228 animi
424 4169 572 4229 culturam
594 4175 624 4230 et
646 4169 795 4247 puriorem
818 4168 984 4246 spiritualis
1008 4167 1229 4229 Christianismi
1252 4167 1352 4244 cogni-

121 4277 231 4338 tionem
253 4294 313 4336 non
336 4283 528 4354 perventuros
551 4277 657 4354 fuisse,
680 4295 735 4338 nos
753 4277 880 4338 libenter
897 4295 1015 4354 semper
1032 4276 1243 4355 profitebimur.
1289 4275 1352 4334 Iam

121 4403 190 4445 vero
213 4384 393 4445 uoshatibus
416 4385 518 4446 eodem
540 4391 673 4464 tempore
691 4387 793 4446 datmn
811 4391 870 4463 est,
893 4391 928 4445 ut
945 4403 999 4463 pro
1018 4403 1089 4446 suae
1107 4383 1216 4444 indolis
1235 4383 1353 4444 dotibus

122 4492 259 4568 gentibus
281 4492 343 4552 illis
366 4497 464 4568 grates
486 4493 638 4554 referrent.
689 4493 724 4554 Id
747 4493 827 4554 enim
850 4497 1041 4571 peregenmt,
1069 4511 1162 4572 quum
1190 4509 1237 4568 ea,
1265 4509 1353 4570 quam

123 4599 263 4676 dicimus,
288 4600 403 4662 ratione
429 4602 569 4664 amissam
592 4602 624 4662 in
652 4602 778 4664 eeclesia
804 4601 996 4663 christianam
1024 4601 1191 4664 libertatem
1213 4604 1243 4662 et
1265 4615 1353 4660 evan·
