3202 5058
688 229 779 296 draus
797 231 818 296 Ῐ.
1322 231 1354 296 l'f

136 460 244 534 relicta,
265 477 365 534 nuper
386 460 502 519 demum
525 460 630 520 iterum
645 457 795 520 aedificari
813 465 924 532 coepta,
944 457 1021 518 haud
1036 464 1148 518 temere
1162 457 1356 534 perficiendae

136 563 334 627 Germanicae
363 567 481 624 unitatis
506 566 588 638 quasi
616 565 771 624 similitudo
799 564 967 636 jamdudum
997 563 1111 637 publice
1133 564 1282 624 declarata
1305 569 1357 624 est.

133 669 230 728 Etiam
265 669 337 728 Itali
363 670 407 743 id,
436 670 511 744 qnod
538 669 770 743 splendidissima
801 686 899 728 eornm
929 669 1047 745 ingenia
1072 668 1178 727 frustra
1201 671 1358 730 somniasse

133 773 246 832 tamdiu
267 775 333 832 visa
356 779 455 850 erant,
477 773 558 833 brevi
579 775 718 847 temporis
740 775 834 846 spatio
857 773 956 848 adepti
978 779 1052 834 sunt.
1088 772 1147 832 Gur
1167 789 1226 832 non
1240 779 1358 848 sperent

134 877 316 952 Christiani,
338 884 382 937 tot
400 879 644 952 perniciosissima
667 879 822 938 schismata
843 879 899 938 alio
920 878 1020 952 modo,
1042 895 1128 952 quam
1150 895 1236 951 quem
1258 879 1356 936 curiae

133 985 272 1042 asseclae
296 983 351 1041 sibi
380 981 506 1057 fingunt,
537 983 691 1056 aliqnando
708 983 852 1042 sublatum
874 983 930 1041 iri?
974 983 1051 1043 Saue
1074 1000 1132 1042 uou
1155 984 1243 1041 meris
1265 985 1357 1041 consi·

133 1087 178 1143 liis
197 1087 344 1145 humanis
365 1087 522 1146 christiana
543 1089 639 1146 unitas
661 1089 842 1163 restituetur,
863 1088 915 1147 sed
937 1103 1001 1146 cnm
1016 1087 1162 1148 Leibnitio
1184 1087 1356 1146 monendum

135 1197 191 1256 cst,
225 1191 366 1250 dextram
393 1192 509 1250 Domini
531 1209 590 1250 uon
613 1191 811 1251 abbreviatam
833 1207 907 1252 esse.
951 1193 1012 1251 Nec
1035 1193 1130 1250 miuus
1157 1208 1243 1266 quam
1265 1207 1357 1252 vanae

134 1297 197 1368 spei
227 1297 404 1370 indulgere,
432 1298 539 1368 justam
568 1313 604 1356 ac
633 1296 769 1356 divinitus
796 1297 893 1356 datam
921 1313 1002 1371 spem
1023 1299 1174 1372 negligere
1196 1313 1248 1357 uos
1271 1296 1359 1358 deds-

137 1405 198 1472 cet,
222 1417 325 1474 neque
348 1399 392 1459 fas
415 1407 460 1460 est
481 1402 512 1459 in
535 1401 624 1476 siguis
646 1399 783 1476 temporis
804 1418 895 1475 parva
914 1399 1076 1461 futurarum
1098 1403 1239 1476 majorum
1260 1419 1358 1462 rernm

136 1504 224 1563 initia
243 1513 445 1564 contemnere.
476 1505 556 1577 Quae
568 1522 637 1565 vero
652 1507 724 1565 talia
735 1505 882 1566 censenda
892 1507 977 1566 nohis
993 1507 1147 1567 videantur
1160 1507 1358 1567 iudicabimus.

227 1609 315 1681 Quod
345 1610 383 1667 ad
400 1609 601 1670 Protestautes
627 1612 769 1687 pertinet,
795 1628 848 1686 pro
870 1610 1063 1688 perfectiore,
1087 1614 1243 1686 quaejam
1265 1613 1359 1687 datur,

140 1712 364 1788 investigandae
388 1713 525 1772 historiae
547 1715 661 1773 ratione
684 1715 773 1774 multo
802 1732 880 1774 nuuc
902 1717 944 1775 illi
964 1717 1068 1790 justius
1091 1731 1176 1790 quam
1199 1717 1360 1790 praeterito

141 1821 275 1890 tempore
313 1817 350 1876 de
391 1824 515 1891 papatus
544 1819 673 1893 origiue,
706 1818 819 1893 indole,
857 1818 925 1879 fatis
955 1821 1096 1894 jndicaut
1151 1819 1257 1894 Edam,
1282 1821 1361 1880 inter

142 1937 271 1996 pugnas,
299 1921 421 1981 aOun'a
442 1939 546 1983 recens
568 1925 718 1999 excitatas,
741 1925 836 1998 siqui
859 1925 948 1984 nimia
969 1925 1107 1985 violentia
1126 1926 1157 1984 in
1179 1925 1361 1984 adversarios

56 2056 57 2085 v
143 2025 253 2086 invecti
273 2031 354 2101 snut,
378 2027 428 2086 alii
452 2033 483 2086 et
503 2029 560 2101 ipsi
581 2027 782 2087 Protestautes
804 2030 835 2086 in
859 2029 1029 2088 excusandis
1051 2029 1109 2088 illis
1130 2029 1213 2087 nimii
1233 2029 1359 2088 fuerunt.

143 2127 175 2187 Iu
202 2132 373 2190 universum
401 2131 480 2205 apud
501 2149 554 2191 nos
575 2134 630 2191 viri
654 2132 776 2207 eruditi,
804 2149 860 2205 quo
884 2133 971 2190 altius
1000 2133 1055 2206 ipsi
1078 2131 1235 2191 christiano
1257 2132 1361 2205 spiritu

145 2235 248 2294 imbuti
286 2242 368 2308 snut,
414 2253 449 2295 eo
492 2237 655 2310 religiosius
683 2253 736 2310 pro
772 2237 848 2295 virili
888 2241 971 2310 parte
1008 2237 1039 2294 iu
1077 2236 1202 2295 ecclesia
1229 2235 1361 2294 Romana

145 2337 313 2400 dscernere
345 2341 477 2417 student,
509 2341 647 2414 quidquid
679 2347 729 2400 aut
751 2358 819 2400 vere
842 2341 1030 2401 christianum
1051 2346 1116 2400 erat
1143 2347 1209 2416 ant,
1239 2339 1362 2400 testibus

145 2445 334 2504 sanctissimis
366 2445 526 2518 quibusque
567 2446 637 2519 ipsis
669 2447 739 2505 viris
772 2447 1070 2523 Romanocatholicis‚
1110 2447 1361 2506 antichristianum

147 2549 271 2608 colorem
293 2565 365 2623 prae
388 2567 419 2609 se
443 2549 565 2610 ferebat.
610 2549 702 2610 lidem
725 2552 817 2626 magis
839 2551 987 2626 magisque
1009 2557 1040 2610 et
1061 2552 1212 2611 severitati
1235 2552 1265 2611 iu
1287 2553 1362 2610 vitu-

145 2653 282 2724 perandis
301 2669 372 2712 snae
394 2654 537 2713 ecclcsiae
560 2653 688 2730 mendis,
712 2661 743 2714 et
761 2657 891 2729 justitiae
915 2657 946 2714 in
968 2655 1160 2731 dijudicandis
1182 2656 1361 2715 diversarum

146 2759 272 2827 partium
303 2759 535 2832 evangelicarum
563 2759 662 2818 litibus
693 2777 812 2834 operam
842 2755 912 2820 dare
939 2761 1042 2822 solent.
1087 2760 1122 2818 Irr
1144 2760 1302 2820 Germania
1324 2759 1361 2818 de

146 2859 380 2922 Lutheranorum
401 2869 432 2922 et
453 2863 703 2938 Reformatornm,
733 2865 782 2938 qui
804 2871 952 2940 vocantur,
978 2865 1084 2924 unione
1107 2863 1165 2923 dici
1188 2882 1253 2923 cum
1274 2863 1361 2923 Leib-

148 2967 220 3025 nitio
242 2973 352 3040 potest:
373 2983 421 3026 res
443 2984 474 3026 se
497 2967 560 3040 ipsa
582 2969 629 3027 vel
652 2969 792 3042 confecit,
818 2969 865 3027 vel
884 2985 949 3027 mox
973 2967 1114 3028 conficiet.
1160 2967 1277 3026 Etenim
1299 2968 1363 3027 nbi·

148 3086 260 3144 cunque
284 3073 400 3130 sincera
421 3073 515 3145 pietas
538 3089 602 3130 cum
626 3072 723 3145 aliqua
745 3088 843 3131 rerum
863 3073 986 3130 scientia
1009 3074 1163 3144 conjuncte
1185 3077 1245 3144 est,
1268 3071 1362 3130 altera

147 3191 216 3246 pars
237 3177 269 3233 in
289 3176 385 3235 altera
405 3175 566 3250 peculiaria
580 3175 723 3250 quaedam
738 3176 913 3234 charismata
935 3181 966 3234 et
986 3176 1107 3234 virtutes
1127 3175 1267 3250 agnoscit,
1291 3191 1362 3248 quas

147 3279 188 3339 ita
223 3281 361 3354 paulatim
390 3282 470 3362 inter¹
492 3297 523 3340 se
554 3281 853 3355 communicaverunt,
884 3285 917 3338 ut
942 3280 1092 3352 utriusque
1119 3281 1213 3354 partis
1242 3280 1310 3339 nnio
1332 3281 1363 3339 in

147 3385 246 3443 uultis
268 3387 315 3445 vel
339 3385 444 3444 nesciis
467 3386 513 3443 vel
538 3387 637 3444 invitis
657 3386 717 3458 jam
741 3384 873 3458 perfecta
895 3386 940 3443 sit.
985 3385 1125 3444 Similiter
1146 3387 1363 3446 oecumenicum

147 3487 390 3561 Evangelicorum
421 3487 541 3564 foedus,
574 3489 747 3562 turpissimis
775 3489 840 3548 istis
874 3489 1067 3548 simultatibus
1101 3495 1131 3550 et
1157 3491 1262 3565 jurgiis
1289 3505 1364 3564 quae

146 3593 312 3653 Leibnitins
354 3609 418 3652 cnm
454 3593 584 3667 Spenero
620 3594 773 3667 castigavit
817 3592 944 3653 feliciter
987 3597 1164 3670 oppositum,
1202 3595 1364 3669 pleniorem

146 3697 339 3756 ecclesiarum
360 3696 575 3757 fraternitatem
597 3703 628 3757 et
648 3698 789 3756 unitatem
820 3699 909 3758 etiam
931 3700 1009 3758 iuter
1031 3699 1142 3772 Auglos
1165 3703 1196 3756 et
1216 3699 1364 3758 America-

146 3818 202 3860 uos
225 3802 419 3876 praeparabit.

236 3905 282 3964 Ex
305 3907 399 3966 altera
420 3912 504 3981 parte
520 3905 777 3981 Palacocatholici,
800 3912 833 3965 ut
852 3907 992 3982 vidimus,
1015 3924 1071 3980 quo
1092 3907 1180 3966 altius
1203 3911 1233 3963 et
1251 3907 1365 3980 plenius

144 4011 298 4070 Romanae
323 4011 465 4070 ecclesiae
497 4012 711 4084 corruptionem
732 4018 956 4086 perspexerunt,
987 4027 1021 4069 eo
1041 4011 1146 4084 justius
1168 4009 1205 4069 de
1227 4009 1365 4070 reforma·

145 4115 262 4174 toribus
284 4121 316 4174 et
337 4115 374 4174 de
395 4116 629 4189 protestantismo
656 4115 788 4188 judicare
809 4116 990 4188 inceperunt
1036 4113 1117 4185 Quae
1136 4114 1167 4171 in
1181 4113 1366 4190 Evangelicis

146 4223 332 4294 vituperant,
359 4223 419 4294 jam
447 4221 575 4294 cantius,
602 4221 782 4295 religiosius,
813 4218 950 4277 amiciora
975 4217 1087 4293 animo,
1117 4209 1154 4277 ut
1176 4218 1366 4279 inlustribus

146 4325 331 4400 christianis,
362 4325 537 4400 vituperant.
583 4325 658 4384 Sane
680 4324 747 4382 talis
770 4323 868 4381 cuniae
891 4327 922 4380 et
941 4322 1083 4381 ecclesiae
1103 4321 1250 4382 Romanae
1273 4323 1366 4382 refor-

147 4431 256 4505 matio,
285 4430 401 4503 quulem
428 4429 627 4506 postulabant,
655 4446 714 4488 nou
741 4434 801 4486 tam
821 4427 916 4486 subito
942 4427 1044 4502 peragi
1066 4428 1174 4502 potuit,
1202 4444 1288 4500 qnam
1310 4427 1367 4501 ipsi

146 4537 250 4610 initio,
272 4535 406 4595 similiter
428 4543 514 4609 atque
538 4535 691 4608 aliquando
711 4533 891 4605 Leibnitins,
912 4539 1108 4605 speraverant
1153 4531 1212 4592 Sed
1230 4532 1277 4592 hic
1298 4548 1367 4604 quo-

194 4649 404 4694 Scblottruanui
418 4651 522 4692 Erasmus
537 4648 658 4692 redivivus.
1129 4640 1147 4696 2
