3176 5064
671 299 763 351 Garun
782 301 840 350 XV.
1311 301 1363 356 ³35
1382 299 1384 304 ’

236 511 330 582 Quum
341 513 508 587 Augustena
524 511 641 570 comitia
656 510 809 569 multorum
825 525 906 582 spem
921 506 1104 582 fefellissent,
1126 508 1219 568 Julius
1234 508 1364 583 Pflugius

140 616 190 672 illi
214 615 343 688 scripsit:
375 616 424 690 ,In
448 623 476 676 te
497 633 584 674 unum
606 616 745 687 omnium,
774 615 823 687 qui
846 628 948 686 pacem
971 619 1081 686 amant,
1113 597 1192 672 οοιιΙίΙ
1210 621 1277 674 sunt
1296 632 1364 674 con·

138 719 237 790 jecti‘
297 719 362 778 Dux
390 721 578 794 dullacensis,
606 721 643 778 ab
674 719 787 778 eximiis
816 718 885 776 viris
908 717 1060 776 Erasmum
1090 722 1174 790 grato
1193 719 1289 777 animo
1318 736 1363 777 ae-

142 823 303 896 quantibus
333 824 463 898 adjutus,
489 824 642 884 ecclesiam
672 841 707 882 ex
730 822 807 880 illius
830 821 949 881 oonsilio
973 820 1121 880 moderate
1151 819 1364 882 reformandam

143 928 286 1001 suscepit.
332 927 389 986 Sed
412 930 473 1001 ipse
495 927 635 986 Erasmus
656 928 686 986 in
707 927 753 984 bis
777 933 808 984 et
829 928 860 984 in
881 923 1023 983 similibus
1045 925 1167 984 aliorum
1188 926 1289 984 studiis
1304 931 1364 986 tam

142 1047 252 1104 parum
272 1029 394 1090 fiduciae
418 1033 586 1106 collocavit,
616 1037 648 1090 ut
667 1037 831 1103 vereretur,
861 1046 899 1088 ne
928 1028 1204 1104 ‚moderatorum
1228 1031 1363 1090 sectae‘

142 1151 257 1194 nomen
278 1136 370 1196 daret
423 1137 540 1194 Etenim
563 1153 619 1194 non
641 1137 678 1192 ab
703 1134 842 1208 ejusmodi
865 1134 985 1208 singulis
1008 1135 1212 1206 experimentis
1234 1137 1364 1208 quamvis

143 1238 359 1314 laudabilibus,
388 1241 439 1300 sed
469 1245 590 1298 aresta
612 1240 778 1312 cognitione
799 1244 829 1296 et
852 1238 1055 1310 intellegentia
1082 1255 1135 1310 per
1157 1244 1247 1298 totam
1270 1241 1364 1298 eccle·

143 1345 222 1402 mam
244 1343 408 1417 spargenda
429 1344 551 1403 salutem
571 1344 767 1417 exspectabat.
826 1343 888 1400 Hoc
911 1358 998 1400 sensu
1021 1341 1148 1400 imbutus
1170 1343 1262 1402 tribus
1280 1345 1365 1402 annis

143 1453 220 1520 post·
233 1449 350 1508 comitia
370 1449 421 1508 illa
441 1449 478 1508 ad
500 1449 662 1522 Psalmum,
685 1449 734 1521 qui
757 1447 871 1520 incipit:
895 1446 986 1518 Quam
1009 1445 1117 1504 dilecta
1138 1451 1206 1504 sunt
1227 1449 1363 1508 taberna·

144 1553 217 1610 cula
240 1559 305 1626 tua,
335 1552 473 1626 Domine,
505 1553 770 1610 commentariolum
794 1551 969 1624 composuit,
998 1548 1051 1622 ,de
1080 1549 1197 1608 amabili
1220 1552 1363 1612 ecelesiae

145 1655 322 1714 concordia‘
380 1657 424 1716 Eo
454 1663 584 1730 tempore
621 1657 755 1716 nimirum
787 1655 858 1729 ipsis
894 1655 1052 1713 crescentis
1080 1653 1193 1712 discidii
1227 1657 1365 1728 periculis

144 1762 413 1834 utriusquepartis
435 1761 668 1820 reconciliandae
691 1761 865 1820 desiderium
896 1765 927 1818 et
956 1775 1023 1832 spes
1049 1760 1164 1818 renasci
1186 1761 1248 1818 visa
1271 1769 1364 1822 erant.

147 1863 285 1922 Favebat
315 1866 455 1938 ejusmodi
487 1866 589 1924 studiis
610 1883 663 1924 rex
686 1863 903 1936 Ferdinandus,
930 1865 991 1936 jam
1015 1879 1068 1922 rex
1089 1863 1235 1922 Romanus
1262 1863 1364 1938 sactus,

144 1969 199 2040 qui
229 1969 366 2043 tratrem,
399 1975 430 2027 ut
469 1975 570 2028 contra
597 1971 706 2028 Turcas
735 1986 835 2028 omnes
867 1966 1041 2026 Germaniae
1070 1967 1146 2026 vires
1176 1970 1364 2044 consociaret,

145 2078 269 2132 strenue
284 2073 567 2134 commonefaciebat.
602 2074 705 2132 Plures
721 2073 839 2146 Imperii
856 2072 972 2132 ordines
988 2072 1122 2130 catholici
1136 2073 1364 2146 postulaverant,

145 2183 179 2234 ut
198 2175 320 2251 Caesar,
350 2178 374 2237 si
397 2179 478 2252 Papa
503 2177 663 2238 Concilium
692 2179 854 2238 universale
878 2177 1027 2248 denegare
1049 2177 1194 2236 obstinate
1217 2185 1364 2252 pergeret,

145 2283 212 2354 ipse
241 2298 295 2354 pro
324 2299 376 2340 suo
403 2283 469 2355 jure
497 2284 568 2342 illud
597 2289 783 2356 convocaret3
814 2283 838 2340 si
863 2283 951 2340 etiam
974 2281 1004 2338 id
1027 2281 1231 2356 impediretur,
1262 2279 1364 2341 Conci·

145 2387 220 2444 lium
234 2387 391 2446 'nationale
415 2388 445 2446 in
460 2387 618 2447 Germania
634 2387 866 2460 congregandum
884 2402 948 2444 esse
964 2383 1209 2444 declaraverunt.l
1243 2385 1364 2446 Erasmo

145 2505 220 2548 vero
243 2506 295 2564 ea,
318 2507 393 2563 qnae
414 2491 452 2550 ud
475 2491 788 2566 sinceramreligionis
812 2506 912 2563 paoem
934 2489 1144 2548 restituendam
1167 2491 1290 2550 maxime
1313 2507 1363 2550 ne-

147 2595 280 2653 cessaria
308 2602 410 2668 erant,
441 2597 557 2670 neglegi
579 2613 597 2654 a
620 2596 750 2668 plurimis
773 2595 952 2654 videbantur.
991 2593 1024 2652 Id
1046 2594 1245 2654 demonstrare
1268 2596 1366 2655 studet

144 2697 248 2756 libello
270 2715 328 2757 suo.
373 2700 407 2758 In
430 2717 485 2772 quo
506 2717 592 2774 quum
612 2700 703 2758 multa
722 2701 812 2758 insint
834 2699 985 2758 verissima
1001 2706 1031 2758 et
1046 2699 1253 2774 pulcherrima,
1277 2701 1365 2760 etiam

144 2802 254 2875 iniis,
285 2819 359 2875 quae
384 2803 555 2878 Evangelici
583 2803 751 2864 satisfacere
783 2803 839 2862 sibi
869 2819 926 2862 non
954 2819 1038 2876 posse
1063 2806 1130 2876 jure
1154 2803 1365 2879 judicaverunt,

146 2905 344 2965 nobilissimus
360 2905 438 2981 finis,
462 2925 546 2980 quern
563 2909 687 2980 scriptor
701 2909 756 2966 sibi
772 2913 975 2982 proposuerat,
999 2907 1197 2981 agnoscendus
1213 2909 1296 2966 nobis
1312 2915 1365 2970 est

236 3008 462 3070 Proficiscentur
490 3014 566 3072 enim
593 3013 689 3072 omnia
716 3029 734 3072 a
757 3014 871 3072 sincero
898 3019 929 3071 et
950 3010 1061 3070 fervido
1091 3012 1233 3072 eeclesiae
1257 3029 1364 3088 amore,

144 3121 285 3186 unquam
313 3116 481 3189 ,invisibilis
504 3123 534 3176 et
557 3117 691 3176 coelestis
712 3122 877 3176 sanctorum
901 3114 1127 3174 communionis‘
1188 3114 1278 3189 Hujus
1302 3122 1366 3174 tan-

143 3224 207 3276 tam
228 3221 411 3292 majestatem
434 3226 465 3278 et
485 3218 657 3280 felicitatem
680 3235 745 3280 esse
769 3221 854 3294 dicit,
885 3226 916 3278 ut
946 3220 1022 3292 quod
1044 3221 1074 3276 in
1096 3235 1132 3276 ca
1155 3221 1365 3292 contemptissi-

6 3297 32 3414 ’
143 3339 225 3380 mum
254 3323 308 3396 sit,
337 3325 423 3399 longe
448 3330 576 3398 praestet
600 3326 732 3384 omnibus
756 3324 855 3383 mundi
879 3323 1088 3396 splendoribus.
1149 3323 1242 3397 Hujus
1264 3341 1364 3384 amore

144 3427 267 3486 allicere
290 3415 359 3486 vult
372 3428 517 3502 homines,
540 3435 585 3503 ut,
610 3431 698 3488 etiam
721 3430 752 3487 in
769 3429 898 3489 externis
915 3429 1003 3488 rebus
1018 3430 1199 3487 internarum
1214 3445 1365 3504 memores,

143 3545 249 3588 veram
271 3529 357 3590 fidem
372 3532 560 3594 oboedientia
574 3549 646 3607 erga
661 3535 753 3606 ipsum
769 3534 899 3594 divinum
915 3535 1058 3592 ecclesiae
1075 3533 1221 3592 dominum
1235 3550 1365 3608 compro-

143 3633 226 3692 bent
271 3635 319 3694 Sic
347 3637 435 3710 igitur
456 3638 588 3712 interim,
619 3637 686 3696 dum
709 3646 867 3713 apparetur
896 3638 1035 3712 synodus,
1060 3639 1277 3711 praeparandos
1301 3656 1365 3699 csse

145 3736 376 3798 Christianomm
398 3742 527 3816 animos,
557 3747 589 3800 ut
614 3748 712 3801 omnia
735 3745 942 3802 convenienter
964 3742 1024 3800 illic
1048 3735 1183 3816 agantur,
1214 3747 1364 3814 utrumque

6 3923 13 3940 .
145 3845 261 3914 partem
277 3843 499 3920 adhortandam,
522 3851 555 3904 ut
569 3847 753 3919 praemolliat
769 3846 954 3906 dissidiorum
972 3863 1167 3918 paroxysmos.
1197 3845 1254 3903 Sed
1270 3847 1365 3904 vereri

6 3947 25 4008 ἦ
143 3961 194 4018 se,
218 3963 255 4006 ue
278 3947 348 4020 sint,
372 3950 420 4021 qui
443 3951 490 4008 vel
511 3949 547 4009 ob
570 3951 696 4024 inopiam
709 3948 824 4023 judicii,
849 3950 894 4008 vel
917 3955 949 4008 ut
970 3951 1026 4022 ipsi
1049 3950 1238 4020 sinentem,
1260 3965 1364 4022 prope·

144 4055 215 4108 rent
229 4050 303 4109 adeo
320 4053 487 4112 exulcerare
504 4055 614 4127 omnia,
638 4061 670 4112 ut
684 4051 792 4112 frustra
806 4059 889 4112 cedat
904 4053 1037 4126 synodus.
1074 4050 1212 4126 ,Quidam
1219 4051 1237 4124 ‘,
1261 4052 1363 4127 iuquit,

23 4158 25 4166 '
145 4151 229 4226 ,dum
252 4155 427 4228 impotenter
447 4155 657 4217 vociferantur:
680 4158 827 4232 Haeresis,
851 4157 992 4216 haeresis!
1023 4157 1060 4216 ad
1075 4158 1183 4230 ignem,
1204 4155 1241 4214 ad
1255 4156 1365 4230 igneml

143 4260 177 4316 in
199 4259 327 4331 pejorem
350 4267 464 4334 partem
487 4263 723 4336 interpretantes,
747 4279 820 4336 quae
844 4262 922 4321 dicta
938 4269 1005 4322 sunt
1019 4261 1162 4334 ambigue,
1185 4277 1238 4333 per
1257 4261 1365 4320 calum·

6 4353 30 4389 ‘⁹'
144 4363 225 4422 niam
254 4363 448 4438 depravantes
477 4369 566 4426 etiam
592 4385 667 4441 quae
694 4369 742 4442 pie
772 4367 850 4426 dieta
874 4373 953 4441 sunt,
984 4368 1138 4442 plurimum
1163 4362 1270 4424 favoris
1297 4382 1364 4424 eon-

237 4595 263 4661 ι)
283 4593 370 4644 mass
388 4593 406 4644 1.
422 4609 442 4647 ο,
457 4592 514 4655 ιιι,
533 4598 592 4646 sss.
613 4598 662 4644 sos
678 4611 697 4646 s.
