3156 5056
232 321 285 378 182
695 325 798 376 Psarrs
818 295 935 376 Parcars

231 541 297 614 pari
321 539 473 599 celeritate
500 539 642 614 delatam,
677 545 707 600 et
733 538 874 613 Galliam,
908 539 1060 612 Anglium,
1095 537 1221 597 Scottum
1243 534 1460 596 florentissima

233 643 376 716 qnondam
398 660 489 725 regns
510 644 678 719 populasse,
697 642 734 702 ad
756 647 917 703 extremum
937 643 1028 716 Alpes
1050 641 1264 700 transcendisse
1284 645 1314 699 et
1335 640 1366 699 in
1388 639 1458 698 lta·

231 748 301 805 liam
323 764 413 820 usque
435 746 624 820 penetrasse!
668 746 787 808 Scilicet
807 747 962 806 sanitatem
985 761 1049 806 esse
1072 749 1158 820 putat
1178 735 1331 818 Latinum,
1360 760 1454 817 quern

232 851 440 924 lhancogallus
464 849 516 909 ille
544 850 673 924 vocavit,
705 849 849 925 morbum,
876 849 1075 924 pestilentiam
1102 865 1172 909 vero
1202 846 1339 922 quidquid
1362 847 1455 920 hujus

232 955 326 1016 morbi
357 953 518 1014 antidotum
540 959 592 1013 est.
638 954 720 1026 Quod
742 959 823 1014 recte
843 953 1003 1028 judicatum
1027 969 1086 1012 non
1108 967 1189 1026 esse,
1217 952 1265 1011 vix
1286 952 1453 1025 quisquam,

233 1059 259 1117 si
286 1063 471 1132 praesentem
498 1058 628 1133 gentium
647 1058 816 1118 Latinarum
839 1063 870 1116 et
891 1057 1117 1117 Teutonicarnm
1139 1055 1337 1115 condicionem
1355 1054 1452 1129 probe

235 1161 458 1236 examinaverit,
479 1177 544 1222 sero
566 1160 652 1221 hodie
673 1161 838 1222 contendet.
874 1160 932 1220 Sed
954 1159 991 1220 de
1015 1177 1052 1220 ea
1072 1177 1106 1220 re
1118 1176 1205 1234 supra
1217 1157 1347 1218 diximus.
1379 1159 1452 1218 lam

235 1263 372 1340 quidnam
391 1265 550 1325 Luthcrum
582 1265 620 1326 ad
649 1266 717 1326 novi
738 1265 815 1324 illius
837 1265 952 1339 imperii
974 1263 1097 1324 Romani
1116 1263 1320 1323 ecclesiasticis
1348 1262 1450 1322 formis

221 1370 327 1430 ,induti
353 1371 504 1444 ingentem
533 1370 638 1430 molem
668 1369 891 1445 impugnandam
922 1369 1043 1428 invitum
1068 1367 1268 1441 commoverit,
1292 1367 1451 1444 diligenter

235 1474 318 1534 nobis
341 1473 581 1534 considerandum
604 1478 657 1533 est.

322 1576 450 1636 Primum
476 1577 507 1636 id
528 1577 745 1637 memorandum
772 1571 864 1658 (quod
885 1576 1000 1651 quidem
1022 1575 1199 1636 nostratibus
1224 1575 1355 1638 omnibns
1377 1575 1450 1636 satis

234 1689 335 1743 notum
362 1675 433 1762 est),
470 1681 613 1756 principio
641 1681 724 1740 illurn
759 1697 797 1740 ne
829 1682 946 1740 minium
976 1681 1094 1755 quidem
1124 1681 1274 1742 Romanae
1305 1682 1449 1742 ecclesiae
1503 1685 1507 1692 “

236 1787 346 1846 bellurn
368 1782 479 1844 inferre
502 1785 655 1859 cogitasse.
699 1785 795 1858 Nihil,
819 1802 905 1858 quum
928 1785 1134 1845 celeberrimas
1148 1785 1247 1858 theses
1269 1801 1335 1845 snas
1355 1783 1450 1859 puhli-

182 1941 186 1952 .
237 1895 331 1964 caret,
353 1890 554 1963 suspicabatur
574 1890 622 1948 vel
644 1888 806 1948 somniabat
827 1889 863 1948 de
885 1887 984 1949 futura
1006 1889 1133 1949 omnium
1154 1905 1253 1949 rerum
1273 1888 1451 1949 ecclesiasti·

237 2011 336 2054 carnm
357 1994 524 2052 mutatione.
562 1993 664 2052 Talem
686 2009 718 2052 se
739 1993 882 2066 papistam
904 1993 994 2054 inisse
1014 1992 1098 2068 dicit,
1121 1999 1154 2052 ut
1175 1997 1277 2054 contra
1286 1993 1451 2065 Ennomum,

237 2099 287 2171 qui
306 2102 444 2172 papatum
463 2098 523 2170 jurn
550 2097 666 2170 saepius
694 2096 884 2156 audacissime
907 2097 1133 2172 perstrinxerat,
1160 2097 1318 2171 scripturus
1339 2094 1451 2156 luisset

233 2202 345 2262 'Gratus
365 2206 395 2261 et
415 2200 554 2260 obediens
569 2201 717 2260 Romanae
740 2201 883 2260 ecclesiae
905 2199 980 2260 filius
1003 2207 1082 2277 erat,
1104 2201 1153 2276 qui
1170 2201 1272 2261 urbem
1294 2205 1452 2274 mamyrum

239 2305 380 2379 singulari
409 2304 551 2378 quondam
577 2305 688 2378 pietate
716 2304 907 2378 salutaverat3
939 2321 978 2363 ne
1007 2302 1183 2364 foedissimis
1213 2305 1343 2380 quidem,
1375 2321 1452 2379 quae

238 2409 300 2469 illic
321 2407 400 2468 Julio
428 2413 571 2482 regnante
600 2407 713 2468 viderat
735 2413 823 2481 atqne
851 2405 1001 2482 audierat,
1033 2409 1119 2468 aulae
1143 2406 1312 2468 Pontificius
1334 2407 1453 2482 damnis

239 2513 276 2573 ab
303 2513 482 2574 hereditaria
505 2513 587 2586 qnasi
616 2511 721 2571 fidncia
751 2512 946 2588 obsequioque
968 2513 1124 2572 deterritus
1146 2519 1218 2576 erat.
1262 2513 1375 2588 Quippe
1396 2513 1455 2573 lio-

238 2633 342 2676 manae
382 2615 525 2676 ecclcsiae
554 2614 801 2676 exhortationibus
828 2617 1013 2690 consiliisque
1047 2615 1149 2676 ductus
1179 2632 1230 2691 ea,
1266 2633 1352 2692 quam
1387 2617 1454 2692 ipsa

238 2721 380 2795 docebat,
400 2721 449 2781 via
467 2726 654 2796 peccatorum
668 2721 783 2780 veniam
806 2725 837 2779 ot
855 2721 1032 2781 christianae
1054 2722 1133 2781 vitae
1152 2721 1361 2796 perfectionem
1375 2737 1454 2781 asse·
1576 2805 1577 2808 Ἴ

238 2826 288 2900 qni
318 2841 336 2884 a
364 2825 492 2900 pueritia
527 2825 607 2884 nisus
638 2830 710 2886 erat.
763 2824 961 2898 Integerrimis
991 2841 1057 2884 curn
1086 2824 1213 2885 moribus
1240 2823 1330 2886 inisse
1357 2843 1452 2898 nsque

238 2931 380 2988 malorum
402 2929 571 3010 ¹facinorum
603 2929 779 2988 conscientia
806 2934 973 3003 gravatum,
1005 2929 1095 2988 etiam
1125 2929 1285 2990 adversarii
1312 2928 1456 2988 eoncede-

239 3034 319 3095 bant.
347 3034 406 3094 Sed
427 3033 458 3093 id
482 3050 547 3110 enm
571 3033 804 3108 enuntiaverat,
827 3032 902 3106 quod
925 3048 1025 3092 omnes
1047 3034 1196 3094 interioris
1216 3033 1340 3094 hominis
1360 3039 1455 3094 motus

241 3157 307 3199 cnm
337 3141 402 3214 lege
430 3139 529 3198 divina
550 3145 690 3213 congruos
712 3137 836 3197 reddere
863 3155 920 3198 non
943 3143 1050 3213 posset
1094 3138 1198 3212 Neque
1219 3137 1402 3198 satisfecerat
1424 3137 1454 3196 ei

241 3244 428 3303 decantatum
449 3243 521 3302 illud
543 3243 640 3302 solatii
661 3257 791 3302 carmen:
814 3243 907 3302 Homo
926 3258 971 3314 es,
990 3260 1043 3317 pro
1061 3243 1187 3302 humana
1202 3243 1368 3303 condicione
1383 3242 1455 3301 satis

242 3363 275 3404 cs
302 3347 409 3419 bonns3
439 3363 533 3420 neque
561 3347 592 3405 in
625 3347 751 3406 externis
778 3345 932 3421 operibns,
963 3363 1000 3406 ex
1025 3347 1169 3407 ecclesiae
1195 3349 1277 3422 jussu
1296 3347 1456 3406 humillima
1576 3371 1577 3400 v

243 3447 410 3508 obedientia
446 3451 604 3524 susceptis,
644 3449 840 3510 desideratam
877 3452 983 3510 mentis
1022 3452 1262 3525 tranquillitatem
1294 3452 1454 3512 invenerat

243 3552 415 3610 Monasterii
437 3569 578 3628 recessus,
599 3554 703 3612 relicto
722 3555 953 3628 jurisperitorum
975 3555 1076 3615 ordine
1099 3556 1222 3631 petitus,
1244 3573 1308 3615 curu
1323 3553 1455 3615 omnibns
1576 3563 1577 3634 l

243 3656 393 3716 acerrimis
411 3658 458 3716 vel
479 3657 615 3732 pietatis,
638 3674 714 3732 quae
735 3663 889 3735 vocantur,
912 3661 1061 3721 exercitiis
1082 3660 1129 3720 vel
1152 3661 1341 3720 scholasticae
1363 3659 1455 3735 philo·

244 3761 362 3836 sophiae
399 3778 433 3820 sc
467 3762 632 3835 theologiae
659 3762 761 3823 studiis
791 3765 880 3823 animi
909 3765 1052 3838 procellas
1079 3781 1137 3824 non
1169 3765 1331 3826 sedaverat
1375 3764 1457 3823 Tunc

244 3868 281 3927 ab
304 3871 425 3927 externa
448 3865 572 3926 ecclesia
595 3867 632 3926 ud
655 3868 799 3928 invisibile
819 3870 881 3943 ejus
904 3874 1003 3945 caput,
1024 3869 1063 3928 ad
1081 3885 1181 3929 verum
1196 3869 1348 3930 Dominum
1364 3869 1457 3928 eccle-

244 3972 305 4032 siae
327 3971 484 4046 perductus
508 3977 561 4032 est.
607 3971 652 4030 Ex
680 3970 845 4044 fraterculis
870 3974 935 4047 pius
957 3973 1073 4048 quidam
1094 3989 1183 4034 senex
1206 3990 1273 4034 enm
1295 3989 1456 4033 commone

243 4073 327 4144 iecit,
352 4075 452 4147 quanti
474 4076 563 4150 pretii
585 4076 705 4136 verbnm
728 4077 848 4152 symboli
871 4082 961 4138 esset:
985 4075 1079 4138 Credo
1102 4078 1302 4138 remissionem
1323 4082 1457 4152 peccato·
1576 4149 1577 4162 χ

244 4195 319 4236 rum.
363 4177 434 4236 Cum
461 4179 636 4256 Augustino,
664 4183 745 4256 cujus
775 4182 922 4242 volumina
948 4181 1076 4256 quotidie
1105 4199 1157 4256 per
1181 4188 1294 4256 tempus
1315 4180 1458 4253 volvebat,
1576 4217 1577 4266 q

244 4281 428 4343 altitudinem
451 4288 482 4341 et
504 4285 623 4344 hnmani
644 4285 758 4359 peccati
781 4291 812 4345 et
832 4285 949 4345 dinnao
971 4285 1083 4360 gratim
1098 4285 1278 4361 introspexit.
1323 4285 1369 4344 Ex
1391 4301 1458 4344 con-
1576 4267 1577 4346 i

245 4387 328 4446 tinua
360 4387 521 4460 scripturae
564 4403 665 4448 sacrae
700 4389 824 4450 lectione
867 4391 1043 4464 apostolicae
1076 4389 1144 4450 fidei
1180 4389 1394 4465 simplicitatem
1424 4406 1459 4449 ac

244 4490 401 4564 puritatem
424 4491 517 4564 plenis
538 4491 688 4552 haustibus
708 4495 842 4567 gustavit.
888 4495 922 4553 In
944 4511 1029 4556 cruce
1051 4493 1172 4571 Christi,
1195 4511 1271 4569 quae
1291 4511 1407 4568 semper
1430 4501 1460 4553 et
1576 4537 1577 4584 1

245 4593 350 4676 ubique
372 4601 448 4664 teste
472 4597 601 4679 apostolo
623 4597 743 4660 ludaeis
765 4599 932 4666 scandalum
954 4608 984 4660 et
998 4599 1118 4670 Graecis
1133 4601 1256 4665 stultitia
1271 4606 1325 4678 cst,
1346 4598 1460 4662 veniam
1576 4661 1577 4666 ,
