3188 5086
264 305 315 361 126
749 307 848 360 Pharna
867 305 984 359 Paroraia

263 395 1072 406 ——-.——--——-—-—————--—.

262 525 359 581 mente
375 520 524 596 Philippus
541 521 686 596 meminit;
709 538 773 580 cum
795 522 859 594 ipsa
877 519 1071 580 delectatione
1093 521 1211 580 aculeos
1233 536 1299 580 eum
1321 521 1352 580 in
1374 521 1480 580 animis

263 627 415 699 reliquisse
439 625 558 684 indicat.
604 625 707 698 Neque
722 641 848 698 uuquam
863 625 1019 700 dubitavit,
1040 627 1110 698 quiu
1125 624 1262 684 Erasmus
1285 626 1400 698 scriptis
1418 627 1481 684 auis

261 737 293 789 et
319 727 473 789 indefessis
501 729 649 790 laboribus
671 729 767 788 seriae
789 730 909 802 pictatis
931 729 1107 804 christianae
1130 744 1252 788 munera
1273 730 1395 804 implere
1418 736 1480 789 stu·

261 833 367 892 duerit.
418 834 494 892 Sane
531 834 595 907 ille,
632 839 664 890 ut
696 849 784 906 supra
813 834 1049 907 memoravimus,
1087 849 1152 891 cum
1182 839 1313 892 vetemm
1344 850 1480 892 sermone

261 937 346 996 simul
375 937 524 1008 ingenium
553 953 652 995 eorum
681 937 829 1010 amplexus
852 941 913 1009 est3
943 936 1080 1010 quidquid
1103 938 1133 996 in
1155 937 1210 996 hoc
1233 939 1363 1011 virtutis,
1394 938 1478 1010 quid·

261 1040 331 1114 quid
359 1057 428 1100 vere
456 1041 555 1114 magni
578 1045 609 1098 et
632 1041 739 1098 excelsi
762 1047 823 1114 cst,
853 1045 885 1099 et
907 1041 962 1099 sibi
988 1046 1019 1099 st
1040 1041 1210 1114 aequalibus
1231 1057 1317 1114 quam
1344 1041 1477 1114 plurimis

263 1145 407 1204 familiare
430 1144 554 1202 reddere
576 1145 732 1204 nitebatur.
770 1145 819 1204 Sic
840 1145 994 1217 praeteriti
1015 1145 1079 1204 aevi
1101 1145 1266 1204 barbariem
1284 1145 1478 1218 superandam

262 1247 409 1308 censebat.
445 1249 553 1306 Verum
576 1247 606 1306 id
628 1255 709 1308 recte
722 1245 785 1307 fieri
799 1265 856 1307 non
871 1265 955 1322 posse
971 1248 1026 1307 sibi
1041 1254 1228 1322 persuaserat
1242 1249 1298 1308 nisi
1314 1249 1475 1308 accedente

261 1354 356 1412 animo
379 1352 552 1424 christiano,
584 1353 632 1424 qui
657 1353 682 1410 si
705 1353 837 1427 deesset,
867 1351 954 1411 aliam
977 1353 1121 1425 quandam
1143 1352 1309 1412 barbariem
1331 1353 1477 1412 eruditam

260 1473 296 1516 ex
322 1456 380 1514 illis
410 1455 512 1514 studiis
541 1462 707 1515 exortmam
735 1473 800 1516 csse
830 1458 946 1530 saepius
969 1455 1148 1531 significavit.
1193 1457 1296 1529 Neque
1320 1458 1474 1518 ecclesiam

260 1561 342 1620 bouis
372 1561 491 1634 litteris,
523 1577 617 1632 neque
647 1561 739 1619 bonas
768 1561 882 1620 litteras
912 1562 1070 1620 christiana
1099 1561 1242 1635 religione
1265 1577 1367 1622 carere
1389 1578 1475 1635 posse

261 1663 405 1724 monebat
442 1663 476 1722 Id
497 1663 564 1723 inde
585 1664 737 1722 aPatrum
751 1664 1013 1724 Alexandrinorum
1030 1670 1060 1724 et
1074 1665 1322 1725 Andocbicnsium
1344 1671 1477 1740 tempore

261 1770 308 1828 vix
330 1770 480 1842 quisquam
502 1757 585 1826 tacita
606 1769 652 1826 vel
674 1769 762 1826 animi
785 1768 921 1828 libertate
938 1771 984 1828 vel
1003 1770 1114 1844 ingenii
1136 1775 1167 1829 et
1188 1770 1357 1830 eruditionis
1374 1771 1477 1844 ampli·

260 1873 358 1933 tudine
379 1872 526 1932 docuerat.
570 1872 604 1930 ln
627 1889 664 1931 ea
685 1874 808 1931 maxime
831 1889 864 1932 re
886 1873 944 1932 dici
965 1881 1075 1948 potest,
1097 1874 1249 1934 Erasmum
1269 1875 1359 1934 etiam
1376 1875 1477 1933 huma-

259 1979 364 2052 nistas,
393 1977 442 2050 qui
471 1980 560 2035 antea
588 1976 682 2034 simile
714 1977 823 2050 aliquid
851 1978 1019 2051 voluerant,
1053 1983 1207 2053 tantopere
1236 1993 1408 2052 superasse,
1442 1984 1476 2038 ut

259 2097 349 2140 novus
377 2081 458 2154 quasi
489 2081 621 2154 inceptor
648 2079 742 2140 factus
770 2081 808 2140 sit
836 2083 897 2140 aive
927 2076 972 2160 (id
994 2063 1069 2155 qnod
1090 2081 1168 2142 idem
1187 2075 1247 2162 cst)
1277 2081 1314 2141 ed
1340 2098 1476 2156 magnum

193 2247 199 2262 ,
259 2185 380 2245 Petrum
421 2186 534 2244 illorum
571 2187 718 2260 inceptum
755 2191 815 2244 tam
848 2185 899 2245 diu
928 2187 1112 2259 aliquatenus
1140 2188 1335 2246 intermissum
1367 2188 1476 2260 primus

259 2291 346 2364 plene
381 2289 511 2350 redierit.
580 2289 628 2348 Sic
657 2295 690 2348 nt
717 2290 893 2350 reformator
921 2307 986 2349 cum
1017 2290 1167 2351 doctrinae
1196 2291 1386 2365 philologicos
1415 2295 1476 2349 tum

260 2409 407 2454 sacrorum
437 2393 610 2467 studiorum,
641 2389 849 2468 imm0,'qu0d
877 2395 914 2453 ad
935 2395 1128 2470 investigandi
1150 2395 1316 2454 methodum
1336 2396 1475 2468 pertinet,

260 2503 292 2555 ut
320 2498 472 2556 universae
502 2497 665 2570 theologiae
698 2499 869 2557 recentioris
900 2504 985 2573 pater
1017 2517 1109 2572 nuper
1141 2498 1178 2558 ab
1211 2500 1316 2574 insigni
1350 2499 1487 2573 quodam'

260 2601 467 2676 Francogallo,
489 2600 611 2676 Laurio,
630 2603 697 2675 jure
720 2601 880 2675 descriptus
902 2602 974 2662 est¹

346 2703 427 2775 Quae
450 2706 546 2764 omnia
568 2706 663 2780 miulti,
690 2705 778 2764 etiam
801 2707 851 2779 qui
872 2708 998 2780 partium
1019 2709 1093 2767 iram
1115 2707 1193 2766 haud
1216 2713 1389 2782 sequrmtur,
1413 2725 1473 2768 uon

259 2808 344 2868 modo
372 2825 432 2868 non
461 2809 492 2868 in
515 2809 637 2868 Erasmo
663 2817 836 2885 agnoscunt,
868 2811 921 2870 sed
942 2812 1129 2884 injustissime
1152 2829 1265 2872 omnem
1292 2813 1369 2872 illius
1390 2814 1473 2872 theo-

257 2914 364 2987 logiam
392 2917 542 2987 spemuut
592 2913 754 2972 Innumeris
784 2915 920 2987 operibus
950 2918 1010 2975 suis
1038 2916 1206 2990 theologicis
1240 2931 1339 2975 merae
1375 2915 1472 2975 erudi·

257 3018 345 3076 tionis
372 3022 403 3076 et
431 3017 542 3092 gloriae
569 3015 690 3076 delicias
717 3033 784 3075 enm
807 3023 939 3091 captasse
961 3020 1057 3092 potius
1079 3036 1164 3093 quam
1186 3037 1222 3079 ex
1245 3021 1347 3080 altiore
1371 3037 1471 3080 rerum

257 3121 419 3181 divinarum
448 3120 544 3180 studio
572 3120 734 3195 proiectum
763 3138 827 3181 esse
853 3123 998 3197 judicant,
1028 3124 1162 3196 quoniam
1189 3127 1234 3182 tot
1254 3124 1422 3197 praeclaras
1442 3129 1473 3184 et

259 3227 390 3286 excelsas
420 3227 541 3285 virtutes
569 3227 752 3300 negligentes
782 3225 892 3300 aliquid
919 3243 978 3285 non
1008 3233 1120 3286 tantum
1150 3229 1270 3301 sceptici
1299 3227 1351 3288 sed
1383 3229 1471 3288 etiam

257 3329 352 3389 frivoli
374 3331 462 3388 animi
484 3332 515 3388 in
538 3345 574 3388 ec
596 3331 764 3404 conspicere
787 3331 843 3388 sibi
864 3329 1007 3392 videntm.
1052 3331 1111 3391 Sed
1125 3331 1162 3390 de
1177 3331 1229 3406 iis,
1248 3347 1322 3404 qnae
1338 3333 1471 3391 veniatis

259 3447 359 3492 amore
382 3433 484 3491 ductus
514 3435 545 3490 in
573 3434 777 3492 traditionibus
800 3441 830 3492 et
850 3435 1016 3508 dogmatum
1038 3435 1137 3495 formis
1158 3437 1190 3494 in
1211 3435 1329 3495 dubium
1350 3437 1472 3510 vocant,

259 3537 318 3595 suis
337 3536 410 3595 locis
432 3537 509 3594 inira
522 3536 747 3610 disputabimus,
770 3539 802 3596 iu
824 3543 904 3598 muto
926 3539 992 3614 illo,
1015 3541 1092 3613 quod
1111 3540 1247 3614 dimmus,
1269 3541 1385 3612 incepto
1408 3541 1472 3614 plus

258 3641 348 3700 semel
367 3655 466 3700 errare
484 3641 640 3700 humanum
659 3646 737 3716 erat3
760 3641 885 3702 biblicae
910 3649 941 3702 et
963 3644 1179 3704 ecclesiasticae
1199 3643 1348 3703 doctrinae
1371 3643 1474 3702 lunda·

258 3751 357 3806 menta
384 3745 498 3804 sincere
527 3761 641 3818 semper
670 3751 756 3819 atque
788 3747 889 3806 intimo
917 3748 1013 3808 auimo
1037 3749 1170 3808 servarit
1214 3748 1295 3820 Quod
1317 3746 1355 3806 ad
1376 3763 1472 3822 pauca

258 3867 295 3911 ea
332 3851 451 3924 attinet,
497 3867 571 3923 quae
605 3853 637 3910 in
666 3853 811 3912 nonnullis
842 3855 905 3926 ejus
934 3853 1063 3928 scriptis,
1099 3854 1256 3926 praecipue
1283 3854 1314 3910 in
1342 3853 1472 3912 encomio

257 3957 397 4016 stultitiae
426 3960 457 4014 et
484 3956 515 4013 in
535 3955 655 4028 singulis
677 3957 846 4029 quibusdam
867 3957 1030 4032 colloquiis,
1053 3973 1154 4030 pamm
1178 3957 1275 4016 sobrie
1298 3962 1328 4015 et
1348 3957 1472 4016 honeste

256 4061 334 4119 dicta
372 4065 540 4134 censentur,
580 4061 704 4134 primum
736 4061 908 4121 monendum
940 4069 999 4137 est,
1038 4062 1135 4121 multis
1169 4077 1222 4121 uos
1255 4059 1362 4120 offendi
1394 4075 1470 4134 qnae

255 4163 400 4222 neminem
429 4163 492 4222 fere
519 4161 702 4224 offenderunt
730 4166 780 4225 illo
809 4170 953 4240 tempore,
982 4181 1039 4239 quo
1061 4165 1182 4239 piissimi
1204 4165 1258 4224 riri
1282 4169 1312 4224 et
1334 4163 1470 4223 catholici

346 4431 372 4499 1)
392 4431 431 4482 cl.
449 4431 554 4483 Durand
573 4431 603 4482 de
621 4431 703 4494 Laur,
725 4418 832 4483 Ecdeme
857 4433 909 4487 vol.
926 4432 954 4482 II
976 4431 1095 4497 inprimis
1115 4433 1176 4498 cap.
1190 4431 1224 4484 V:
1259 4418 1366 4482 Erasme
1393 4427 1471 4478 risor-

256 4521 355 4570 mataur
380 4517 424 4569 der
448 4518 535 4570 itudes
558 4521 664 4570 sacrus
701 4518 763 4583 (lap.
777 4519 840 4570 Vll:
865 4505 971 4572 finarme
993 4519 1127 4570 londataur
1151 4519 1181 4571 de
1205 4519 1330 4584 l’exigdas
1356 4515 1472 4581 biblique

256 4607 318 4656 ahsa
338 4604 378 4656 les
395 4605 535 4656 modernas,
