3134 5054
640 308 734 360 cunc
754 308 816 361 ΧΠ.
1285 303 1338 360 289

111 521 221 594 Itaque
248 537 394 582 sacrorum
417 523 570 582 bibliorum
594 528 626 581 et
652 527 768 596 patrum
793 523 937 582 ecdesiae
959 523 1160 594 monuments,
1186 535 1205 578 a
1227 518 1338 578 schola·

112 626 201 684 sticis
224 624 386 685 doctoribus
414 629 496 700 quasi
526 626 672 686 frustatim
702 633 815 686 tantum
839 631 968 700 gustata,
994 631 1055 685 toto
1083 641 1160 684 nexu
1188 641 1240 683 suo
1262 639 1338 682 com-

113 730 302 804 prehendere
331 730 473 806 stupendo
502 733 603 791 labore
630 747 784 806 aggressus
816 737 868 790 est
913 731 1021 790 Verum
1049 737 1081 788 ut
1107 730 1137 787 hi
1162 729 1245 802 quasi
1274 729 1339 788 the·

114 835 200 892 sauri
229 836 334 894 reclusi
361 835 399 894 ad
424 836 610 896 excolendam
640 836 801 896 doctrinam
829 835 1015 894 christianam
1041 835 1098 894 rite
1121 833 1339 906 adhiberentur,

114 940 227 998 iterum
250 941 353 999 critica
374 946 438 1000 arte
459 948 490 1002 et
512 947 651 1000 accumta
673 941 829 999 historicae
853 940 984 999 veritatis
1007 939 1251 1014 pervestigatione
1266 955 1339 1011 opus

116 1059 187 1102 esse
215 1045 368 1104 intellexit
420 1047 546 1120 Agnovit
575 1045 606 1102 in
637 1045 729 1103 sacris
758 1043 856 1102 bibliis
879 1061 945 1102 cnm
966 1043 1129 1102 certissima
1149 1043 1339 1116 persuasione

117 1149 248 1207 divinam
267 1150 504 1224 inspirationem,
532 1150 583 1209 sed
612 1167 670 1209 non
698 1151 830 1222 sejuncta
852 1149 883 1207 in
900 1148 1094 1208 scribentibus
1114 1141 1158 1227 (id
1180 1147 1257 1220 quod
1279 1148 1340 1205 vul·

115 1254 201 1326 garis
222 1254 318 1326 opinio
341 1247 419 1332 erat)
442 1255 586 1314 humanae
609 1255 734 1314 actionis
756 1254 888 1313 veritato.
928 1253 1026 1325 Quare
1038 1255 1100 1326 jam
1115 1253 1146 1311 in
1162 1251 1338 1326 apostolicae

115 1358 271 1418 doctr-inae
302 1357 400 1417 formis
423 1365 510 1432 atque
538 1359 697 1418 rationibus
721 1359 894 1418 varietatem
916 1357 1077 1432 quandam,
1107 1357 1187 1416 salva
1210 1355 1339 1430 eiusdem

115 1463 240 1536 spiritus
272 1464 397 1537 unitate,
433 1463 559 1523 discerni
594 1480 679 1537 posse
712 1461 893 1538 significavit.
948 1464 1048 1538 ‚Suam
1078 1463 1199 1535 quisque
1228 1461 1339 1536 proies·

115 1567 257 1642 sionem‘,
279 1568 386 1640 inquit,
411 1573 509 1642 ,ornet
530 1569 605 1627 citra
623 1568 828 1627 contumeliam
849 1567 979 1638 alienae,
1001 1565 1240 1640 quemadmodum
1265 1567 1339 1625 Pau·

115 1673 166 1730 lus
184 1689 264 1730 sunm
281 1670 423 1746 glorificat
440 1673 636 1746 evangelium,
658 1687 716 1731 non
731 1672 888 1731 obscurans
903 1677 1002 1730 tammr
1018 1671 1201 1745 evangelium
1214 1669 1339 1730 Petri.‘¹

114 1775 167 1834 Ad
199 1773 432 1848 distinguendum
463 1778 570 1836 iterum
605 1792 670 1834 cum
698 1781 799 1836 vetere
831 1775 956 1834 ecclesia
991 1776 1069 1834 inter
1097 1774 1204 1834 biblica
1232 1775 1341 1850 scripta

116 1883 207 1938 certa
227 1885 257 1937 et
277 1878 380 1954 dubia,
413 1880 652 1954 homolognmena
674 1884 706 1938 et
728 1879 957 1954 antilegomena,
988 1895 1045 1938 non
1065 1878 1189 1938 novandi
1211 1879 1340 1949 libidine,

114 1981 176 2041 sed
199 1985 338 2042 examinis
360 1985 503 2057 religione
525 1984 684 2058 perductus
707 1988 759 2042 eet
806 1982 877 2042 Cum
901 1983 1056 2059 Vulgatum
1079 1989 1189 2043 textum
1204 1983 1339 2042 Latinum

115 2087 255 2160 pluribus
281 2088 352 2146 locis
382 2103 418 2146 ex
447 2086 561 2148 Graeco
589 2088 733 2161 correxit,
762 2093 823 2146 tum
851 2081 941 2167 (quod
964 2089 1068 2148 multos
1091 2083 1225 2166 offendit)
1247 2089 1340 2146 locum

115 2192 158 2250 de
192 2191 282 2250 tribus
310 2193 431 2252 testibus
459 2193 632 2253 coelestibus
662 2194 693 2251 in
710 2181 868 2252 ‘lohannes
891 2193 1015 2266 epistola
1043 2193 1159 2252 obvium
1188 2193 1356 2267 suppositi--

116 2296 201 2354 cium
222 2311 286 2356 esse
305 2298 366 2369 jam
388 2296 519 2356 omnihus
541 2297 622 2370 iera,
645 2313 720 2370 quae
744 2296 821 2370 apud
845 2301 957 2355 mosmos
980 2299 1119 2370 aequales
1141 2297 1253 2372 valent,
1276 2313 1341 2370 gra·

118 2401 247 2458 visaimis
265 2403 440 2475 argumentis
456 2401 673 2461 demonstravit
711 2400 796 2475 Apud
811 2401 913 2460 Patres
931 2401 1068 2460 Erasmus
1087 2402 1195 2475 primus
1215 2403 1340 2461 omnium

117 2505 282 2564 crescentis
314 2507 395 2578 qnasi
425 2507 567 2579 paulatim
595 2505 787 2564 ecclesiastici
819 2504 960 2578 dogmatis
991 2506 1114 2580 vestigia
1138 2511 1273 2566 accurate
1297 2507 1342 2566 irr-

115 2609 249 2683 quisivit
294 2609 479 2684 Antiquiores
509 2626 595 2684 quam
624 2625 713 2683 saepe
736 2625 755 2668 a
776 2609 895 2668 serioris
918 2609 1106 2670 orthodoxiae
1129 2611 1245 2671 modulo
1259 2627 1341 2672 reee-

116 2714 196 2772 dant
215 2713 349 2772 ostendit
392 2713 478 2774 Licet
504 2729 611 2788 magna
640 2713 805 2772 interillos
829 2718 860 2773 et
882 2713 1017 2773 sublimia
1039 2716 1159 2790 ingenia
1180 2717 1229 2789 pie
1252 2733 1341 2778 vene·

113 2823 219 2876 ratur:
246 2823 344 2876 nmen
370 2819 420 2877 ubi
444 2821 622 2894 erraverint,
652 2819 701 2877 uhi
723 2818 779 2878 sibi
803 2819 874 2892 ipsis
896 2834 953 2877 non
976 2821 1179 2896 constiterint,
1203 2821 1341 2883 adnotare

115 2938 183 2980 nou
216 2923 328 2981 omittit
377 2923 443 2983 Jam
469 2924 549 2984 illam
579 2929 708 2984 aetatem
736 2924 897 2998 praeivisse
921 2925 1101 2985 scholasticis
1122 2931 1222 3002 putat,
1253 2943 1340 3000 quum

116 3026 229 3084 multas
262 3029 454 3100 ,periculosas
487 3028 524 3087 de
555 3029 640 3088 rebus
669 3027 775 3087 divinis
795 3026 983 3086 difficultates
1010 3028 1101 3088 insius
1129 3035 1215 3103 atque
1246 3031 1341 3089 aerius

117 3145 211 3203 qnam
232 3147 352 3191 necesse
372 3131 477 3192 luisset
499 3149 597 3192 coram
618 3133 704 3206 plebe
726 3137 875 3192 tractaret.
921 3132 1038 3207 ,Pacem
1059 3139 1089 3192 et
1109 3133 1338 3206 unanimitatem,

117 3250 202 3308 quae
217 3235 366 3308 religionis
381 3243 498 3296 nostrae
514 3253 625 3295 summa
641 3238 688 3312 sit,
707 3237 754 3295 vix
770 3241 904 3296 constare
919 3252 1014 3310 posse,
1030 3238 1086 3294 nisi
1102 3235 1138 3296 de
1153 3237 1239 3296 rebus
1254 3253 1340 3311 quum

114 3337 189 3398 fieri
210 3341 300 3411 possit
321 3342 501 3414 paucissimis
517 3341 688 3401 definiamus
703 3346 734 3400 et
749 3342 779 3399 in
795 3341 892 3400 multis
906 3341 1030 3400 liberum
1045 3343 1241 3415 relinquamus
1257 3359 1341 3402 suum

117 3443 229 3515 cuique
248 3443 402 3517 judicium3
432 3448 523 3504 multa
547 3445 728 3520 problemata
750 3446 905 3504 convenire
928 3446 959 3504 in
981 3446 1051 3504 illud
1073 3447 1197 3521 rejicere
1221 3453 1343 3522 tempus,

117 3564 181 3621 quo
211 3548 325 3608 sublato
356 3551 475 3623 speculo
498 3555 529 3609 et
551 3551 716 3624 aenigmate
739 3549 901 3609 videbimus
923 3549 1011 3609 deum
1035 3551 1072 3611 de
1095 3550 1180 3612 facie.
1225 3553 1343 3612 Exilia

118 3652 292 3712 carissime
315 3659 520 3728 praepostera,
553 3654 681 3713 admixta
714 3670 778 3712 mox
809 3659 939 3713 veterum
971 3653 1129 3714 Caesarum
1160 3659 1343 3730 auctoritate,

118 3757 241 3829 angusti
264 3757 411 3831 cujusdam
434 3757 615 3832 dogmatismi
630 3759 761 3817 morbum
780 3773 948 3833 emanasse,
970 3761 1019 3833 qni
1033 3775 1088 3833 per
1102 3760 1341 3819 scholasticorum

118 3865 253 3919 aetatem
275 3863 368 3934 magis
390 3863 538 3936 magisque
559 3867 661 3922 auctus
680 3863 740 3936 jam
764 3861 800 3921 ad
824 3863 937 3922 culmen
952 3863 1137 3936 pervenerit‘
1180 3863 1255 3923 Satis
1277 3879 1342 3935 per·

117 3965 224 4039 spicue
251 3963 409 4041 siguificat,
443 3967 473 4026 id
503 3967 612 4026 iactum
642 3983 706 4027 esse
736 3966 862 4026 mmsis
890 3969 988 4026 curiae
1016 3967 1164 4026 Romanae
1195 3967 1341 4040 violentia,

117 4083 200 4142 qnae
222 4067 387 4144 Principum
408 4073 495 4129 armis
526 4071 607 4130 abuti
629 4071 783 4130 studuerit.
828 4071 890 4145 ,Sic
912 4087 960 4131 res
982 4071 1100 4130 tandem
1123 4069 1248 4130 deducta
1270 4070 1342 4145 est‘,

118 4173 236 4246 inquit,
263 4174 314 4248 ,ad
336 4175 506 4248 sophisticas
527 4176 742 4250 contentiones,
765 4176 952 4234 articulorum
974 4175 1119 4250 myriades
1141 4180 1342 4249 proruperunt.

118 4277 203 4336 Hinc
236 4277 390 4338 deventum
418 4285 464 4338 est
492 4281 530 4340 ad
560 4285 688 4339 terrores
717 4295 752 4337 ae
780 4281 882 4340 minas.
928 4279 1078 4353 Quumque
1099 4280 1159 4337 vita
1180 4295 1232 4337 nos
1255 4279 1343 4338 desti-

116 4387 206 4456 tuat,
234 4399 320 4454 quum
350 4381 422 4443 fides
454 4385 493 4444 sit
522 4385 553 4443 in
575 4401 625 4444 ore
649 4384 741 4456 magis
763 4399 848 4458 quam
870 4385 901 4442 in
924 4383 1033 4458 animo,
1062 4389 1161 4442 tamen
1181 4383 1342 4443 terroribus

216 4611 244 4677 ι)
263 4611 303 4663 ct.
323 4627 401 4679 supra
419 4629 444 4678 p.
465 4617 514 4663 1³³
534 4627 555 4665 s.

165 4712 498 4758 sarracenatorum
511 4711 632 4756 rehem
1083 4704 1122 4760 19
