3188 5086
720 285 825 334 Panrrs
842 284 956 334 Parcius

491 502 567 560 Avia
583 499 730 560 Pieridum
752 515 876 573 peragro
898 500 964 558 loca
985 498 1092 557 nullius
1112 501 1181 556 ante

492 605 574 664 Trita
598 604 666 666 solo.

231 712 271 771 Et
289 713 384 772 Julius
411 709 520 770 Caesar
544 710 689 784 Scaliger,
719 709 768 782 qui
798 713 948 781 postquam
970 707 1115 766 viventem
1141 705 1240 765 odiose
1267 705 1447 778 perstrinxit,

231 822 374 876 mortuum
396 815 550 888 poenitens
573 812 745 886 celebravit,
768 812 868 871 orbem
888 811 933 870 illi
954 828 1075 885 parvum
1097 810 1187 870 luisse
1210 809 1291 884 dixit,
1314 813 1346 867 ut
1368 810 1446 868 altae

230 921 336 979 mentis
366 917 485 977 flumina
516 917 655 991 expleret
691 915 755 974 *Sic
787 916 924 974 Erasmus
959 921 990 974 et
1024 913 1250 990 elegantioribus
1283 913 1385 972 studiis
1417 919 1448 970 et

230 1023 396 1097 purioribus
423 1027 508 1095 atque
539 1020 689 1080 altioribus
720 1021 801 1093 quasi
827 1021 946 1092 januam
977 1019 1082 1092 ubique
1113 1018 1234 1090 aperuit.
1287 1016 1385 1076 Etiam
1415 1018 1446 1076 in

232 1128 357 1186 ecclesia
370 1131 472 1185 eontra
485 1141 584 1184 osores
599 1125 649 1182 diu
663 1123 826 1198 praevaluit
840 1129 937 1198 gratus
952 1140 1022 1196 erga
1036 1123 1118 1181 illum
1134 1122 1305 1195 optimorum
1320 1121 1446 1179 virorum

233 1233 352 1291 animus.
398 1230 533 1304 Inprimis
555 1229 652 1304 magni
675 1245 710 1287 ac
732 1228 876 1302 praeclari
896 1245 949 1301 per
967 1243 1066 1286 omnes
1082 1233 1175 1284 terras
1190 1227 1211 1284 ii
1226 1225 1341 1284 labores
1355 1223 1446 1284 habe·

232 1337 347 1410 bantur,
362 1351 432 1408 quos
448 1334 478 1392 iu
491 1334 601 1392 Novum
618 1333 835 1392 Testamentum
849 1332 1040 1405 impenderat.
1076 1329 1162 1404 Cujus
1177 1335 1285 1389 textum
1303 1327 1446 1388 Graecum

230 1440 293 1513 ipse
316 1441 424 1512 primus
451 1444 482 1497 et
503 1439 581 1512 typis
604 1453 769 1511 expressum
797 1437 902 1510 edidit,
931 1441 962 1494 et
984 1435 1052 1494 data
1081 1451 1156 1494 nova
1184 1434 1317 1494 versione
1338 1433 1447 1492 Latina

231 1542 431 1615 adjunctisque
469 1541 702 1600 adnotationibus
741 1556 776 1600 ac
809 1540 1033 1614 paraphrasibus
1064 1555 1117 1612 pro
1153 1538 1261 1598 viribus
1294 1538 1353 1596 suis
1386 1544 1446 1596 tam

232 1647 350 1720 egregie
380 1647 546 1720 explicavit,
583 1651 616 1703 ut
642 1647 708 1718 jme
740 1643 899 1719 diceretur,
940 1645 1086 1703 neminem
1119 1649 1188 1702 aute
1221 1659 1287 1701 eum
1321 1641 1444 1702 eandem

230 1767 336 1823 graece
357 1749 430 1808 illud
451 1749 569 1822 legendi
593 1754 680 1821 atque
702 1747 892 1822 intellegendi
915 1745 1084 1807 facilitatem
1107 1745 1339 1806 Occidentalibus
1360 1761 1446 1819 pree-

230 1853 336 1912 buisse.
381 1852 461 1924 Quae
484 1853 580 1911 omnia
601 1852 657 1910 nisi
678 1852 743 1924 pari
769 1850 923 1924 diligentia
950 1851 1225 1910 consideraverimus
1247 1866 1282 1909 ac
1300 1849 1443 1924 pondera-

231 1958 369 2031 verimus,
399 1959 503 2015 miram
533 1956 751 2028 auctoritatem,
784 1971 841 2028 qua
869 1955 946 2013 inter
975 1957 1112 2028 aequales
1134 1955 1184 2013 ille
1206 1953 1317 2028 floruit,
1347 1969 1442 2026 neque

232 2060 508 2133 comprehendemus
530 2076 624 2133 neque
647 2065 727 2118 recte
747 2059 949 2132 judicabimus.

318 2163 402 2223 Hanc
424 2165 644 2237 auctoritatem,
675 2179 732 2236 qua
751 2162 891 2222 Erasmus
914 2163 952 2222 ad
969 2161 1194 2236 promovendam
1217 2162 1360 2220 saniorem
1382 2162 1444 2235 pic·

230 2272 320 2326 tatem
355 2267 541 2325 christianam
578 2283 693 2340 semper
723 2265 830 2325 deinde
865 2283 932 2324 usus
972 2271 1028 2339 est,
1068 2265 1152 2324 initio
1185 2263 1346 2338 proiectam
1379 2281 1444 2324 esse

231 2375 345 2429 censat
367 2371 404 2429 ab
427 2371 547 2444 eximia,
569 2387 627 2444 qua
640 2369 755 2444 polluit,
778 2371 961 2443 antiquarum
977 2370 1139 2428 litterarum
1154 2369 1278 2428 scientia
1294 2375 1325 2428 et
1338 2369 1444 2428 Latina

231 2472 374 2532 facundia.
420 2473 493 2531 Eam
527 2474 649 2546 gloriam
677 2473 801 2546 primum
828 2473 954 2533 obtinuit
981 2473 1092 2548 ingenti
1121 2471 1320 2547 ,adagiorum‘
1344 2489 1443 2547 opere.

231 2575 314 2648 Quod
335 2592 445 2635 summa
467 2577 593 2634 omnium
615 2576 806 2636 admiratione
823 2583 975 2651 exceptum
998 2583 1029 2637 et
1043 2578 1141 2637 multis
1165 2577 1337 2636 editionibus
1359 2578 1444 2652 longe

230 2681 349 2753 lateque
379 2695 512 2754 sparsum
542 2685 594 2738 est
643 2679 689 2738 Ex
718 2681 845 2754 antiquis
874 2681 1009 2740 nimirum
1037 2681 1225 2754 scriptoribus
1253 2681 1444 2756 largissimam
1477 2695 1478 2698 ’

230 2783 366 2858 praebuit
386 2783 574 2858 eruditionis,
595 2783 807 2859 meditationis,
827 2784 1029 2844 delectationis
1051 2785 1211 2860 mamriem,
1234 2801 1356 2859 eamque
1379 2801 1444 2844 cum

230 2887 318 2946 variis
346 2903 444 2946 rerum
471 2889 670 2962 praesentium
700 2889 861 2947 rationibus
889 2888 985 2962 lepide
1014 2890 1215 2949 consociatam.
1260 2888 1336 2948 Satis
1358 2890 1445 2964 longa

231 2997 332 3050 secuta
360 2997 405 3050 est
432 2993 523 3051 series
556 2997 599 3050 tot
623 2991 752 3067 ejusdcm
775 2991 948 3052 abundantis
969 2994 1078 3067 ingenii
1100 3010 1136 3053 ac
1158 2994 1315 3067 pertinacis
1337 2991 1445 3052 laboris

229 3112 360 3171 operum,
381 3095 420 3154 ad
442 3096 579 3158 classicae
602 3096 783 3170 antiquitatis
805 3097 901 3156 studia
914 3097 1131 3170 pertinentium.
1177 3098 1257 3170 Quae
1272 3113 1444 3171 quamquam

230 3202 326 3260 omnia
356 3201 463 3275 ubique
505 3197 569 3260 fere
603 3216 714 3260 summa
748 3201 883 3274 cupidine
914 3201 1140 3276 devorabantur,
1170 3204 1277 3262 ceteris
1309 3201 1445 3261 famosior

229 3307 327 3362 mmen
349 3305 460 3363 exstitit
482 3304 561 3363 lusus
584 3303 699 3377 quidam
719 3304 846 3379 ingenii,
868 3305 1007 3378 ,encomii
1034 3305 1157 3365 morias‘
1179 3307 1293 3366 nomine
1314 3306 1443 3380 insignis.

230 3405 293 3464 Hoc
319 3407 418 3465 libello
445 3424 480 3465 ex
506 3423 586 3465 more
616 3408 785 3480 aequalibus
813 3409 999 3468 usitatissimo
1023 3413 1054 3467 et
1075 3409 1237 3484 grabssimo
1260 3409 1388 3469 Stultitia
1411 3414 1445 3468 ut

229 3509 347 3580 generis
368 3509 488 3567 hnmani
510 3509 626 3568 domina
645 3510 689 3568 ita
710 3510 892 3586 describitur,
915 3515 946 3570 nt
969 3513 1125 3571 communis
1146 3513 1237 3588 vitae,
1259 3513 1351 3587 qualis
1374 3517 1443 3571 tunc

231 3616 309 3686 erat,
332 3613 414 3684 quasi
439 3611 587 3684 speculum
617 3611 799 3682 exhibeatur,
828 3615 965 3687 graphice
989 3621 1019 3675 et
1042 3631 1160 3689 asperso
1180 3617 1241 3676 sale
1265 3616 1443 3676 adumbratis

229 3715 411 3790 mortalibus,
444 3731 532 3790 sexu,
565 3719 678 3790 aetate,
710 3733 832 3792 genere,
872 3718 986 3794 ordine,
1023 3721 1140 3792 negotio
1172 3719 1302 3780 diversis.
1360 3720 1442 3779 ilaec

229 3821 338 3894 omnia,
361 3837 379 3880 a
401 3825 500 3879 nostro
523 3819 667 3880 sentiendi
690 3821 773 3880 modo
794 3823 901 3895 partim
920 3823 1033 3898 aliena,
1056 3828 1126 3882 tunc
1141 3825 1292 3884 clarissimi
1314 3824 1442 3884 omnium

227 3921 289 3983 iere
317 3925 446 3998 gentium
474 3923 529 3981 viri
555 3923 719 3984 incredibili
749 3925 941 3986 admiratione
965 3926 1157 4000 excipiebant
1201 3928 1266 3986 Illic
1287 3927 1334 4002 id,
1365 3928 1442 4001 quod

227 4027 420 4102 quaerebant,
442 4028 588 4088 iuvenisse
610 4027 665 4086 sibi
687 4028 871 4103 videbantur,
894 4030 1041 4103 ingenium
1064 4031 1178 4090 liberali
1199 4035 1331 4090 veterum
1347 4032 1441 4090 studio

226 4147 296 4189 vere
334 4131 489 4203 expolitum
527 4137 614 4204 atque
652 4133 796 4190 excultum
833 4138 864 4191 et
902 4133 1064 4207 elegantem
1102 4134 1277 4194 latinitatem
1319 4151 1439 4207 eamque

227 4232 347 4293 Graecis
383 4231 509 4294 flosculis
545 4235 738 4308 pulcherrime
776 4236 882 4308 passim
918 4237 1138 4296 interstinctam.
1204 4239 1264 4298 Nos
1299 4243 1440 4312 veterum,

225 4337 357 4411 inprimis
375 4335 567 4410 Graecorum,
589 4339 739 4410 ingenium
762 4338 849 4398 altius
871 4339 957 4399 hodie
980 4345 1010 4398 et
1032 4341 1197 4401 accuratius
1218 4357 1304 4414 quam
1324 4341 1440 4400 illorum

226 4446 386 4515 temporum
401 4440 531 4500 homines
546 4441 683 4515 amplecti
702 4458 859 4514 possumus.
894 4443 951 4504 Sed
966 4449 1035 4504 tuuc
1050 4445 1136 4519 longe
1150 4446 1249 4519 plures
1264 4462 1350 4519 quam
1364 4461 1442 4504 nuuc

225 4560 335 4602 summo
359 4543 497 4620 nobisque
525 4543 587 4606 lere
612 4544 744 4605 inaudito
772 4546 861 4604 animi
893 4545 1022 4624 fervore,
1054 4549 1194 4623 quidquid
1222 4549 1301 4608 illius
1326 4549 1441 4623 ingenii
