3156 5056
254 284 307 340 218
742 287 845 336 Paams
864 285 977 336 Pmoms

254 499 381 574 deditos,
409 517 495 574 quum
524 500 562 560 ad
585 499 730 560 Christum
760 499 891 559 conversi
921 505 1032 574 essent,
1059 516 1193 576 magnam
1214 501 1355 561 librorum
1374 501 1470 575 magi-

254 622 353 664 corum
376 606 501 680 copiam,
524 622 610 680 qnam
632 604 735 680 mandi
754 606 879 680 pecunia
900 604 956 663 sibi
978 611 1232 681 comparaverant,
1255 607 1369 680 publice
1390 623 1470 664 com·

254 711 390 771 bussissc.
440 711 502 782 Quo
537 709 614 770 lacto
647 709 827 770 sollemniter
860 711 960 769 testati
994 716 1075 785 sunt,
1105 717 1137 770 et
1166 710 1256 770 libros
1286 711 1364 786 illos,
1399 727 1470 784 quo

254 815 334 874 niam
359 816 588 890 superstitionis,
616 813 774 888 mendacii,
804 812 916 873 fraudis
945 815 1137 874 turbamenta
1166 820 1254 888 atque
1282 815 1471 874 incitamenta

254 920 391 996 meent,
422 919 654 980 condemnandos
683 937 762 994 esse,
792 925 823 978 et
849 937 881 980 se
911 921 988 992 ipsos
1016 921 1087 979 nibil
1114 921 1238 994 amplius
1260 937 1325 980 cnm
1346 921 1403 979 illis
1423 920 1470 978 rei

258 1025 377 1086 babere.
416 1025 475 1086 Sed
498 1025 599 1086 codem
622 1026 720 1084 seculo
742 1026 819 1099 apud
836 1041 965 1100 paganos
978 1025 1111 1084 Romana
1125 1025 1279 1100 tyrannide
1293 1024 1402 1084 lactum
1417 1029 1471 1095 est,

258 1137 291 1190 nt
312 1146 429 1204 prorsus
452 1131 510 1190 ulio
531 1129 650 1189 consilio
665 1129 819 1189 admodum
833 1130 940 1190 diversi
963 1131 1079 1205 generis
1102 1130 1169 1190 libri
1187 1131 1219 1189 in
1234 1130 1350 1189 comitio
1364 1135 1395 1188 et
1408 1111 1494 1188 ioro'

254 1241 418 1295 urerentur.
463 1235 511 1295 Sic
538 1235 658 1295 serviles
687 1235 857 1310 Caesarum,
887 1235 935 1308 qui
965 1240 1033 1293 tnnc
1059 1235 1212 1310 imperinm
1242 1237 1322 1294 orbis
1352 1235 1469 1296 allecta-

254 1340 338 1414 bant,
374 1339 517 1414 ,delegati
545 1341 577 1398 in
604 1345 790 1399 monumenta
820 1340 1043 1398 clarissimorum
1072 1340 1254 1412 ingeniorum
1284 1339 1470 1400 saeviebant‘

254 1440 391 1520 ,Scilicet
410 1445 461 1504 illo
483 1445 574 1520 igne‘,
595 1445 689 1518 inquit
708 1444 827 1504 Tacitus
836 1443 856 1519 ¹,
880 1460 989 1515 ,uocem
1006 1445 1104 1518 populi
1118 1443 1244 1505 Romani
1259 1451 1291 1505 et
1304 1445 1469 1506 libertatem

255 1547 379 1608 Senatus
402 1555 433 1608 et
454 1549 661 1609 conscientiam
682 1551 797 1624 generis
814 1549 932 1608 hnmani
952 1549 1065 1608 aboleri
1085 1549 1322 1609 arbitrabantur.‘
1358 1549 1470 1609 Eodem

256 1653 376 1712 consilio
398 1659 501 1729 postea
514 1653 613 1728 Papae
630 1653 752 1713 Romani
774 1654 864 1713 libros
885 1653 941 1712 sibi
965 1669 1066 1712 exosos
1089 1654 1299 1714 comburendos
1322 1655 1470 1714 curabant

255 1757 365 1817 Horum
395 1759 502 1833 ,ipsam
524 1759 693 1818 memoriam
713 1754 832 1832 perdl‘¹
860 1757 1003 1818 volebant
1049 1757 1083 1816 Id
1105 1775 1239 1834 magnam
1260 1764 1374 1833 partem
1396 1757 1471 1832 apud
1547 1775 1548 1828 ,

255 1863 345 1922 Italos
367 1869 398 1922 et
419 1863 577 1938 Hispanos,
599 1862 780 1936 aliquatenus
803 1863 880 1938 apud
902 1864 1108 1938 lbancopallos
1129 1881 1184 1938 per
1206 1865 1264 1922 tria
1286 1863 1350 1924 lere
1371 1866 1469 1923 secula

255 1967 452 2043 perfecerunt.
487 1968 563 2041 Quot
582 1967 642 2028 illic
661 1968 904 2028 nobilissimorum
923 1971 1104 2044 ingeniorum
1123 1975 1308 2029 monumenta
1327 1969 1469 2028 obliuione
1547 1965 1548 2046 ζ

256 2073 360 2134 obruto
381 2073 527 2148 hucusque
546 2075 706 2149 jacuerint,
727 2089 803 2132 nunc
824 2073 925 2134 mdcre
948 2077 1104 2149 coepimus.
1140 2075 1232 2146 Quam
1251 2074 1381 2134 diversus
1400 2091 1471 2134 vero

256 2179 414 2256 botherus,
441 2197 528 2254 quum
558 2180 649 2240 libros
676 2179 814 2253 quosdam
842 2179 1040 2255 combureret,
1074 2181 1111 2239 ab
1142 2181 1207 2240 istis
1236 2181 1394 2240 memoriae
1421 2195 1471 2238 ex·
1547 2195 1548 2248 ᾗ

257 2285 445 2344 stinctoribns
466 2284 568 2360 fuerit,
588 2284 674 2344 facile
697 2289 789 2359 patet
827 2284 914 2343 Bulla
935 2285 1211 2360 ista·damnatoria,
1231 2302 1317 2360 quam
1340 2284 1376 2344 ab
1399 2285 1471 2344 ami-

257 2389 299 2447 eis
321 2390 381 2449 suis
402 2391 494 2450 latine
515 2397 546 2450 et
567 2389 733 2462 germanice
764 2388 812 2448 edi
841 2390 919 2448 lacto
946 2391 1043 2450 animo
1065 2389 1284 2464 animadvertit,
1315 2396 1416 2464 postea
1439 2392 1472 2449 in

256 2492 337 2551 nulla
359 2510 478 2566 opernm
500 2494 562 2566 ejus
586 2493 711 2552 editione
733 2493 927 2554 desideratur.
971 2495 1006 2553 ln
1025 2483 1099 2569 jm'is
1121 2493 1266 2554 Pontificii
1287 2493 1370 2553 libris
1388 2497 1472 2570 juxta

257 2597 349 2655 malas
375 2613 424 2655 res
451 2597 540 2656 etiam
564 2597 654 2656 bonas
675 2599 800 2656 inueniri
822 2615 939 2673 semper
964 2599 1096 2674 agnovit,
1128 2615 1223 2673 neque
1248 2615 1299 2660 eos
1322 2617 1341 2659 a
1361 2598 1472 2674 proles·

258 2701 371 2762 auribus
391 2700 648 2776 Vitebergensibns
678 2703 816 2776 explicari
846 2709 932 2776 atque
956 2705 1058 2764 critice
1081 2704 1202 2763 tracmri
1224 2721 1350 2778 unquam
1372 2705 1473 2763 vetnit

258 2804 317 2865 Sed
338 2806 508 2879 praevalere
536 2806 567 2865 in
589 2807 647 2866 illis
669 2823 705 2866 ea
726 2807 810 2880 dixit,
840 2824 914 2881 qnae
943 2809 1192 2882 superstitionem,
1220 2807 1367 2882 fraudem,
1397 2809 1474 2868 anti-

260 2909 445 2970 christianam
461 2911 540 2970 illam
555 2926 641 2985 quam
655 2911 859 2985 descripsimus
875 2913 1057 2986 tyrannidem
1071 2911 1220 2986 foverent3
1243 2912 1339 2973 eidem
1358 2913 1473 2987 spiritui

258 3017 367 3078 bullam
389 3016 598 3077 damnatoriam
622 3022 653 3076 et
674 3017 803 3077 fanatica
824 3018 1055 3078 adversariorum
1081 3019 1189 3091 scripta
1216 3018 1367 3077 inservire.
1409 3017 1475 3076 Hoc
1547 3015 1548 3096 l

258 3124 413 3183 combustis
434 3122 472 3180 iis
495 3121 626 3182 omuibus
648 3123 814 3186 declaravit.
858 3119 1003 3195 Magister
1024 3121 1142 3195 qnidam
1163 3139 1265 3197 rogum
1287 3122 1474 3196 praeparavit

259 3233 302 3302 et,
332 3235 485 3304 postquam
508 3229 653 3288 Lutherns
683 3229 812 3288 codicem
838 3229 912 3301 jnris
941 3227 1067 3301 papalis,
1095 3227 1146 3285 alii
1175 3226 1248 3286 alios
1271 3226 1362 3285 libros
1383 3227 1474 3299 impu
1547 3263 1548 3278 t

258 3339 393 3409 suerunt,
430 3335 528 3392 omnia
556 3333 698 3407 incendit,
733 3333 835 3406 quibus
866 3329 1055 3404 flagrantibus
1086 3331 1231 3390 Lutherns
1262 3332 1350 3390 etiam
1380 3331 1473 3404 ipsam

259 3433 367 3493 bullam
389 3437 420 3494 in
442 3438 540 3510 ignem
561 3437 669 3508 injecit.
713 3437 787 3496 Erat
807 3441 889 3495 actus
911 3434 1085 3508 symbolicas
1107 3435 1145 3494 ad
1167 3435 1245 3494 illius
1266 3435 1405 3508 temporis
1427 3434 1474 3491 in·

259 3539 375 3611 genium
400 3540 629 3599 accommodatus
650 3546 681 3599 et
703 3540 789 3599 facile
810 3539 848 3599 ab
871 3541 1003 3598 omnibus
1024 3539 1196 3599 intellectus.

346 3642 462 3703 Revera
476 3644 562 3716 longe
578 3644 706 3719 prosim,
728 3659 814 3717 quam
827 3645 939 3718 bullae,
962 3643 1099 3702 librorum
1115 3644 1188 3716 jmis
1203 3640 1343 3716 pontificii
1360 3641 1472 3702 exustio

259 3751 321 3810 visa
350 3755 410 3825 est,
445 3749 493 3824 qni
524 3755 589 3822 post
622 3763 734 3808 sacram
765 3749 938 3822 scripturam
968 3747 1094 3807 omnium
1124 3747 1298 3806 sanctissimi
1328 3763 1347 3806 a
1375 3747 1473 3805 multis

257 3849 467 3915 habebantur.⁸
510 3854 641 3928 Namque
672 3853 780 3913 bullam
809 3853 954 3927 quandam
981 3853 1098 3926 publice
1126 3858 1265 3925 spernere
1295 3856 1365 3910 tnnc
1386 3851 1473 3910 etiam

259 3960 336 4034 apud
358 3978 421 4036 eos,
448 3961 496 4035 qni
518 3959 666 4020 Romanae
690 3959 834 4019 ecclesiae
856 3955 944 4016 fidem
967 3956 1172 4032 praestabant,
1199 3972 1257 4015 non
1280 3961 1339 4015 tam
1361 3954 1473 4015 inandi-

258 4069 320 4122 tum
350 4070 426 4140 erat,
457 4081 541 4139 quam
573 4065 650 4138 apud
680 4071 792 4124 nostros
820 4062 1018 4122 Romanenses
1040 4059 1127 4120 bodie
1149 4061 1328 4119 aestimatur.
1373 4059 1473 4118 Multis

258 4169 330 4226 locis
360 4169 447 4227 etiam
480 4169 607 4243 episcopi
637 4167 763 4243 diploma
792 4164 971 4241 pontificium
999 4181 1052 4239 per
1078 4164 1200 4224 Nuntios
1223 4164 1342 4223 allatum
1364 4163 1473 4238 procla-

348 4411 374 4477 1)
393 4410 517 4478 Agricola
537 4427 558 4461 c.
574 4417 600 4461 2.

257 4547 259 4552 .
350 4498 376 4564 2)
397 4497 435 4549 Gi.
454 4497 559 4549 Tacitus
577 4497 665 4548 eodem
681 4495 747 4546 loco.

349 4583 377 4648 3)
395 4583 470 4634 Teste
489 4582 642 4633 Palliuicino
662 4582 795 4645 1,ao,2o.
