<?xml version="1.0" encoding="UTF-8"?>
<!DOCTYPE html PUBLIC "-//W3C//DTD XHTML 1.0 Transitional//EN"
    "http://www.w3.org/TR/xhtml1/DTD/xhtml1-transitional.dtd">
<html xmlns="http://www.w3.org/1999/xhtml" xml:lang="en" lang="en">
 <head>
  <title>
</title>
<meta http-equiv="Content-Type" content="text/html;charset=utf-8" />
  <meta name='ocr-system' content='tesseract 3.04.00' />
  <meta name='ocr-capabilities' content='ocr_page ocr_carea ocr_par ocr_line ocrx_word'/>
</head>
<body>
  <div class='ocr_page' id='page_1' title='image "./erasmusredivivu00schlgoog_0561.png"; bbox 0 0 3194 5042; ppageno 0'>
   <div class='ocr_carea' id='block_1_1' title="bbox 248 295 932 356">
    <p class='ocr_par' dir='ltr' id='par_1_1' title="bbox 248 295 932 356">
     <span class='ocr_line' id='line_1_1' title="bbox 248 295 932 356; baseline -0.001 -4"><span class='ocrx_word' id='word_1_1' title='bbox 248 297 299 356; x_wconf 79' lang='lat'>180</span> <span class='ocrx_word' id='word_1_2' title='bbox 784 297 872 352; x_wconf 82' lang='lat' dir='ltr'>Carur</span> <span class='ocrx_word' id='word_1_3' title='bbox 886 295 932 352; x_wconf 91' lang='lat' dir='ltr'>Vl.</span> 
     </span>
    </p>
   </div>
   <div class='ocr_carea' id='block_1_2' title="bbox 244 499 1483 1652">
    <p class='ocr_par' dir='ltr' id='par_1_2' title="bbox 244 499 1483 1652">
     <span class='ocr_line' id='line_1_2' title="bbox 245 499 1483 578; baseline 0 -18"><span class='ocrx_word' id='word_1_4' title='bbox 245 501 356 562; x_wconf 87' lang='lat' dir='ltr'>merids</span> <span class='ocrx_word' id='word_1_5' title='bbox 378 501 551 578; x_wconf 90' lang='lat' dir='ltr'>repetitum,</span> <span class='ocrx_word' id='word_1_6' title='bbox 579 500 632 560; x_wconf 89' lang='lat' dir='ltr'>sed</span> <span class='ocrx_word' id='word_1_7' title='bbox 655 499 754 560; x_wconf 89' lang='lat' dir='ltr'>statim</span> <span class='ocrx_word' id='word_1_8' title='bbox 777 518 795 559; x_wconf 89' lang='lat' dir='ltr'>a</span> <span class='ocrx_word' id='word_1_9' title='bbox 816 500 1066 574; x_wconf 84' lang='lat' dir='ltr'>Protestautibus,</span> <span class='ocrx_word' id='word_1_10' title='bbox 1090 500 1179 560; x_wconf 89' lang='lat' dir='ltr'>ctiam</span> <span class='ocrx_word' id='word_1_11' title='bbox 1202 500 1266 560; x_wconf 91' lang='lat' dir='ltr'>illic</span> <span class='ocrx_word' id='word_1_12' title='bbox 1287 519 1370 560; x_wconf 88' lang='lat' dir='ltr'>nuno</span> <span class='ocrx_word' id='word_1_13' title='bbox 1392 520 1483 578; x_wconf 89' lang='lat' dir='ltr'>prae·</span> 
     </span>
     <span class='ocr_line' id='line_1_3' title="bbox 246 607 1480 685; baseline -0.002 -16"><span class='ocrx_word' id='word_1_14' title='bbox 246 608 393 683; x_wconf 78' lang='lat' dir='ltr'>sentibus,</span> <span class='ocrx_word' id='word_1_15' title='bbox 420 608 581 668; x_wconf 84' lang='lat' dir='ltr'>refutatum</span> <span class='ocrx_word' id='word_1_16' title='bbox 604 612 657 668; x_wconf 85' lang='lat' dir='ltr'>est.</span> <span class='ocrx_word' id='word_1_17' title='bbox 702 607 851 666; x_wconf 87' lang='lat' dir='ltr'><strong>Nimirum</strong></span> <span class='ocrx_word' id='word_1_18' title='bbox 874 607 1062 685; x_wconf 87' lang='lat' dir='ltr'>respondisse</span> <span class='ocrx_word' id='word_1_19' title='bbox 1085 607 1171 666; x_wconf 93' lang='lat' dir='ltr'>illum</span> <span class='ocrx_word' id='word_1_20' title='bbox 1193 609 1280 667; x_wconf 86' lang='lat' dir='ltr'>matri</span> <span class='ocrx_word' id='word_1_21' title='bbox 1307 608 1480 682; x_wconf 83' lang='lat' dir='ltr'>moriturae,</span> 
     </span>
     <span class='ocr_line' id='line_1_4' title="bbox 246 714 1481 794; baseline 0.001 -20"><span class='ocrx_word' id='word_1_22' title='bbox 246 734 338 794; x_wconf 92' lang='lat' dir='ltr'>quum</span> <span class='ocrx_word' id='word_1_23' title='bbox 360 715 398 774; x_wconf 92' lang='lat' dir='ltr'>de</span> <span class='ocrx_word' id='word_1_24' title='bbox 419 715 477 775; x_wconf 90' lang='lat' dir='ltr'>fide</span> <span class='ocrx_word' id='word_1_25' title='bbox 500 733 569 775; x_wconf 90' lang='lat' dir='ltr'>eum</span> <span class='ocrx_word' id='word_1_26' title='bbox 592 714 780 793; x_wconf 82' lang='lat' dir='ltr'>quaesiisset,</span> <span class='ocrx_word' id='word_1_27' title='bbox 804 733 911 774; x_wconf 86' lang='lat' dir='ltr'>novam</span> <span class='ocrx_word' id='word_1_28' title='bbox 932 715 1021 774; x_wconf 90' lang='lat' dir='ltr'>fidem</span> <span class='ocrx_word' id='word_1_29' title='bbox 1045 715 1270 774; x_wconf 77' lang='lat' dir='ltr'>commodiorem</span> <span class='ocrx_word' id='word_1_30' title='bbox 1292 733 1371 790; x_wconf 89' lang='lat' dir='ltr'>csse,</span> <span class='ocrx_word' id='word_1_31' title='bbox 1396 721 1481 775; x_wconf 82' lang='lat' dir='ltr'>rete-</span> 
     </span>
     <span class='ocr_line' id='line_1_5' title="bbox 244 821 1478 898; baseline -0.002 -14"><span class='ocrx_word' id='word_1_32' title='bbox 244 841 307 884; x_wconf 90' lang='lat' dir='ltr'>rcm</span> <span class='ocrx_word' id='word_1_33' title='bbox 326 821 531 882; x_wconf 85' lang='lat' dir='ltr'>secruiorom.1</span> <span class='ocrx_word' id='word_1_34' title='bbox 568 823 780 883; x_wconf 81' lang='lat' dir='ltr'>Feracissimus</span> <span class='ocrx_word' id='word_1_35' title='bbox 799 827 845 882; x_wconf 88' lang='lat' dir='ltr'>est</span> <span class='ocrx_word' id='word_1_36' title='bbox 862 822 1033 898; x_wconf 87' lang='lat' dir='ltr'>mythorum</span> <span class='ocrx_word' id='word_1_37' title='bbox 1050 822 1087 881; x_wconf 90' lang='lat' dir='ltr'>de</span> <span class='ocrx_word' id='word_1_38' title='bbox 1105 821 1239 882; x_wconf 88' lang='lat' dir='ltr'>Luthuro</span> <span class='ocrx_word' id='word_1_39' title='bbox 1257 823 1478 882; x_wconf 80' lang='lat' dir='ltr'>ementitoruna</span> 
     </span>
     <span class='ocr_line' id='line_1_6' title="bbox 246 929 1479 1008; baseline 0 -18"><span class='ocrx_word' id='word_1_40' title='bbox 246 929 348 990; x_wconf 80' lang='lat' dir='ltr'>Totam</span> <span class='ocrx_word' id='word_1_41' title='bbox 372 929 516 1008; x_wconf 77' lang='lat' dir='ltr'>ineptiam</span> <span class='ocrx_word' id='word_1_42' title='bbox 538 948 623 990; x_wconf 89' lang='lat' dir='ltr'>suam</span> <span class='ocrx_word' id='word_1_43' title='bbox 646 934 676 990; x_wconf 91' lang='lat' dir='ltr'>et</span> <span class='ocrx_word' id='word_1_44' title='bbox 698 929 880 989; x_wconf 84' lang='lat' dir='ltr'>virulentum</span> <span class='ocrx_word' id='word_1_45' title='bbox 903 929 1002 990; x_wconf 86' lang='lat' dir='ltr'>odium</span> <span class='ocrx_word' id='word_1_46' title='bbox 1025 929 1151 989; x_wconf 84' lang='lat' dir='ltr'>effundit</span> <span class='ocrx_word' id='word_1_47' title='bbox 1173 929 1205 988; x_wconf 90' lang='lat' dir='ltr'>in</span> <span class='ocrx_word' id='word_1_48' title='bbox 1228 931 1315 990; x_wconf 86' lang='lat' dir='ltr'>verba</span> <span class='ocrx_word' id='word_1_49' title='bbox 1338 935 1367 990; x_wconf 89' lang='lat' dir='ltr'>et</span> <span class='ocrx_word' id='word_1_50' title='bbox 1385 929 1479 990; x_wconf 90' lang='lat' dir='ltr'>collo-</span> 
     </span>
     <span class='ocr_line' id='line_1_7' title="bbox 245 1036 1478 1115; baseline 0 -19"><span class='ocrx_word' id='word_1_51' title='bbox 245 1037 327 1115; x_wconf 81' lang='lat' dir='ltr'>quia‘,</span> <span class='ocrx_word' id='word_1_52' title='bbox 356 1055 431 1115; x_wconf 90' lang='lat' dir='ltr'>quae</span> <span class='ocrx_word' id='word_1_53' title='bbox 457 1037 503 1096; x_wconf 91' lang='lat' dir='ltr'>illi</span> <span class='ocrx_word' id='word_1_54' title='bbox 530 1037 654 1114; x_wconf 84' lang='lat' dir='ltr'>affingit.</span> <span class='ocrx_word' id='word_1_55' title='bbox 701 1036 750 1098; x_wconf 86' lang='lat' dir='ltr'>Sic</span> <span class='ocrx_word' id='word_1_56' title='bbox 777 1055 845 1096; x_wconf 92' lang='lat' dir='ltr'>cum</span> <span class='ocrx_word' id='word_1_57' title='bbox 873 1037 1042 1096; x_wconf 80' lang='lat' dir='ltr'>contessum</span> <span class='ocrx_word' id='word_1_58' title='bbox 1069 1053 1135 1096; x_wconf 88' lang='lat' dir='ltr'>esse</span> <span class='ocrx_word' id='word_1_59' title='bbox 1157 1037 1297 1111; x_wconf 83' lang='lat' dir='ltr'>affirmat,</span> <span class='ocrx_word' id='word_1_60' title='bbox 1326 1037 1382 1096; x_wconf 83' lang='lat' dir='ltr'>sibi</span> <span class='ocrx_word' id='word_1_61' title='bbox 1408 1055 1478 1114; x_wconf 89' lang='lat' dir='ltr'>per·</span> 
     </span>
     <span class='ocr_line' id='line_1_8' title="bbox 246 1143 1477 1222; baseline 0 -18"><span class='ocrx_word' id='word_1_62' title='bbox 246 1163 368 1205; x_wconf 90' lang='lat' dir='ltr'>suasum</span> <span class='ocrx_word' id='word_1_63' title='bbox 394 1161 460 1205; x_wconf 88' lang='lat' dir='ltr'>esse</span> <span class='ocrx_word' id='word_1_64' title='bbox 487 1163 505 1204; x_wconf 93' lang='lat' dir='ltr'>a</span> <span class='ocrx_word' id='word_1_65' title='bbox 531 1143 638 1206; x_wconf 62' lang='lat' dir='ltr'>&amp;tana</span> <span class='ocrx_word' id='word_1_66' title='bbox 670 1149 704 1204; x_wconf 93' lang='grc' dir='ltr'>ιιι</span> <span class='ocrx_word' id='word_1_67' title='bbox 735 1145 858 1204; x_wconf 89' lang='lat' dir='ltr'>missam</span> <span class='ocrx_word' id='word_1_68' title='bbox 885 1143 1026 1222; x_wconf 85' lang='lat' dir='ltr'>aboleret;</span> <span class='ocrx_word' id='word_1_69' title='bbox 1059 1161 1150 1222; x_wconf 90' lang='lat' dir='ltr'>quare</span> <span class='ocrx_word' id='word_1_70' title='bbox 1176 1161 1237 1204; x_wconf 92' lang='lat' dir='ltr'>non</span> <span class='ocrx_word' id='word_1_71' title='bbox 1263 1144 1371 1202; x_wconf 91' lang='lat' dir='ltr'>mirum</span> <span class='ocrx_word' id='word_1_72' title='bbox 1399 1162 1477 1218; x_wconf 68' lang='lat' dir='ltr'>msc,</span> 
     </span>
     <span class='ocr_line' id='line_1_9' title="bbox 245 1251 1477 1330; baseline 0 -20"><span class='ocrx_word' id='word_1_73' title='bbox 245 1253 324 1330; x_wconf 90' lang='lat' dir='ltr'>quod</span> <span class='ocrx_word' id='word_1_74' title='bbox 351 1252 610 1330; x_wconf 87' lang='lat' dir='ltr'>protestantismus</span> <span class='ocrx_word' id='word_1_75' title='bbox 639 1252 679 1311; x_wconf 89' lang='lat' dir='ltr'>sit</span> <span class='ocrx_word' id='word_1_76' title='bbox 706 1251 868 1327; x_wconf 83' lang='lat' dir='ltr'>satarucus,</span> <span class='ocrx_word' id='word_1_77' title='bbox 897 1251 949 1311; x_wconf 92' lang='lat' dir='ltr'>sed</span> <span class='ocrx_word' id='word_1_78' title='bbox 976 1251 1085 1310; x_wconf 88' lang='lat' dir='ltr'>mirum</span> <span class='ocrx_word' id='word_1_79' title='bbox 1113 1251 1190 1329; x_wconf 90' lang='lat' dir='ltr'>quod</span> <span class='ocrx_word' id='word_1_80' title='bbox 1217 1251 1306 1310; x_wconf 89' lang='lat' dir='ltr'>etiam</span> <span class='ocrx_word' id='word_1_81' title='bbox 1331 1252 1364 1310; x_wconf 92' lang='lat' dir='ltr'>in</span> <span class='ocrx_word' id='word_1_82' title='bbox 1387 1251 1477 1310; x_wconf 86' lang='lat' dir='ltr'>Italia</span> 
     </span>
     <span class='ocr_line' id='line_1_10' title="bbox 246 1358 1477 1437; baseline 0.001 -20"><span class='ocrx_word' id='word_1_83' title='bbox 246 1360 366 1437; x_wconf 89' lang='lat' dir='ltr'>quidam</span> <span class='ocrx_word' id='word_1_84' title='bbox 389 1360 462 1420; x_wconf 85' lang='lat' dir='ltr'>satis</span> <span class='ocrx_word' id='word_1_85' title='bbox 485 1359 610 1419; x_wconf 85' lang='lat' dir='ltr'>animosi</span> <span class='ocrx_word' id='word_1_86' title='bbox 634 1359 695 1419; x_wconf 88' lang='lat' dir='ltr'>sint</span> <span class='ocrx_word' id='word_1_87' title='bbox 716 1359 754 1418; x_wconf 92' lang='lat' dir='ltr'>ad</span> <span class='ocrx_word' id='word_1_88' title='bbox 777 1377 810 1419; x_wconf 90' lang='lat' dir='ltr'>se</span> <span class='ocrx_word' id='word_1_89' title='bbox 832 1359 943 1419; x_wconf 89' lang='lat' dir='ltr'>dandos</span> <span class='ocrx_word' id='word_1_90' title='bbox 966 1359 1237 1419; x_wconf 66' lang='grc' dir='ltr'>Ριοιθιιιειιιίειιιο.2</span> <span class='ocrx_word' id='word_1_91' title='bbox 1282 1359 1327 1419; x_wconf 89' lang='lat' dir='ltr'>De</span> <span class='ocrx_word' id='word_1_92' title='bbox 1349 1358 1477 1420; x_wconf 87' lang='lat' dir='ltr'>decessu</span> 
     </span>
     <span class='ocr_line' id='line_1_11' title="bbox 246 1466 1475 1545; baseline 0 -19"><span class='ocrx_word' id='word_1_93' title='bbox 246 1467 323 1543; x_wconf 90' lang='lat' dir='ltr'>ejus,</span> <span class='ocrx_word' id='word_1_94' title='bbox 347 1485 435 1545; x_wconf 89' lang='lat' dir='ltr'>quem</span> <span class='ocrx_word' id='word_1_95' title='bbox 454 1466 578 1528; x_wconf 83' lang='lat' dir='ltr'>Eislebii</span> <span class='ocrx_word' id='word_1_96' title='bbox 600 1471 668 1544; x_wconf 89' lang='lat' dir='ltr'>post</span> <span class='ocrx_word' id='word_1_97' title='bbox 690 1466 739 1544; x_wconf 93' lang='lat' dir='ltr'>pie</span> <span class='ocrx_word' id='word_1_98' title='bbox 762 1467 925 1526; x_wconf 83' lang='lat' dir='ltr'>contectam</span> <span class='ocrx_word' id='word_1_99' title='bbox 947 1466 1118 1544; x_wconf 87' lang='lat' dir='ltr'>Principum</span> <span class='ocrx_word' id='word_1_100' title='bbox 1142 1467 1266 1525; x_wconf 83' lang='lat' dir='ltr'>fratrum</span> <span class='ocrx_word' id='word_1_101' title='bbox 1289 1466 1475 1526; x_wconf 83' lang='lat' dir='ltr'>concordiam</span> 
     </span>
     <span class='ocr_line' id='line_1_12' title="bbox 245 1573 1476 1652; baseline 0.002 -20"><span class='ocrx_word' id='word_1_102' title='bbox 245 1573 413 1650; x_wconf 89' lang='lat' dir='ltr'>piissimum</span> <span class='ocrx_word' id='word_1_103' title='bbox 437 1579 467 1634; x_wconf 90' lang='lat' dir='ltr'>et</span> <span class='ocrx_word' id='word_1_104' title='bbox 494 1575 526 1634; x_wconf 88' lang='lat' dir='ltr'>iu</span> <span class='ocrx_word' id='word_1_105' title='bbox 549 1593 621 1652; x_wconf 90' lang='lat' dir='ltr'>pace</span> <span class='ocrx_word' id='word_1_106' title='bbox 644 1575 700 1634; x_wconf 91' lang='lat' dir='ltr'>Dei</span> <span class='ocrx_word' id='word_1_107' title='bbox 723 1575 834 1634; x_wconf 89' lang='lat' dir='ltr'>sactum</span> <span class='ocrx_word' id='word_1_108' title='bbox 857 1591 923 1634; x_wconf 89' lang='lat' dir='ltr'>esse</span> <span class='ocrx_word' id='word_1_109' title='bbox 946 1579 1073 1648; x_wconf 89' lang='lat' dir='ltr'>constat,</span> <span class='ocrx_word' id='word_1_110' title='bbox 1095 1574 1168 1634; x_wconf 88' lang='lat' dir='ltr'>haee</span> <span class='ocrx_word' id='word_1_111' title='bbox 1190 1577 1289 1634; x_wconf 85' lang='lat' dir='ltr'>narrat</span> <span class='ocrx_word' id='word_1_112' title='bbox 1311 1592 1400 1634; x_wconf 85' lang='lat' dir='ltr'>verus</span> <span class='ocrx_word' id='word_1_113' title='bbox 1422 1574 1476 1634; x_wconf 91' lang='lat' dir='ltr'>ille</span> 
     </span>
    </p>
   </div>
   <div class='ocr_carea' id='block_1_3' title="bbox 245 1680 1589 1760">
    <p class='ocr_par' dir='ltr' id='par_1_3' title="bbox 245 1680 1589 1760">
     <span class='ocr_line' id='line_1_13' title="bbox 245 1680 1589 1760; baseline 0.001 -21"><span class='ocrx_word' id='word_1_114' title='bbox 245 1680 292 1739; x_wconf 92' lang='lat' dir='ltr'>Pii</span> <span class='ocrx_word' id='word_1_115' title='bbox 319 1681 372 1741; x_wconf 87' lang='lat' dir='ltr'>lX.</span> <span class='ocrx_word' id='word_1_116' title='bbox 401 1682 528 1742; x_wconf 89' lang='lat' dir='ltr'>amicus:</span> <span class='ocrx_word' id='word_1_117' title='bbox 567 1681 729 1757; x_wconf 90' lang='lat' dir='ltr'>,Lutherus</span> <span class='ocrx_word' id='word_1_118' title='bbox 761 1686 918 1760; x_wconf 90' lang='lat' dir='ltr'>postquam</span> <span class='ocrx_word' id='word_1_119' title='bbox 950 1682 1030 1741; x_wconf 92' lang='lat' dir='ltr'>diem</span> <span class='ocrx_word' id='word_1_120' title='bbox 1061 1681 1138 1741; x_wconf 89' lang='lat' dir='ltr'>inter</span> <span class='ocrx_word' id='word_1_121' title='bbox 1168 1681 1246 1741; x_wconf 84' lang='lat' dir='ltr'>mola</span> <span class='ocrx_word' id='word_1_122' title='bbox 1277 1687 1307 1741; x_wconf 88' lang='lat' dir='ltr'>et</span> <span class='ocrx_word' id='word_1_123' title='bbox 1338 1682 1477 1742; x_wconf 85' lang='lat' dir='ltr'>scurrilia</span> <span class='ocrx_word' id='word_1_124' title='bbox 1588 1741 1589 1750; x_wconf 62' lang='grc'>,</span> 
     </span>
    </p>
   </div>
   <div class='ocr_carea' id='block_1_4' title="bbox 245 1771 1475 1867">
    <p class='ocr_par' dir='ltr' id='par_1_4' title="bbox 245 1771 1475 1867">
     <span class='ocr_line' id='line_1_14' title="bbox 245 1771 1475 1867; baseline 0.001 -20"><span class='ocrx_word' id='word_1_125' title='bbox 245 1771 392 1866; x_wconf 89' lang='lat' dir='ltr'>colloquia</span> <span class='ocrx_word' id='word_1_126' title='bbox 419 1789 544 1866; x_wconf 81' lang='lat' dir='ltr'>peregit,</span> <span class='ocrx_word' id='word_1_127' title='bbox 574 1795 717 1866; x_wconf 87' lang='lat' dir='ltr'>sequente</span> <span class='ocrx_word' id='word_1_128' title='bbox 739 1793 824 1849; x_wconf 88' lang='lat' dir='ltr'>nocte</span> <span class='ocrx_word' id='word_1_129' title='bbox 850 1795 985 1850; x_wconf 90' lang='lat' dir='ltr'>mortuus</span> <span class='ocrx_word' id='word_1_130' title='bbox 1013 1793 1070 1864; x_wconf 89' lang='lat' dir='ltr'>est,</span> <span class='ocrx_word' id='word_1_131' title='bbox 1098 1807 1195 1867; x_wconf 89' lang='lat' dir='ltr'>neque</span> <span class='ocrx_word' id='word_1_132' title='bbox 1218 1793 1344 1864; x_wconf 85' lang='lat' dir='ltr'>constat,</span> <span class='ocrx_word' id='word_1_133' title='bbox 1372 1793 1475 1848; x_wconf 87' lang='lat' dir='ltr'>utrum</span> 
     </span>
    </p>
   </div>
   <div class='ocr_carea' id='block_1_5' title="bbox 132 1877 1386 1974">
    <p class='ocr_par' dir='ltr' id='par_1_5' title="bbox 132 1877 1386 1974">
     <span class='ocr_line' id='line_1_15' title="bbox 132 1877 1386 1974; baseline 0.001 -20"><span class='ocrx_word' id='word_1_134' title='bbox 132 1877 133 1882; x_wconf 8' lang='grc' dir='ltr'>ἵ</span> <span class='ocrx_word' id='word_1_135' title='bbox 245 1895 370 1956; x_wconf 89' lang='lat' dir='ltr'>bibendo</span> <span class='ocrx_word' id='word_1_136' title='bbox 394 1897 567 1971; x_wconf 83' lang='lat' dir='ltr'>suffocatus,</span> <span class='ocrx_word' id='word_1_137' title='bbox 591 1915 629 1955; x_wconf 90' lang='lat' dir='ltr'>an</span> <span class='ocrx_word' id='word_1_138' title='bbox 652 1897 716 1956; x_wconf 90' lang='lat' dir='ltr'>suis</span> <span class='ocrx_word' id='word_1_139' title='bbox 739 1897 887 1974; x_wconf 86' lang='lat' dir='ltr'>manibus;</span> <span class='ocrx_word' id='word_1_140' title='bbox 912 1915 988 1974; x_wconf 90' lang='lat' dir='ltr'>quae</span> <span class='ocrx_word' id='word_1_141' title='bbox 1010 1915 1089 1956; x_wconf 92' lang='lat' dir='ltr'>mors</span> <span class='ocrx_word' id='word_1_142' title='bbox 1112 1914 1146 1956; x_wconf 87' lang='lat' dir='ltr'>ec</span> <span class='ocrx_word' id='word_1_143' title='bbox 1169 1897 1260 1973; x_wconf 90' lang='lat' dir='ltr'>digna</span> <span class='ocrx_word' id='word_1_144' title='bbox 1281 1895 1386 1956; x_wconf 53' lang='grc' dir='ltr'>θιιιιι.8</span> 
     </span>
    </p>
   </div>
   <div class='ocr_carea' id='block_1_6' title="bbox 244 2003 1476 2403">
    <p class='ocr_par' dir='ltr' id='par_1_6' title="bbox 244 2003 1476 2403">
     <span class='ocr_line' id='line_1_16' title="bbox 352 2003 1476 2081; baseline 0.001 -19"><span class='ocrx_word' id='word_1_145' title='bbox 352 2003 399 2062; x_wconf 89' lang='lat' dir='ltr'>Ad</span> <span class='ocrx_word' id='word_1_146' title='bbox 435 2004 587 2064; x_wconf 86' lang='lat' dir='ltr'>mendacia</span> <span class='ocrx_word' id='word_1_147' title='bbox 618 2004 655 2064; x_wconf 92' lang='lat' dir='ltr'>de</span> <span class='ocrx_word' id='word_1_148' title='bbox 687 2003 811 2063; x_wconf 89' lang='lat' dir='ltr'>Lutheri</span> <span class='ocrx_word' id='word_1_149' title='bbox 842 2005 924 2064; x_wconf 92' lang='lat' dir='ltr'>obitu</span> <span class='ocrx_word' id='word_1_150' title='bbox 956 2023 1044 2081; x_wconf 91' lang='lat' dir='ltr'>quam</span> <span class='ocrx_word' id='word_1_151' title='bbox 1076 2003 1246 2064; x_wconf 86' lang='lat' dir='ltr'>foedissima</span> <span class='ocrx_word' id='word_1_152' title='bbox 1281 2004 1476 2080; x_wconf 83' lang='lat' dir='ltr'>excogitanda</span> 
     </span>
     <span class='ocr_line' id='line_1_17' title="bbox 245 2110 1474 2188; baseline 0.002 -20"><span class='ocrx_word' id='word_1_153' title='bbox 245 2115 423 2170; x_wconf 80' lang='lat' dir='ltr'>venenatum</span> <span class='ocrx_word' id='word_1_154' title='bbox 440 2111 627 2188; x_wconf 87' lang='lat' dir='ltr'>Papistarum</span> <span class='ocrx_word' id='word_1_155' title='bbox 650 2111 803 2187; x_wconf 83' lang='lat' dir='ltr'>ingenium</span> <span class='ocrx_word' id='word_1_156' title='bbox 826 2129 943 2188; x_wconf 88' lang='lat' dir='ltr'>semper</span> <span class='ocrx_word' id='word_1_157' title='bbox 965 2110 1179 2171; x_wconf 86' lang='lat' dir='ltr'>feracissimum</span> <span class='ocrx_word' id='word_1_158' title='bbox 1198 2117 1267 2172; x_wconf 85' lang='lat' dir='ltr'>erat</span> <span class='ocrx_word' id='word_1_159' title='bbox 1314 2110 1408 2188; x_wconf 79' lang='lat' dir='ltr'>Cujus</span> <span class='ocrx_word' id='word_1_160' title='bbox 1431 2113 1474 2171; x_wconf 85' lang='lat' dir='ltr'>mi</span> 
     </span>
     <span class='ocr_line' id='line_1_18' title="bbox 245 2217 1471 2296; baseline 0.001 -19"><span class='ocrx_word' id='word_1_161' title='bbox 245 2217 415 2294; x_wconf 84' lang='lat' dir='ltr'>exemplum</span> <span class='ocrx_word' id='word_1_162' title='bbox 445 2219 507 2294; x_wconf 90' lang='lat' dir='ltr'>jam</span> <span class='ocrx_word' id='word_1_163' title='bbox 535 2237 627 2296; x_wconf 89' lang='lat' dir='ltr'>quum</span> <span class='ocrx_word' id='word_1_164' title='bbox 659 2217 712 2278; x_wconf 92' lang='lat' dir='ltr'>ille</span> <span class='ocrx_word' id='word_1_165' title='bbox 738 2219 835 2278; x_wconf 93' lang='lat' dir='ltr'>adhuc</span> <span class='ocrx_word' id='word_1_166' title='bbox 867 2223 1017 2296; x_wconf 88' lang='lat' dir='ltr'>superstes</span> <span class='ocrx_word' id='word_1_167' title='bbox 1045 2222 1124 2278; x_wconf 91' lang='lat' dir='ltr'>esset</span> <span class='ocrx_word' id='word_1_168' title='bbox 1154 2218 1186 2276; x_wconf 93' lang='lat' dir='ltr'>in</span> <span class='ocrx_word' id='word_1_169' title='bbox 1213 2218 1314 2278; x_wconf 92' lang='lat' dir='ltr'>libello</span> <span class='ocrx_word' id='word_1_170' title='bbox 1346 2219 1471 2295; x_wconf 82' lang='lat' dir='ltr'>quodam</span> 
     </span>
     <span class='ocr_line' id='line_1_19' title="bbox 244 2324 1473 2403; baseline 0.001 -20"><span class='ocrx_word' id='word_1_171' title='bbox 244 2324 344 2384; x_wconf 83' lang='lat' dir='ltr'>italica</span> <span class='ocrx_word' id='word_1_172' title='bbox 366 2325 470 2401; x_wconf 90' lang='lat' dir='ltr'>lingua</span> <span class='ocrx_word' id='word_1_173' title='bbox 497 2327 606 2403; x_wconf 90' lang='lat' dir='ltr'>scripto</span> <span class='ocrx_word' id='word_1_174' title='bbox 633 2325 779 2403; x_wconf 83' lang='lat' dir='ltr'>longeque</span> <span class='ocrx_word' id='word_1_175' title='bbox 807 2343 909 2403; x_wconf 90' lang='lat' dir='ltr'>sparso</span> <span class='ocrx_word' id='word_1_176' title='bbox 932 2325 1055 2386; x_wconf 82' lang='lat' dir='ltr'>exstitit.</span> <span class='ocrx_word' id='word_1_177' title='bbox 1101 2324 1186 2399; x_wconf 83' lang='lat' dir='ltr'>Quod</span> <span class='ocrx_word' id='word_1_178' title='bbox 1211 2325 1290 2402; x_wconf 91' lang='lat' dir='ltr'>apud</span> <span class='ocrx_word' id='word_1_179' title='bbox 1316 2343 1372 2384; x_wconf 90' lang='lat' dir='ltr'>nos</span> <span class='ocrx_word' id='word_1_180' title='bbox 1400 2328 1473 2385; x_wconf 86' lang='lat' dir='ltr'>satis</span> 
     </span>
    </p>
   </div>
   <div class='ocr_carea' id='block_1_7' title="bbox 245 2432 1589 2511">
    <p class='ocr_par' dir='ltr' id='par_1_7' title="bbox 245 2432 1589 2511">
     <span class='ocr_line' id='line_1_20' title="bbox 245 2432 1589 2511; baseline 0.001 -20"><span class='ocrx_word' id='word_1_181' title='bbox 245 2437 348 2491; x_wconf 91' lang='lat' dir='ltr'>notum</span> <span class='ocrx_word' id='word_1_182' title='bbox 371 2437 579 2492; x_wconf 83' lang='lat' dir='ltr'>extraneorum</span> <span class='ocrx_word' id='word_1_183' title='bbox 601 2451 690 2493; x_wconf 90' lang='lat' dir='ltr'>causa</span> <span class='ocrx_word' id='word_1_184' title='bbox 712 2435 840 2493; x_wconf 81' lang='lat' dir='ltr'>afferam.</span> <span class='ocrx_word' id='word_1_185' title='bbox 886 2433 1028 2493; x_wconf 80' lang='lat' dir='ltr'>Narratur</span> <span class='ocrx_word' id='word_1_186' title='bbox 1054 2432 1119 2493; x_wconf 90' lang='lat' dir='ltr'>illic</span> <span class='ocrx_word' id='word_1_187' title='bbox 1140 2437 1281 2511; x_wconf 89' lang='lat' dir='ltr'>tanquam</span> <span class='ocrx_word' id='word_1_188' title='bbox 1303 2451 1343 2492; x_wconf 86' lang='lat' dir='ltr'>ex</span> <span class='ocrx_word' id='word_1_189' title='bbox 1363 2433 1473 2492; x_wconf 87' lang='lat' dir='ltr'>litteris</span> <span class='ocrx_word' id='word_1_190' title='bbox 1588 2501 1589 2504; x_wconf 8' lang='grc' dir='ltr'><strong>Ἴ</strong></span> 
     </span>
    </p>
   </div>
   <div class='ocr_carea' id='block_1_8' title="bbox 244 2535 1589 2948">
    <p class='ocr_par' dir='ltr' id='par_1_8' title="bbox 244 2535 1589 2948">
     <span class='ocr_line' id='line_1_21' title="bbox 244 2535 1589 2618; baseline 0.002 -22"><span class='ocrx_word' id='word_1_191' title='bbox 244 2538 334 2614; x_wconf 88' lang='lat' dir='ltr'>legati</span> <span class='ocrx_word' id='word_1_192' title='bbox 353 2539 443 2616; x_wconf 89' lang='lat' dir='ltr'>Regis</span> <span class='ocrx_word' id='word_1_193' title='bbox 463 2539 576 2600; x_wconf 82' lang='lat' dir='ltr'>Galliae</span> <span class='ocrx_word' id='word_1_194' title='bbox 600 2541 751 2616; x_wconf 91' lang='lat' dir='ltr'>haustum,</span> <span class='ocrx_word' id='word_1_195' title='bbox 775 2541 938 2600; x_wconf 89' lang='lat' dir='ltr'>Lutherum</span> <span class='ocrx_word' id='word_1_196' title='bbox 962 2540 1127 2618; x_wconf 90' lang='lat' dir='ltr'>periculose</span> <span class='ocrx_word' id='word_1_197' title='bbox 1149 2545 1348 2617; x_wconf 81' lang='lat' dir='ltr'>aegrotantem</span> <span class='ocrx_word' id='word_1_198' title='bbox 1371 2540 1473 2601; x_wconf 86' lang='lat' dir='ltr'>Sacra·</span> <span class='ocrx_word' id='word_1_199' title='bbox 1588 2535 1589 2538; x_wconf 63' lang='grc'>’</span> 
     </span>
     <span class='ocr_line' id='line_1_22' title="bbox 244 2647 1472 2726; baseline 0.004 -23"><span class='ocrx_word' id='word_1_200' title='bbox 244 2649 377 2704; x_wconf 88' lang='lat' dir='ltr'>mentum</span> <span class='ocrx_word' id='word_1_201' title='bbox 409 2647 638 2706; x_wconf 88' lang='lat' dir='ltr'>eucharisticum</span> <span class='ocrx_word' id='word_1_202' title='bbox 669 2647 851 2708; x_wconf 79' lang='lat' dir='ltr'>desiderasse</span> <span class='ocrx_word' id='word_1_203' title='bbox 887 2666 980 2726; x_wconf 88' lang='lat' dir='ltr'>eoque</span> <span class='ocrx_word' id='word_1_204' title='bbox 1010 2653 1130 2724; x_wconf 90' lang='lat' dir='ltr'>accepto</span> <span class='ocrx_word' id='word_1_205' title='bbox 1162 2648 1263 2708; x_wconf 88' lang='lat' dir='ltr'>statim</span> <span class='ocrx_word' id='word_1_206' title='bbox 1294 2648 1472 2726; x_wconf 86' lang='lat' dir='ltr'>decessisse;</span> 
     </span>
     <span class='ocr_line' id='line_1_23' title="bbox 244 2753 1473 2834; baseline 0.003 -24"><span class='ocrx_word' id='word_1_207' title='bbox 244 2769 364 2828; x_wconf 82' lang='lat' dir='ltr'>rogasse</span> <span class='ocrx_word' id='word_1_208' title='bbox 395 2756 493 2812; x_wconf 90' lang='lat' dir='ltr'>autem</span> <span class='ocrx_word' id='word_1_209' title='bbox 521 2753 708 2829; x_wconf 86' lang='lat' dir='ltr'>morientem,</span> <span class='ocrx_word' id='word_1_210' title='bbox 740 2759 774 2813; x_wconf 94' lang='lat' dir='ltr'>ut</span> <span class='ocrx_word' id='word_1_211' title='bbox 801 2773 908 2832; x_wconf 91' lang='lat' dir='ltr'>corpus</span> <span class='ocrx_word' id='word_1_212' title='bbox 941 2773 1029 2815; x_wconf 92' lang='lat' dir='ltr'>suum</span> <span class='ocrx_word' id='word_1_213' title='bbox 1056 2756 1141 2814; x_wconf 90' lang='lat' dir='ltr'>altari</span> <span class='ocrx_word' id='word_1_214' title='bbox 1173 2756 1344 2834; x_wconf 88' lang='lat' dir='ltr'>impositum</span> <span class='ocrx_word' id='word_1_215' title='bbox 1370 2756 1473 2815; x_wconf 86' lang='lat' dir='ltr'>divino</span> 
     </span>
     <span class='ocr_line' id='line_1_24' title="bbox 244 2858 1472 2948; baseline 0.003 -30"><span class='ocrx_word' id='word_1_216' title='bbox 244 2858 327 2918; x_wconf 89' lang='lat' dir='ltr'>cultu</span> <span class='ocrx_word' id='word_1_217' title='bbox 359 2860 534 2920; x_wconf 90' lang='lat' dir='ltr'>adoraretur.</span> <span class='ocrx_word' id='word_1_218' title='bbox 586 2858 685 2934; x_wconf 81' lang='lat' dir='ltr'>Quum</span> <span class='ocrx_word' id='word_1_219' title='bbox 716 2880 785 2922; x_wconf 90' lang='lat' dir='ltr'>vero</span> <span class='ocrx_word' id='word_1_220' title='bbox 817 2862 952 2939; x_wconf 89' lang='lat' dir='ltr'>neglecto</span> <span class='ocrx_word' id='word_1_221' title='bbox 982 2863 1028 2922; x_wconf 89' lang='lat' dir='ltr'>uti</span> <span class='ocrx_word' id='word_1_222' title='bbox 1058 2881 1113 2940; x_wconf 90' lang='lat' dir='ltr'>par</span> <span class='ocrx_word' id='word_1_223' title='bbox 1143 2867 1206 2923; x_wconf 88' lang='lat' dir='ltr'>erat</span> <span class='ocrx_word' id='word_1_224' title='bbox 1236 2863 1299 2948; x_wconf 79' lang='lat' dir='ltr'>isto</span> <span class='ocrx_word' id='word_1_225' title='bbox 1324 2863 1472 2938; x_wconf 87' lang='lat' dir='ltr'>mandato,</span> 
     </span>
    </p>
   </div>
   <div class='ocr_carea' id='block_1_9' title="bbox 203 2965 1472 3908">
    <p class='ocr_par' dir='ltr' id='par_1_9' title="bbox 203 2965 1472 3908">
     <span class='ocr_line' id='line_1_25' title="bbox 244 2965 1472 3046; baseline 0.003 -20"><span class='ocrx_word' id='word_1_226' title='bbox 244 2965 368 3027; x_wconf 87' lang='lat' dir='ltr'>cadaver</span> <span class='ocrx_word' id='word_1_227' title='bbox 395 2967 460 3044; x_wconf 89' lang='lat' dir='ltr'>ejus</span> <span class='ocrx_word' id='word_1_228' title='bbox 488 2967 520 3026; x_wconf 88' lang='lat' dir='ltr'>in</span> <span class='ocrx_word' id='word_1_229' title='bbox 548 2967 683 3046; x_wconf 87' lang='lat' dir='ltr'>sepulcro</span> <span class='ocrx_word' id='word_1_230' title='bbox 710 2969 897 3045; x_wconf 88' lang='lat' dir='ltr'>conderetur,</span> <span class='ocrx_word' id='word_1_231' title='bbox 928 2971 1086 3030; x_wconf 83' lang='lat' dir='ltr'>excitatam</span> <span class='ocrx_word' id='word_1_232' title='bbox 1113 2975 1316 3031; x_wconf 86' lang='lat' dir='ltr'>esse-tantam</span> <span class='ocrx_word' id='word_1_233' title='bbox 1344 2971 1376 3030; x_wconf 90' lang='lat' dir='ltr'>in</span> <span class='ocrx_word' id='word_1_234' title='bbox 1404 2975 1472 3030; x_wconf 76' lang='lat' dir='ltr'>acre</span> 
     </span>
     <span class='ocr_line' id='line_1_26' title="bbox 243 3077 1472 3151; baseline 0.004 -18"><span class='ocrx_word' id='word_1_235' title='bbox 243 3077 462 3151; x_wconf 80' lang='lat' dir='ltr'>tempestatem,</span> <span class='ocrx_word' id='word_1_236' title='bbox 489 3079 643 3136; x_wconf 85' lang='lat' dir='ltr'>utrarum</span> <span class='ocrx_word' id='word_1_237' title='bbox 670 3082 792 3137; x_wconf 87' lang='lat' dir='ltr'>naturae</span> <span class='ocrx_word' id='word_1_238' title='bbox 815 3077 940 3138; x_wconf 86' lang='lat' dir='ltr'>exitium</span> <span class='ocrx_word' id='word_1_239' title='bbox 968 3077 1122 3138; x_wconf 85' lang='lat' dir='ltr'>imminere</span> <span class='ocrx_word' id='word_1_240' title='bbox 1144 3077 1294 3138; x_wconf 86' lang='lat' dir='ltr'>videretur</span> <span class='ocrx_word' id='word_1_241' title='bbox 1316 3082 1346 3138; x_wconf 91' lang='lat' dir='ltr'>et</span> <span class='ocrx_word' id='word_1_242' title='bbox 1367 3095 1472 3138; x_wconf 87' lang='lat' dir='ltr'>omnes</span> 
     </span>
     <span class='ocr_line' id='line_1_27' title="bbox 203 3181 1472 3263; baseline 0.005 -24"><span class='ocrx_word' id='word_1_243' title='bbox 203 3241 206 3246; x_wconf 79' lang='grc'><em>,</em></span> <span class='ocrx_word' id='word_1_244' title='bbox 243 3181 275 3240; x_wconf 91' lang='lat' dir='ltr'>in</span> <span class='ocrx_word' id='word_1_245' title='bbox 299 3199 449 3242; x_wconf 91' lang='lat' dir='ltr'>summum</span> <span class='ocrx_word' id='word_1_246' title='bbox 477 3188 617 3244; x_wconf 87' lang='lat' dir='ltr'>terrorem</span> <span class='ocrx_word' id='word_1_247' title='bbox 645 3185 866 3261; x_wconf 83' lang='lat' dir='ltr'>conjicerentur.</span> <span class='ocrx_word' id='word_1_248' title='bbox 913 3185 996 3245; x_wconf 80' lang='lat' dir='ltr'>Tunc</span> <span class='ocrx_word' id='word_1_249' title='bbox 1014 3203 1077 3261; x_wconf 89' lang='lat' dir='ltr'>ecs,</span> <span class='ocrx_word' id='word_1_250' title='bbox 1101 3185 1152 3263; x_wconf 93' lang='lat' dir='ltr'>qui</span> <span class='ocrx_word' id='word_1_251' title='bbox 1174 3185 1352 3260; x_wconf 82' lang='lat' dir='ltr'>adfuissent,</span> <span class='ocrx_word' id='word_1_252' title='bbox 1375 3185 1472 3245; x_wconf 89' lang='lat' dir='ltr'>oculis</span> 
     </span>
     <span class='ocr_line' id='line_1_28' title="bbox 242 3287 1471 3371; baseline 0.005 -25"><span class='ocrx_word' id='word_1_253' title='bbox 242 3287 274 3347; x_wconf 92' lang='lat' dir='ltr'>in</span> <span class='ocrx_word' id='word_1_254' title='bbox 306 3289 422 3350; x_wconf 91' lang='lat' dir='ltr'>coelum</span> <span class='ocrx_word' id='word_1_255' title='bbox 450 3290 586 3366; x_wconf 86' lang='lat' dir='ltr'>elevatis,</span> <span class='ocrx_word' id='word_1_256' title='bbox 618 3291 730 3352; x_wconf 87' lang='lat' dir='ltr'>vidisse</span> <span class='ocrx_word' id='word_1_257' title='bbox 756 3293 896 3368; x_wconf 88' lang='lat' dir='ltr'>hostiam,</span> <span class='ocrx_word' id='word_1_258' title='bbox 929 3311 1018 3371; x_wconf 88' lang='lat' dir='ltr'>quam</span> <span class='ocrx_word' id='word_1_259' title='bbox 1044 3292 1194 3353; x_wconf 88' lang='lat' dir='ltr'>Lutherus</span> <span class='ocrx_word' id='word_1_260' title='bbox 1226 3293 1367 3370; x_wconf 90' lang='lat' dir='ltr'>indiguus</span> <span class='ocrx_word' id='word_1_261' title='bbox 1394 3295 1471 3354; x_wconf 89' lang='lat' dir='ltr'>acci-</span> 
     </span>
     <span class='ocr_line' id='line_1_29' title="bbox 240 3398 1471 3478; baseline 0.005 -24"><span class='ocrx_word' id='word_1_262' title='bbox 240 3413 312 3472; x_wconf 90' lang='lat' dir='ltr'>pere</span> <span class='ocrx_word' id='word_1_263' title='bbox 338 3415 430 3457; x_wconf 91' lang='lat' dir='ltr'>ausus</span> <span class='ocrx_word' id='word_1_264' title='bbox 453 3403 544 3473; x_wconf 91' lang='lat' dir='ltr'>esset,</span> <span class='ocrx_word' id='word_1_265' title='bbox 572 3398 604 3457; x_wconf 91' lang='lat' dir='ltr'>in</span> <span class='ocrx_word' id='word_1_266' title='bbox 626 3403 694 3458; x_wconf 75' lang='lat' dir='ltr'>abre</span> <span class='ocrx_word' id='word_1_267' title='bbox 721 3417 910 3477; x_wconf 64' lang='lat' dir='ltr'>suspensam</span> <span class='ocrx_word' id='word_1_268' title='bbox 939 3419 1028 3478; x_wconf 90' lang='lat' dir='ltr'>quam</span> <span class='ocrx_word' id='word_1_269' title='bbox 1051 3400 1119 3460; x_wconf 92' lang='lat' dir='ltr'>illos</span> <span class='ocrx_word' id='word_1_270' title='bbox 1148 3419 1263 3460; x_wconf 87' lang='lat' dir='ltr'>summa</span> <span class='ocrx_word' id='word_1_271' title='bbox 1285 3419 1354 3460; x_wconf 93' lang='lat' dir='ltr'>cum</span> <span class='ocrx_word' id='word_1_272' title='bbox 1381 3419 1471 3461; x_wconf 82' lang='lat' dir='ltr'>vene·</span> 
     </span>
     <span class='ocr_line' id='line_1_30' title="bbox 240 3501 1471 3586; baseline 0.006 -25"><span class='ocrx_word' id='word_1_273' title='bbox 240 3501 353 3562; x_wconf 90' lang='lat' dir='ltr'>ratione</span> <span class='ocrx_word' id='word_1_274' title='bbox 375 3505 589 3581; x_wconf 89' lang='lat' dir='ltr'>apprehensam</span> <span class='ocrx_word' id='word_1_275' title='bbox 611 3506 644 3564; x_wconf 89' lang='lat' dir='ltr'>in</span> <span class='ocrx_word' id='word_1_276' title='bbox 667 3507 731 3567; x_wconf 92' lang='lat' dir='ltr'>loco</span> <span class='ocrx_word' id='word_1_277' title='bbox 754 3512 854 3566; x_wconf 83' lang='lat' dir='ltr'>sancto</span> <span class='ocrx_word' id='word_1_278' title='bbox 876 3508 1057 3585; x_wconf 88' lang='lat' dir='ltr'>reposuisse,</span> <span class='ocrx_word' id='word_1_279' title='bbox 1081 3526 1139 3586; x_wconf 87' lang='lat' dir='ltr'>quo</span> <span class='ocrx_word' id='word_1_280' title='bbox 1162 3509 1240 3568; x_wconf 89' lang='lat' dir='ltr'>facto</span> <span class='ocrx_word' id='word_1_281' title='bbox 1263 3513 1471 3585; x_wconf 85' lang='lat' dir='ltr'>tempestatem</span> 
     </span>
     <span class='ocr_line' id='line_1_31' title="bbox 240 3611 1470 3693; baseline 0.006 -25"><span class='ocrx_word' id='word_1_282' title='bbox 240 3626 373 3670; x_wconf 86' lang='lat' dir='ltr'>cessasse</span> <span class='ocrx_word' id='word_1_283' title='bbox 392 3611 445 3671; x_wconf 90' lang='lat' dir='ltr'>sed</span> <span class='ocrx_word' id='word_1_284' title='bbox 463 3616 605 3690; x_wconf 88' lang='lat' dir='ltr'>sequente</span> <span class='ocrx_word' id='word_1_285' title='bbox 622 3619 708 3674; x_wconf 90' lang='lat' dir='ltr'>nocte</span> <span class='ocrx_word' id='word_1_286' title='bbox 729 3613 824 3674; x_wconf 92' lang='lat' dir='ltr'>multo</span> <span class='ocrx_word' id='word_1_287' title='bbox 842 3614 1013 3675; x_wconf 80' lang='lat' dir='ltr'>atrociorem</span> <span class='ocrx_word' id='word_1_288' title='bbox 1030 3615 1162 3676; x_wconf 83' lang='lat' dir='ltr'>rediisse.</span> <span class='ocrx_word' id='word_1_289' title='bbox 1205 3615 1340 3692; x_wconf 88' lang='lat' dir='ltr'>Denique</span> <span class='ocrx_word' id='word_1_290' title='bbox 1358 3619 1470 3693; x_wconf 90' lang='lat' dir='ltr'>aperto,</span> 
     </span>
     <span class='ocr_line' id='line_1_32' title="bbox 223 3717 1469 3800; baseline 0.005 -25"><span class='ocrx_word' id='word_1_291' title='bbox 223 3719 332 3793; x_wconf 83' lang='lat' dir='ltr'>&#39;quum</span> <span class='ocrx_word' id='word_1_292' title='bbox 360 3717 523 3794; x_wconf 78' lang='lat' dir='ltr'>illuxisset,</span> <span class='ocrx_word' id='word_1_293' title='bbox 556 3719 680 3781; x_wconf 88' lang='lat' dir='ltr'>Lutheri</span> <span class='ocrx_word' id='word_1_294' title='bbox 708 3721 856 3798; x_wconf 90' lang='lat' dir='ltr'>sepulcro,</span> <span class='ocrx_word' id='word_1_295' title='bbox 888 3727 1038 3800; x_wconf 89' lang='lat' dir='ltr'>repertum</span> <span class='ocrx_word' id='word_1_296' title='bbox 1065 3741 1172 3800; x_wconf 89' lang='lat' dir='ltr'>corpus</span> <span class='ocrx_word' id='word_1_297' title='bbox 1204 3723 1269 3798; x_wconf 88' lang='lat' dir='ltr'>ejus</span> <span class='ocrx_word' id='word_1_298' title='bbox 1301 3740 1360 3783; x_wconf 91' lang='lat' dir='ltr'>non</span> <span class='ocrx_word' id='word_1_299' title='bbox 1392 3741 1469 3798; x_wconf 86' lang='lat' dir='ltr'>esse,</span> 
     </span>
     <span class='ocr_line' id='line_1_33' title="bbox 239 3823 1469 3908; baseline 0.002 -22"><span class='ocrx_word' id='word_1_300' title='bbox 239 3823 292 3886; x_wconf 88' lang='lat' dir='ltr'>sed</span> <span class='ocrx_word' id='word_1_301' title='bbox 320 3824 460 3886; x_wconf 87' lang='lat' dir='ltr'>foetorem</span> <span class='ocrx_word' id='word_1_302' title='bbox 488 3827 683 3904; x_wconf 81' lang='lat' dir='ltr'>sulphrueum</span> <span class='ocrx_word' id='word_1_303' title='bbox 706 3829 920 3889; x_wconf 87' lang='lat' dir='ltr'>intolerabilem</span> <span class='ocrx_word' id='word_1_304' title='bbox 943 3830 1090 3908; x_wconf 90' lang='lat' dir='ltr'>erupisse,</span> <span class='ocrx_word' id='word_1_305' title='bbox 1118 3847 1157 3889; x_wconf 87' lang='lat' dir='ltr'>ex</span> <span class='ocrx_word' id='word_1_306' title='bbox 1179 3848 1237 3908; x_wconf 91' lang='lat' dir='ltr'>quo</span> <span class='ocrx_word' id='word_1_307' title='bbox 1262 3829 1413 3890; x_wconf 85' lang='lat' dir='ltr'>adstantes</span> <span class='ocrx_word' id='word_1_308' title='bbox 1436 3831 1469 3889; x_wconf 90' lang='lat' dir='ltr'>in</span> 
     </span>
    </p>
   </div>
   <div class='ocr_carea' id='block_1_10' title="bbox 237 3932 1469 4100">
    <p class='ocr_par' dir='ltr' id='par_1_10' title="bbox 237 3932 1469 4100">
     <span class='ocr_line' id='line_1_34' title="bbox 239 3932 1469 4015; baseline 0.007 -25"><span class='ocrx_word' id='word_1_309' title='bbox 239 3932 373 3992; x_wconf 91' lang='lat' dir='ltr'>morbum</span> <span class='ocrx_word' id='word_1_310' title='bbox 395 3933 536 3996; x_wconf 89' lang='lat' dir='ltr'>incidisse</span> <span class='ocrx_word' id='word_1_311' title='bbox 563 3935 733 4014; x_wconf 87' lang='lat' dir='ltr'>multosque</span> <span class='ocrx_word' id='word_1_312' title='bbox 754 3937 964 4015; x_wconf 88' lang='lat' dir='ltr'>resipiscentes</span> <span class='ocrx_word' id='word_1_313' title='bbox 989 3937 1026 3997; x_wconf 87' lang='lat' dir='ltr'>ad</span> <span class='ocrx_word' id='word_1_314' title='bbox 1048 3937 1204 3998; x_wconf 90' lang='lat' dir='ltr'>ecclesiam</span> <span class='ocrx_word' id='word_1_315' title='bbox 1226 3937 1400 3998; x_wconf 88' lang='lat' dir='ltr'>catholicam</span> <span class='ocrx_word' id='word_1_316' title='bbox 1423 3957 1469 3998; x_wconf 91' lang='lat' dir='ltr'>re-</span> 
     </span>
     <span class='ocr_line' id='line_1_35' title="bbox 237 4039 370 4100; baseline 0.015 -2"><span class='ocrx_word' id='word_1_317' title='bbox 237 4039 370 4100; x_wconf 86' lang='lat' dir='ltr'>vertisse.</span> 
     </span>
    </p>
   </div>
   <div class='ocr_carea' id='block_1_11' title="bbox 237 4198 449 4210">
    <p class='ocr_par' dir='ltr' id='par_1_11' title="bbox 237 4198 449 4210">
     <span class='ocr_line' id='line_1_36' title="bbox 237 4198 449 4210; baseline 0.014 -4"><span class='ocrx_word' id='word_1_318' title='bbox 237 4198 449 4210; x_wconf 76' lang='lat'>———.........</span> 
     </span>
    </p>
   </div>
   <div class='ocr_carea' id='block_1_12' title="bbox 343 4287 593 4466">
    <p class='ocr_par' dir='ltr' id='par_1_12' title="bbox 343 4287 593 4466">
     <span class='ocr_line' id='line_1_37' title="bbox 344 4287 593 4358; baseline 0.008 -18"><span class='ocrx_word' id='word_1_319' title='bbox 344 4287 370 4357; x_wconf 90' lang='lat'>1)</span> <span class='ocrx_word' id='word_1_320' title='bbox 388 4287 491 4342; x_wconf 89' lang='lat' dir='ltr'>Ibidem</span> <span class='ocrx_word' id='word_1_321' title='bbox 510 4305 535 4358; x_wconf 92' lang='lat' dir='ltr'>p.</span> <span class='ocrx_word' id='word_1_322' title='bbox 550 4289 593 4345; x_wconf 79' lang='lat'>50.</span> 
     </span>
     <span class='ocr_line' id='line_1_38' title="bbox 343 4393 592 4466; baseline 0.016 -20"><span class='ocrx_word' id='word_1_323' title='bbox 343 4393 370 4464; x_wconf 81' lang='lat'>2)</span> <span class='ocrx_word' id='word_1_324' title='bbox 388 4394 491 4449; x_wconf 90' lang='lat' dir='ltr'>Ibidem</span> <span class='ocrx_word' id='word_1_325' title='bbox 508 4413 534 4466; x_wconf 94' lang='lat' dir='ltr'>p.</span> <span class='ocrx_word' id='word_1_326' title='bbox 550 4395 592 4450; x_wconf 81' lang='lat'>78.</span> 
     </span>
    </p>
   </div>
   <div class='ocr_carea' id='block_1_13' title="bbox 233 4500 1466 4661">
    <p class='ocr_par' dir='ltr' id='par_1_13' title="bbox 233 4500 1466 4661">
     <span class='ocr_line' id='line_1_39' title="bbox 341 4500 1466 4578; baseline 0.011 -26"><span class='ocrx_word' id='word_1_327' title='bbox 341 4501 369 4570; x_wconf 90' lang='grc'>3)</span> <span class='ocrx_word' id='word_1_328' title='bbox 390 4500 490 4562; x_wconf 84' lang='lat' dir='ltr'>Ibidem</span> <span class='ocrx_word' id='word_1_329' title='bbox 508 4519 533 4572; x_wconf 91' lang='lat' dir='ltr'>p.</span> <span class='ocrx_word' id='word_1_330' title='bbox 548 4503 596 4558; x_wconf 82' lang='lat'>45:</span> <span class='ocrx_word' id='word_1_331' title='bbox 620 4503 695 4572; x_wconf 88' lang='lat' dir='ltr'>,Non</span> <span class='ocrx_word' id='word_1_332' title='bbox 713 4504 737 4559; x_wconf 88' lang='lat' dir='ltr'>si</span> <span class='ocrx_word' id='word_1_333' title='bbox 750 4505 780 4560; x_wconf 80' lang='lat' dir='ltr'>sb</span> <span class='ocrx_word' id='word_1_334' title='bbox 793 4521 823 4560; x_wconf 90' lang='lat' dir='ltr'>se</span> <span class='ocrx_word' id='word_1_335' title='bbox 837 4507 951 4577; x_wconf 80' lang='lat' dir='ltr'>affogato</span> <span class='ocrx_word' id='word_1_336' title='bbox 970 4506 1004 4561; x_wconf 90' lang='lat' dir='ltr'>da</span> <span class='ocrx_word' id='word_1_337' title='bbox 1017 4505 1135 4578; x_wconf 85' lang='lat' dir='ltr'>giocacla</span> <span class='ocrx_word' id='word_1_338' title='bbox 1152 4523 1168 4562; x_wconf 94' lang='lat' dir='ltr'>o</span> <span class='ocrx_word' id='word_1_339' title='bbox 1182 4505 1258 4562; x_wconf 80' lang='lat' dir='ltr'>daed</span> <span class='ocrx_word' id='word_1_340' title='bbox 1273 4505 1340 4562; x_wconf 91' lang='lat' dir='ltr'>colle</span> <span class='ocrx_word' id='word_1_341' title='bbox 1357 4509 1466 4578; x_wconf 88' lang='lat' dir='ltr'>proprio</span> 
     </span>
     <span class='ocr_line' id='line_1_40' title="bbox 233 4585 701 4661; baseline 0.019 -23"><span class='ocrx_word' id='word_1_342' title='bbox 233 4585 312 4640; x_wconf 91' lang='lat' dir='ltr'>mani.</span> <span class='ocrx_word' id='word_1_343' title='bbox 332 4617 366 4626; x_wconf 89' lang='lat'><em>-</em></span> <span class='ocrx_word' id='word_1_344' title='bbox 385 4587 470 4642; x_wconf 87' lang='lat' dir='ltr'>Morte</span> <span class='ocrx_word' id='word_1_345' title='bbox 489 4591 575 4661; x_wconf 86' lang='lat' dir='ltr'>dogna</span> <span class='ocrx_word' id='word_1_346' title='bbox 592 4592 619 4646; x_wconf 90' lang='lat' dir='ltr'>di</span> <span class='ocrx_word' id='word_1_347' title='bbox 636 4592 701 4648; x_wconf 82' lang='lat' dir='ltr'>luit‘</span> 
     </span>
    </p>
   </div>
   <div class='ocr_carea' id='block_1_14' title="bbox 0 0 1602 5042">
    <p class='ocr_par' dir='ltr' id='par_1_14' title="bbox 0 0 1602 5042">
     <span class='ocr_line' id='line_1_41' title="bbox 0 0 1602 5042; baseline 0 4"><span class='ocrx_word' id='word_1_348' title='bbox 0 0 1602 5042; x_wconf 95' lang='lat' dir='ltr'> </span> 
     </span>
    </p>
   </div>
  </div>
 </body>
</html>
