3176 5064
717 285 805 339 Garun
822 285 843 338 Ι.
1380 289 1396 341 5

165 504 222 545 sua
249 491 348 546 menta
371 493 401 547 et
422 487 571 547 latinitate
593 488 680 546 vivus
703 489 894 547 obscurorum
916 488 1047 548 virorum
1070 493 1100 546 ct
1123 489 1396 564 ,articulilerorum‘

163 598 259 670 typus
288 599 362 668 erat,
390 595 484 654 sancti
512 600 543 654 et
568 594 700 670 religiosi
723 595 925 673 Inquisitoris,
954 599 989 654 ut
1011 595 1068 654 sibi
1091 596 1212 673 quidem
1234 597 1396 672 videbatur,

164 701 331 778 exemplar,
355 702 467 780 quippe
490 703 541 780 qui
565 703 654 761 etiam
677 721 735 780 qua
757 703 829 761 hora
852 702 952 764 Sancti
975 702 1073 763 Lucae
1096 703 1290 780 paraphrasin
1309 703 1396 764 Eras-

163 809 287 884 micam,
316 809 470 868 horrendis
493 809 664 870 haeresibus
686 810 838 884 refertam,
866 809 964 886 legere
987 811 1149 888 incepisset
1170 815 1306 871 accurate
1328 811 1396 871 reli-

162 915 307 993 gioseque
334 917 496 992 adnotavit,
530 917 645 977 soilicet
672 935 761 988 ,anno
789 917 909 976 Domini
932 917 1098 978 MDXXIH
1125 919 1237 978 mensis
1264 918 1396 978 ianuarii

162 1023 226 1083 dici
249 1023 392 1099 decimae,
416 1043 491 1102 qnae
514 1029 577 1084 erat
599 1025 758 1099 dominica,
781 1024 853 1084 hora
874 1025 1104 1102 postmeridiana
1126 1029 1248 1104 quarta‘

274 1131 392 1192 Etenim
424 1131 593 1192 Ludovicus
626 1132 795 1210 Berquinus
831 1133 984 1192 monachis
1017 1151 1126 1194 exosus
1158 1139 1220 1193 erat
1251 1139 1286 1194 ut
1318 1153 1396 1194 rinus

162 1239 418 1314 Erasmianorum,
451 1258 575 1318 quorum
605 1240 667 1316 jam
699 1239 910 1315 elegantiorem
941 1239 1130 1314 latinitatem,
1163 1242 1336 1318 praesertim
1369 1242 1396 1301 si

164 1346 279 1406 Graeca
305 1348 447 1424 quaedam
476 1348 564 1407 verba
586 1347 719 1407 admixta
741 1351 837 1422 crant,
865 1366 920 1425 pro
943 1348 1109 1408 certissimo
1132 1349 1287 1408 haereseos
1310 1349 1395 1426 signo

161 1454 319 1514 trabebant.
371 1455 546 1516 Gratissimo
572 1455 625 1515 ille
652 1455 750 1514 animo
778 1455 933 1515 confessus
961 1460 1019 1530 est,
1052 1455 1175 1515 Erasmo
1203 1475 1235 1516 se
1262 1475 1330 1516 cum
1357 1457 1395 1516 ad

162 1562 354 1622 humaniores
376 1562 489 1622 litteras
512 1563 712 1624 accessionem
734 1563 840 1622 debere
862 1568 926 1622 tum
949 1564 1079 1640 purioris
1102 1564 1315 1624 christianismi
1338 1565 1394 1624 sci-

162 1669 283 1730 entiam.
329 1671 418 1730 Hunc
439 1670 504 1748 ipse
522 1670 665 1730 &maius
687 1670 780 1730 nobili
802 1670 867 1730 looo
889 1675 993 1730 natum
1016 1671 1110 1732 fuisse
1133 1671 1217 1747 dicit,
1241 1672 1395 1750 Berquinii

161 1777 294 1853 regionis
321 1778 487 1852 dominum,
515 1777 629 1839 Galliae
656 1779 719 1855 regi
747 1797 765 1837 a
792 1778 914 1839 masilia
938 1779 1024 1857 eique
1047 1779 1245 1854 carissimum,
1273 1779 1305 1839 in
1327 1779 1396 1838 aula

162 1884 231 1960 ejus
253 1885 315 1944 vita
336 1891 397 1945 tam
415 1905 490 1963 pura
507 1886 713 1963 conspicuum,
737 1891 771 1946 ut
789 1905 827 1946 ne
844 1887 1035 1946 rumusculus
1054 1887 1174 1965 quidem
1193 1887 1395 1964 impudicitiae

163 1992 206 2052 sit
233 2011 364 2071 unquam
391 1993 424 2052 in
450 1993 538 2052 illum
565 1999 699 2068 exortuS,
732 1993 806 2054 mire
833 1993 996 2070 benignum
1023 1994 1055 2053 in
1082 1995 1192 2056 amicos
1220 1999 1251 2054 et
1277 2013 1394 2070 egenos,

162 2100 409 2160 constitutionum
431 2119 466 2160 ac
487 2101 601 2160 rituum
623 2101 891 2161 ecclesiasticorum
913 2102 1220 2178 observantissimum,
1248 2101 1394 2162 alienissi-

163 2225 247 2266 mum
283 2209 320 2268 ab
352 2209 432 2268 omni
464 2209 545 2284 luco,
585 2208 705 2285 ingenio
736 2209 829 2268 libero
860 2227 895 2268 ac
926 2213 1019 2284 recto,
1057 2210 1136 2287 quod
1167 2210 1308 2286 injuriam
1341 2227 1395 2269 nec

162 2315 301 2393 cruquam
330 2317 425 2376 lacere
452 2315 543 2375 vellet
569 2335 667 2394 neque
693 2335 711 2374 a
739 2335 886 2394 quoquam
914 2317 1029 2394 perpeti
1057 2321 1166 2394 posset
1217 2316 1302 2376 Tunc
1328 2335 1394 2394 pcr-

162 2441 251 2499 gens‚
280 2421 371 2498 ,Quid
398 2423 533 2483 multisl‘
562 2423 666 2501 inquit.
714 2423 881 2500 ,Negabant
904 2424 1067 2502 quidquam
1089 2443 1155 2484 esse
1178 2424 1210 2483 in
1232 2424 1294 2483 vita
1316 2423 1394 2502 quod

163 2548 224 2590 non
255 2531 372 2591 deceret
403 2531 594 2591 christianam
625 2531 773 2608 pietatem.
824 2531 889 2591 Hoc
919 2531 1037 2608 ajebant
1067 2531 1100 2590 in
1127 2550 1161 2591 eo
1189 2531 1301 2591 crimen
1329 2549 1395 2591 esse

163 2637 385 2714 gravissimum,
413 2639 492 2717 qnod
519 2639 648 2716 ingenue
674 2657 745 2716 prae
773 2657 805 2699 se
832 2639 943 2699 ferebat
970 2639 1071 2700 odium
1098 2639 1131 2698 in
1153 2657 1283 2699 morosos
1307 2657 1394 2716 quos-

164 2745 233 2804 dam
255 2746 408 2822 theologos
430 2765 465 2806 ac
487 2745 646 2806 monachos
669 2765 729 2806 non
751 2747 852 2806 minus
874 2747 987 2808 feroces
1010 2765 1100 2825 quam
1123 2747 1254 2807 stolidos.
1287 2746 1394 2806 Fuerat

164 2851 211 2911 illi
234 2853 348 2930 pridem
370 2854 470 2914 nescio
494 2853 566 2932 qnid
589 2853 877 2914 conflictatiunculae
900 2873 969 2914 cum
992 2853 1110 2928 Querno
1133 2854 1277 2929 theologo.
1323 2853 1394 2913 Mox

164 2979 203 3021 ex
233 2959 347 3036 libello,
380 2980 469 3039 quem
495 2961 601 3039 opinor
627 2961 770 3036 ediderat,
802 2961 957 3038 decerptae
985 2967 1055 3022 sunt
1082 2961 1195 3039 aliquot
1223 2959 1393 3034 sententiae,

164 3087 241 3146 quae
268 3068 439 3128 viderentur
460 3069 496 3128 ad
520 3069 589 3128 fidei
612 3069 765 3144 negotium
787 3067 942 3145 pertinere.
988 3067 1082 3126 Erant
1104 3071 1248 3144 quantum
1270 3067 1393 3126 mennini

164 3175 254 3252 hujus
277 3177 339 3236 fere
361 3176 491 3253 generis,
514 3176 547 3235 in
569 3175 759 3236 concionibus
782 3175 944 3250 incongrue
966 3175 1081 3234 beatam
1098 3174 1245 3250 virginem
1263 3173 1393 3232 invocari

164 3301 218 3360 pro
241 3283 348 3360 spiritu
371 3287 471 3344 sancto
494 3301 550 3344 neo
571 3288 640 3360 apte
662 3282 760 3342 vocari
783 3282 895 3341 fontem
918 3281 1014 3341 omnis
1037 3280 1149 3358 gratiae
1171 3286 1202 3341 et
1224 3280 1256 3338 in
1278 3279 1393 3340 cantico

163 3391 332 3468 vespertino
355 3395 471 3469 praeter
494 3391 707 3468 scripturarum
725 3389 969 3450 consuetudinem
987 3388 1133 3466 appellari
1151 3407 1235 3466 spem
1253 3392 1284 3448 et
1301 3387 1393 3447 vitam

163 3503 306 3574 nostram,
330 3517 423 3576 quum
445 3499 517 3558 haec
540 3499 635 3575 magis
658 3498 803 3576 quadrent
824 3497 856 3556 in
875 3496 992 3556 lilium.
1035 3495 1079 3556 Ob
1102 3497 1248 3574 ejusmodi
1271 3495 1393 3556 naenias

163 3606 272 3666 duetus
299 3611 345 3666 est
372 3607 403 3665 in
431 3623 589 3681 carcerem,
617 3623 685 3666 rcus
712 3606 867 3666 haereseos
895 3603 1080 3682 periclitatus
1107 3609 1160 3665 est
1211 3605 1252 3664 At
1276 3603 1393 3681 judices

163 3713 215 3772 nbi
237 3713 375 3774 viderunt
397 3731 517 3774 causam
539 3731 606 3774 esse
623 3713 738 3772 nullius
756 3712 910 3788 momenti,
933 3712 1123 3772 absolvenmt
1141 3711 1298 3772 hominem.
1335 3709 1393 3783 Qui

163 3820 342 3896 detulerant,
372 3821 522 3897 jactabant
548 3837 616 3880 eum
644 3821 779 3896 elapsum
806 3820 905 3880 favore
931 3819 1024 3895 regie,
1056 3817 1121 3894 ipsc
1148 3836 1181 3878 se
1208 3817 1393 3894 praedicabat

160 3928 229 4005 jure
251 3928 400 3988 victorem.
436 3928 473 3988 In
495 3929 552 3988 hoe
574 3927 697 3988 artioqu
719 3945 819 3988 rerum
841 3926 915 3986 mibi
938 3925 1067 4004 primum
1085 3925 1183 4002 coepit
1199 3925 1391 3984 innotescere.

164 4035 290 4112 Scripsit
312 4036 349 4096 ad
372 4054 420 4096 me
442 4035 479 4096 de
501 4053 590 4096 musa
613 4053 667 4095 sua
689 4035 785 4112 deque
804 4034 916 4111 judicio
941 4051 1045 4110 parum
1069 4051 1175 4110 aequo,
1199 4031 1276 4110 quod
1301 4029 1392 4104 Quer-

162 4159 222 4203 nus
245 4147 275 4203 et
297 4143 398 4204 Bedda
419 4143 560 4203 tulissent
582 4143 619 4202 de
642 4141 818 4220 quibusdam
842 4140 961 4218 scriptis
984 4139 1067 4200 meis.
1099 4139 1147 4199 Ex
1165 4137 1291 4217 epistola
1307 4137 1392 4198 osus

163 4255 210 4311 est
232 4250 306 4310 mihi
328 4250 375 4309 vir
396 4252 499 4312 bonus.
545 4249 710 4328 Respondi,
733 4268 772 4310 ne
794 4248 957 4314 involveret
980 4265 1028 4308 me
1051 4265 1122 4308 suae
1144 4264 1263 4308 musae:
1287 4249 1393 4305 natura

164 4377 212 4418 me
243 4359 449 4418 abhorrentem
479 4377 497 4416 a
528 4357 766 4418 contentionibus
797 4375 878 4415 nunc
909 4355 945 4415 ob
976 4358 1103 4415 aetatem
1135 4359 1165 4414 et
1191 4352 1393 4414 valetudinem

163 4465 259 4541 magis
286 4465 452 4526 desiderare
476 4465 618 4544 quietem,
646 4482 739 4542 quum
761 4463 799 4523 ad
821 4481 890 4522 eum
912 4461 992 4521 diem
1013 4479 1062 4522 me
1083 4479 1230 4539 pararem,
1258 4460 1310 4538 qui
1330 4460 1392 4536 jam

162 4573 282 4651 longius
314 4574 417 4636 abesse
449 4592 508 4634 non
539 4577 646 4651 posset.
698 4571 846 4631 Admonui
878 4569 969 4628 simul
1000 4573 1132 4630 amanter
1162 4587 1197 4629 ac
1228 4567 1332 4643 libere,
1366 4567 1391 4626 si
