3188 5086
222 290 275 348 1oe
711 293 817 343 Pataris
834 291 948 342 Paroria

223 507 306 566 verit.
351 507 543 568 Nihilominus
573 505 660 567 fictae
682 507 760 566 illius
782 505 979 566 dominatricis
1009 505 1086 565 sedis
1115 505 1321 580 hereditatem,
1354 523 1441 580 quam

223 611 346 672 Roman
377 613 505 688 episcopi
535 613 590 672 sibi
619 612 823 686 vindicabant,
853 613 904 671 alii
934 627 1047 685 quoquc
1077 627 1176 670 eorum
1200 612 1348 685 propriam
1375 629 1440 672 esse

223 717 364 791 paulatim
394 721 589 793 agnoverunt,
617 717 825 790 languescente
855 717 948 790 magis
975 715 1122 790 magisque
1149 731 1252 774 sacrae
1279 716 1440 790 scripturae

225 821 397 895 cognitione.
442 823 507 882 Non
530 822 633 880 mirum
656 821 730 894 quod
751 826 821 880 tunc
845 837 928 880 error
948 821 999 880 ille
1015 821 1097 894 quasi
1113 819 1337 879 fundamentalis
1351 837 1441 880 novos

225 943 340 986 errores
369 927 494 1002 peperit
545 926 670 985 Tantam
698 926 811 984 scilicet
831 925 980 985 Romanae
1008 924 1085 984 sedis
1113 926 1316 986 auctoritatem
1342 930 1442 999 partes

225 1031 443 1092 ecclesiasticae
472 1032 551 1090 inter
581 1046 614 1089 se
644 1030 841 1103 disceptantes
873 1030 962 1088 otiam
992 1029 1069 1104 apud
1100 1030 1257 1090 orientales
1286 1029 1441 1104 interdum,

224 1135 276 1195 ubi
304 1135 483 1195 commodum
512 1135 548 1194 iis
574 1134 740 1210 videbatur,
769 1134 806 1192 ad
833 1136 945 1192 coelum
968 1135 1143 1193 extulerunt.
1188 1133 1324 1208 Ejusdem
1353 1133 1442 1192 animi

224 1241 315 1300 uerba
336 1239 491 1315 quaedam,
513 1255 532 1298 a
553 1239 720 1298 Sardicensi
743 1237 851 1311 synodo
873 1237 1047 1297 occidentali
1069 1237 1212 1312 adhibita,
1241 1243 1342 1310 postea
1364 1239 1441 1296 cele·

224 1345 370 1404 beru-imae
400 1344 512 1419 synodo
535 1343 683 1417 Nicenae,
714 1359 732 1402 a
758 1344 839 1418 cujus
860 1348 959 1402 mente
981 1342 1145 1416 longissime
1169 1341 1338 1416 abfuerant,
1366 1341 1440 1402 falso

225 1447 368 1512 attributa
394 1454 469 1508 sunt
527 1448 615 1508 Tales
644 1465 714 1506 vero
745 1464 874 1522 errores,
903 1445 1031 1522 fabulae,
1060 1445 1129 1506 ficta
1157 1452 1356 1517 monumenta,
1387 1463 1442 1521 per

226 1555 387 1613 seculorum
404 1552 556 1612 decursum
579 1551 732 1612 immodice
755 1557 855 1627 ancta,
877 1551 955 1610 hand
975 1567 1079 1625 parum
1100 1552 1272 1610 incrementi
1290 1552 1440 1626 potentiae

225 1655 389 1731 pontificiae
411 1654 612 1718 addiderunt¹

312 1760 358 1820 Ex
377 1761 433 1820 hac
451 1761 563 1836 ingenti
584 1761 723 1820 historiae
739 1760 921 1820 adulteratae
939 1759 1087 1833 farragine
1107 1775 1200 1834 pauca
1215 1764 1341 1834 tantum,
1363 1775 1438 1834 quae

227 1870 260 1924 ut
281 1865 447 1940 turpissima
469 1870 500 1924 et
523 1865 709 1924 callidissima
722 1866 816 1924 octavi
832 1865 924 1925 seculi
944 1869 1106 1924 commenta
1125 1865 1186 1938 jam
1204 1880 1222 1922 a
1237 1863 1439 1923 Guicciardino

227 1969 370 2044 castigata
397 1973 478 2045 sunt,
508 1969 634 2044 exempli
663 1971 756 2028 instar
781 1967 934 2043 proferam.
988 1969 1098 2042 Magna
1125 1968 1260 2027 nimimm
1288 1967 1441 2028 latifundia

226 2072 391 2150 jamdudum
414 2073 571 2134 cathedrae
585 2073 668 2133 Petri
688 2073 827 2148 paulatim
849 2073 897 2147 pio
919 2074 1016 2132 animo
1030 2071 1138 2132 donata
1160 2073 1206 2132 vel
1229 2073 1326 2145 legata
1348 2077 1441 2147 erant,

226 2178 328 2253 quibua
344 2177 435 2253 adjuti
451 2177 609 2238 Pontifices
624 2179 713 2238 etiam
733 2184 898 2238 exterorum
913 2177 1135 2237 necessitatibus
1150 2176 1313 2236 liberaliter
1327 2178 1442 2251 saepius

226 2281 443 2342 subveniebant.
479 2282 555 2342 illud
577 2283 677 2344 Sancti
699 2283 797 2357 Petri,
820 2281 895 2356 quod
917 2281 1083 2354 dicebatur,
1106 2281 1307 2354 patrimonium
1323 2280 1442 2354 Pipinus

227 2388 259 2446 et
279 2383 398 2446 Carolus
419 2385 560 2462 Magnus,
582 2403 654 2460 quos
676 2385 714 2444 ad
734 2386 857 2445 consilia
878 2402 932 2444 sua
947 2384 1133 2459 exsequendo
1147 2382 1318 2444 Pontificum
1341 2382 1441 2443 auxilii

227 2488 384 2564 indiguisse
406 2491 478 2550 satis
499 2495 598 2549 notum
622 2493 681 2566 est,
710 2489 865 2564 insignitor
886 2494 1029 2548 auxerunt
1051 2495 1082 2550 et
1102 2489 1134 2547 in
1158 2489 1325 2562 provinciae
1348 2491 1442 2564 cujus·

227 2591 294 2652 dam
321 2591 443 2653 formam
466 2593 655 2667 redegerunt.
698 2592 779 2664 Quod
802 2598 835 2653 ut
856 2599 916 2653 tam
938 2592 1060 2668 largiter
1083 2599 1114 2654 et
1134 2594 1215 2667 quasi
1238 2593 1336 2668 agnito
1357 2593 1442 2652 resti·

227 2695 348 2756 tutionis
379 2695 527 2772 cuiusdam
558 2699 625 2771 jure
658 2701 858 2772 praestarent,
899 2699 979 2757 curia
1011 2695 1230 2757 famosissimam
1261 2695 1443 2756 Constantini

227 2799 412 2860 donationem
442 2799 588 2878 adhibuit,
616 2817 702 2876 quam
731 2817 767 2861 eo
797 2802 862 2876 ipso
891 2807 1020 2876 tempore
1050 2802 1160 2862 Ronme
1194 2799 1343 2861 confictam
1377 2817 1442 2862 esse

228 2901 367 2976 coustat²
416 2904 481 2964 Hac
514 2905 654 2980 deceptus
687 2905 807 2979 Pipinua
841 2905 991 2981 Pontifici,
1026 2905 1215 2965 stabularium
1246 2907 1308 2979 eJ'us
1342 2921 1443 2980 agona,

228 3008 351 3070 eundem
372 3009 512 3069 honorem
534 3009 628 3085 dedit,
655 3027 739 3084 quem
762 3007 851 3071 falsus
874 3010 1080 3071 constantinus
1106 3027 1138 3069 se
1163 3011 1191 3070 ei
1213 3009 1326 3069 dedism
1349 3009 1442 3084 diplo-

227 3117 304 3174 mate
333 3113 472 3174 declarat
516 3113 662 3175 Adrianus
684 3115 707 3175 1.
738 3114 769 3172 iu
799 3115 923 3189 epistola
950 3115 987 3176 ad
1016 3113 1150 3174 carolum
1169 3114 1308 3190 Magnum
1338 3113 1442 3172 eodem

226 3215 300 3278 laiso
317 3218 475 3292 diplomate
488 3213 605 3279 utitur.³
649 3218 732 3291 Quod
746 3219 877 3292 proximo
889 3219 988 3278 seculo
1002 3217 1278 3291 Pseudo-Isidorus,
1300 3216 1350 3291 qui
1364 3233 1442 3276 nunc

227 3325 354 3396 vocatur,
373 3323 405 3380 in
419 3321 608 3382 decretalium
624 3321 754 3382 codicem
770 3324 890 3396 recepit.
921 3322 984 3381 Hoc
998 3338 1078 3398 opus,
1100 3338 1119 3379 a
1132 3321 1264 3381 Romana
1279 3320 1367 3380 Curia
1380 3337 1440 3380 non

227 3420 399 3500 profectum,
422 3424 516 3484 sedin
530 3443 612 3485 suum
627 3425 806 3486 commodum
820 3442 889 3484 mox
911 3431 1071 3501 acceptum,
1095 3425 1171 3500 quod
1188 3428 1250 3501 jam
1267 3425 1442 3484 Hincmarus

227 3525 399 3587 Rhemensia
424 3529 609 3602 compilatum
635 3533 667 3588 et
695 3527 846 3588 confictum
871 3531 997 3605 vocavit,
1027 3529 1143 3588 illorum
1171 3535 1333 3603 temporum
1354 3544 1442 3602 gran-

227 3629 374 3690 dissimum
405 3630 586 3692 adulteratae
616 3633 755 3691 historiae
779 3633 940 3707 exemplum
963 3637 1016 3692 cst.
1060 3633 1160 3692 Pauca
1181 3633 1298 3707 quidem
1319 3629 1442 3692 Pontifi-

228 3735 310 3794 cibus
333 3735 402 3809 jnra
423 3735 484 3794 illic
505 3736 628 3810 primurn
649 3735 859 3811 attribuuntur,
886 3736 973 3811 longe
994 3736 1133 3811 pleraque
1152 3738 1213 3811 jam
1234 3743 1323 3796 antea
1344 3736 1381 3796 ab
1404 3735 1443 3796 iis

227 3845 278 3900 aut
300 3839 489 3912 tenebantur,
511 3844 563 3899 aut
584 3837 804 3899 affectabantur.
842 3839 950 3899 Verum
968 3841 1045 3915 quod
1062 3840 1136 3900 hacc
1155 3841 1265 3916 omnia,
1289 3841 1376 3900 etiam
1395 3855 1443 3914 aa,

226 3943 329 4018 quibus
342 3943 426 4004 multi
441 3943 535 4004 adhuc
549 3944 581 4003 in
596 3944 720 4004 ecclesia
735 3943 850 4004 adversi
865 3949 964 4019 erant,
984 3949 1122 4019 tanquam
1138 3944 1300 4004 certissima
1314 3948 1346 4002 et
1359 3949 1442 4004 vetu-

227 4048 353 4108 stiseirna
374 4051 444 4123 jnra
464 4047 603 4109 audacter
634 4045 763 4108 confictis
786 4049 936 4122 permultis
960 4048 1071 4122 primae
1095 4047 1238 4108 ccclesiae
1261 4045 1442 4106 documentis

226 4150 287 4210 illic
313 4153 550 4226 proponebantur
579 4158 610 4212 et
637 4150 871 4227 affirmabantur,
903 4152 933 4212 id
956 4151 994 4212 ad
1017 4150 1253 4212 conformandum
1275 4151 1442 4210 uuiversum

226 4253 395 4327 posterioria
417 4258 522 4316 aetatis
545 4256 694 4331 ingenium
719 4273 830 4316 summo
859 4261 1004 4316 momento
1036 4253 1126 4316 fusse
1149 4260 1238 4331 patet.
1283 4255 1330 4314 Sic
1351 4255 1442 4314 etiam

316 4401 342 4470 1)
361 4401 399 4454 Gi.
416 4401 496 4451 Jauus
512 4417 539 4467 p.
555 4404 709 4463 loo-191,
728 4405 875 4452 tlt-tlt
895 4407 921 4452 ot
935 4401 1082 4468 Dollingeri
1099 4403 1177 4454 liber:
1194 4399 1370 4452 Pabatdabeln.

314 4487 341 4554 2)
360 4486 458 4539 ibidem
475 4501 501 4552 p.
515 4491 564 4538 itt
578 4502 611 4537 aa.

314 4573 342 4642 a)
360 4575 392 4626 ln
410 4573 497 4627 codice
516 4572 637 4626 Caroliuo
654 4571 731 4625 1862
751 4587 791 4637 ap.
805 4570 901 4625 XLIX.
