3144 5092
671 317 758 371 Carnu
776 317 809 370 V.
1302 319 1353 374 103

121 519 309 580 intellectum
336 519 501 579 divinitatis
529 519 704 597 participem
726 523 882 598 propterea
904 519 1035 594 duxerit,
1062 519 1140 598 quod
1163 520 1215 580 ifle
1237 521 1352 581 numeri

122 631 258 686 naturam
295 626 463 704 percipiat.1
518 626 615 687 Simul
646 645 716 687 vero
747 627 879 702 adnotat,
916 645 985 687 eum
1016 627 1150 702 modum,
1182 646 1240 705 qno
1272 627 1353 688 Deus

122 739 281 812 cognoscat
312 735 445 795 infinitas
478 734 707 812 propositiones,
734 753 860 813 quarum
886 753 941 795 nos
968 752 1078 812 paucas
1105 734 1220 813 aliquas
1247 753 1353 812 eogno-

123 861 253 917 scamus,
281 843 370 919 longe
397 841 636 902 excellentiorem
668 859 734 903 esse
761 847 861 902 nostro
888 843 987 917 modo,
1016 860 1074 920 quo
1101 842 1309 903 ratiocinantes
1336 861 1353 902 a

121 949 314 1010 conclusione
332 949 369 1008 ad
388 949 608 1010 conclusionem
626 948 791 1010 discursive
808 949 1043 1027 progrediamur,
1062 968 1156 1028 quum
1174 950 1230 1010 Dei
1248 951 1353 1012 modus

122 1047 253 1135 simplici
281 1057 449 1117 absolvatur
475 1056 594 1116 intuitu.
641 1056 725 1117 Time
747 1075 888 1135 pergens,
917 1055 991 1132 ,Nos
1014 1057 1144 1134 exempli
1166 1061 1280 1134 causa‘,
1307 1058 1353 1118 in-

120 1165 201 1243 quit,
234 1165 284 1240 ,ad
315 1163 460 1225 nonnulla
491 1164 595 1226 circuli
629 1164 748 1242 propria
776 1163 863 1243 (quae
889 1164 1007 1224 infinita
1033 1165 1114 1241 suut)
1141 1165 1352 1241 cognoscenda,

119 1277 280 1350 postquam
308 1271 513 1332 inchoavimus
539 1273 576 1330 ab
603 1271 703 1349 ulique
731 1271 912 1349 simpliciore
939 1272 1029 1350 idque
1056 1272 1227 1332 definitione
1249 1291 1353 1351 apprc

120 1379 282 1439 hendimns
313 1379 512 1439 ratiocinando
543 1379 581 1438 ad
612 1379 739 1440 alterum
770 1383 800 1440 et
831 1380 868 1439 ab
900 1379 956 1438 hoc
985 1379 1023 1438 ed
1051 1380 1184 1455 tertium,
1219 1380 1288 1440 inde
1315 1379 1353 1440 ad

120 1492 262 1564 quartum
285 1491 339 1547 etc.
373 1487 573 1564 procedimns3
606 1487 775 1548 intellectus
808 1487 929 1547 divinus
961 1485 1091 1564 simplici
1118 1487 1353 1564 apprehensione

120 1611 195 1654 suae
217 1594 363 1654 essentiae
385 1593 574 1671 amplectitur
596 1595 694 1655 omnic
716 1593 833 1654 infinita
855 1593 959 1654 circuli
981 1594 1112 1672 propria,
1136 1613 1212 1672 quae
1229 1595 1353 1656 forsitan

121 1719 178 1761 sua
200 1701 329 1761 essentia
351 1719 446 1760 unum
469 1701 563 1761 solum
588 1705 659 1762 sunt
681 1701 714 1760 in
736 1701 838 1762 divina
860 1704 975 1762 menta‘
1020 1701 1135 1762 Deinde
1158 1720 1284 1779 magnus
1307 1703 1354 1762 vir

120 1827 176 1886 pro
203 1809 328 1885 insigni,
356 1827 415 1886 qno
442 1808 586 1868 divinitus
614 1809 765 1886 praeditus
788 1814 863 1884 erat,
891 1809 1098 1870 mathematico
1120 1809 1253 1886 ingenio,
1280 1811 1353 1870 hacc

120 1916 218 1975 addit:
243 1916 291 1990 ,ld
313 1935 352 1976 ne
374 1916 503 1976 humano
527 1917 646 1994 quidem
664 1916 843 1989 intellectui,
866 1917 923 2002 etsi
941 1917 1088 1993 protunda
1106 1917 1233 1994 caligine
1250 1917 1352 1977 obum-

120 2025 217 2099 brato,
244 2023 324 2082 haud
350 2042 472 2101 prorsus
500 2029 546 2084 est
572 2023 768 2101 incognitnm;
796 2042 866 2083 nam
893 2023 969 2084 istae
990 2025 1129 2084 tenebrae
1151 2024 1352 2086 discutiuntur

121 2149 161 2191 ex
187 2135 270 2208 parte
297 2135 327 2191 et
354 2131 532 2208 clarescunt,
561 2131 587 2192 si
614 2131 819 2192 conclusiones
847 2131 963 2209 aliquas
990 2131 1115 2190 tinniter
1136 2131 1350 2192 demonstratas

121 2239 242 2316 penitus
264 2239 436 2299 imbibimus
459 2243 489 2299 et
507 2257 603 2316 nsque
621 2238 693 2298 adeo
711 2239 744 2298 in
762 2242 916 2299 numerato
934 2238 1089 2314 habemus,
1112 2243 1147 2298 nt
1164 2239 1350 2300 velocissimo

121 2350 204 2406 motu
230 2351 431 2407 hansonrrere
458 2364 508 2406 aas
535 2347 694 2423 possimus.
740 2345 846 2424 ltaque
867 2345 1032 2405 humanum
1053 2345 1252 2422 intellectum,
1279 2346 1351 2407 licet

121 2453 238 2513 difinita
264 2453 421 2514 intervallo
447 2473 466 2513 a
492 2454 593 2514 divino
620 2457 779 2529 remotum,
807 2453 887 2512 haud
914 2453 956 2512 ita
983 2458 1124 2530 exoenaao,
1155 2457 1190 2514 nt
1216 2453 1350 2514 absolute

121 2579 176 2637 pro
202 2561 287 2620 nullo
313 2579 382 2621 enm
409 2562 544 2636 habeam,
572 2561 625 2622 sed
653 2561 725 2620 dum
748 2561 913 2635 considero,
937 2565 1009 2638 quot
1031 2579 1179 2640 quamque
1201 2561 1350 2622 mirabiles

121 2685 170 2728 res
197 2669 234 2728 ab
259 2668 431 2729 hominibus
458 2669 639 2744 intellectae,
667 2668 862 2746 investigatae
888 2673 919 2730 et
946 2669 1096 2730 coniectae
1123 2669 1196 2744 sint,
1224 2687 1258 2730 co
1285 2669 1350 2746 ipso

121 2775 284 2836 clamssime
315 2794 459 2852 cognosco
491 2780 521 2836 et
551 2776 718 2854 intellego,
738 2781 869 2838 mentem
900 2777 1060 2836 humanam
1092 2795 1167 2854 opus
1198 2795 1265 2837 esse
1296 2775 1352 2836 Dei

122 2883 211 2960 idque
234 2883 556 2944 111101111111111111111111.ι1

227 2989 327 3067 Hujus
358 2991 487 3068 denique
518 2989 627 3050 mentis
658 2991 794 3050 acumine
826 2995 970 3068 quantum
1000 3009 1096 3066 genus
1123 2995 1257 3050 nostrum
1284 3008 1349 3066 pcr-

121 3098 235 3172 lecerit,
272 3097 305 3156 in
336 3099 396 3157 fine
427 3097 517 3175 primi
548 3097 631 3158 illius
662 3097 700 3157 de
732 3101 893 3172 systemate
924 3097 1051 3158 cosmico
1084 3097 1193 3172 dialogi
1224 3096 1350 3156 facunde
1413 3173 1415 3180 Ι

122 3204 269 3265 describit.
316 3205 371 3265 Tot
393 3205 579 3266 incredibilia
600 3205 662 3265 iero
684 3204 717 3264 iu
739 3203 864 3282 opificiis
888 3208 918 3264 ci
939 3205 973 3263 in
994 3203 1103 3264 littaris
1126 3204 1246 3263 inventa
1268 3221 1350 3280 prae·

122 3312 213 3387 dieat,
237 3317 349 3372 tantm
373 3316 537 3372 statuarum
559 3317 590 3372 et
611 3312 759 3389 pictarum
781 3310 970 3388 elegantiam,
994 3315 1038 3371 tot
1060 3311 1191 3388 insignia
1212 3311 1351 3385 musices

121 3424 258 3496 poeseos,
290 3420 515 3494 architecturae,
548 3419 638 3479 etiam
669 3419 741 3478 artis
773 3419 973 3495 navigatoriae
1004 3418 1154 3480 miracula.
1211 3415 1351 3478 Omnium

122 3545 190 3586 vero
218 3527 432 3604 stupendorum
458 3528 647 3587 inventorum
674 3527 760 3604 qussi
788 3525 921 3603 sigillum
948 3525 979 3584 id
1006 3526 1102 3603 ponit,
1131 3525 1210 3604 quod
1233 3525 1351 3586 tritissi-

6 3689 9 3694 Α
123 3653 204 3692 mum
227 3634 312 3694 nobis
336 3635 465 3709 videtin,
488 3639 582 3694 artem
604 3635 701 3710 illum,
725 3653 784 3712 qun
807 3634 1022 3712 ,penitissimas
1045 3633 1137 3692 ammi
1160 3633 1351 3710 cogitationes

122 3759 191 3800 cum
218 3741 286 3802 aliis
314 3741 531 3802 communicare
557 3742 721 3819 possimus,
750 3742 807 3802 etsi
829 3741 1003 3818 longissimo
1026 3745 1057 3802 et
1078 3741 1136 3800 loci
1159 3746 1189 3800 et
1211 3739 1351 3816 temporis

123 3849 278 3909 intervallo
306 3849 430 3924 distant,
458 3849 588 3927 colloqui
615 3867 683 3909 eum
711 3847 748 3908 iis
772 3848 823 3926 qui
846 3853 1001 3908 versantur
1023 3848 1056 3906 in
1078 3847 1185 3922 Indiis,
1213 3865 1281 3907 cnm
1304 3845 1352 3906 his

123 3956 174 4033 qui
202 3955 333 4016 nondum
362 3957 424 4016 nati
453 3961 524 4016 sunt
550 3974 606 4017 nec
632 3955 693 4016 nisi
720 3955 804 4016 mille
830 3959 883 4014 aut
909 3955 1008 4015 decies
1030 3955 1114 4015 mille
1136 3954 1243 4014 abhinc
1265 3953 1352 4012 annis

123 4067 295 4139 nascentur,
318 4063 409 4142 idque
432 4067 543 4141 quanta
566 4063 725 4124 facilitate?
754 4063 896 4122 nimirum
918 4062 1026 4139 viginti
1048 4061 1172 4121 minutis
1195 4061 1297 4122 formis
1319 4060 1352 4118 iu

123 4169 223 4230 charta
245 4170 326 4231 varie
349 4171 427 4232 inter
450 4189 482 4232 se
502 4170 638 4248 junctis‘.

125 4365 337 4375 -——--

230 4507 256 4576 1)
275 4505 378 4560 mnam
396 4505 409 4560 1
429 4507 470 4561 15.

232 4612 259 4682 a)
278 4613 380 4668 saraam
398 4613 412 4668 1
432 4613 491 4669 no.
513 4613 571 4668 111.
