3188 5086
215 270 250 322 84
660 251 663 256 ’
703 268 806 318 Panrrs
828 267 938 317 Paroars

216 485 414 544 uehementius
437 483 623 541 abhorrebat.
667 481 724 540 Pro
745 497 798 540 sua
819 497 946 555 persona
967 479 1053 539 tidem
1077 480 1264 540 christianam
1287 485 1319 538 et
1341 493 1428 536 eran·

216 590 339 662 gelicam
362 585 568 660 confitebatur,
590 591 623 644 ut
647 586 828 660 pubbcarnm
854 601 952 644 rerum
976 591 1073 644 rector
1098 585 1295 643 recentiorum
1318 582 1429 641 doctri·

215 709 282 751 nam
303 697 418 750 secutus
440 696 497 764 est,
527 690 576 763 qui
596 695 734 763 quantum
756 686 820 748 fieri
842 690 933 762 possit
954 689 1102 748 ulutatum
1127 688 1164 746 ab
1188 689 1266 745 omni
1289 686 1429 760 singulari

215 796 364 870 religionis
392 793 573 854 confessione
605 793 754 853 abstinere
779 793 892 865 jubent.
938 793 1034 852 Aliter
1068 809 1157 866 agere
1191 793 1222 850 in
1255 791 1429 864 praesentiis

215 902 338 960 maxime
366 898 557 957 inconsultum
586 896 748 970 videbatur,
778 897 950 970 praesertim
980 897 1011 954 in
1037 895 1190 970 Borussia,
1217 895 1266 953 nbi
1285 895 1428 954 Romano·

215 1004 351 1064 catholici
369 1004 491 1062 moleste
514 1001 602 1060 laturi
625 1005 726 1076 erant,
749 1001 773 1060 si
797 1000 834 1060 de
856 1001 915 1059 suis
930 1001 1084 1061 sententiis
1100 1016 1135 1058 ac
1149 998 1291 1074 dogmatis
1306 1015 1430 1072 evange-

214 1108 264 1166 lici
294 1107 383 1181 Regis
413 1107 550 1165 Minister
585 1105 769 1179 evangelicus
801 1105 916 1178 publice
945 1104 1099 1179 judicaret.
1147 1106 1250 1178 Itaque
1280 1101 1430 1162 cancella-

214 1213 275 1270 rius
300 1213 331 1269 in
359 1211 482 1269 comitiis
510 1209 569 1268 illis
593 1207 760 1282 affirmavit,
786 1210 895 1268 moveri
914 1225 991 1268 nnnc
1014 1209 1180 1283 potentiae,
1201 1225 1260 1267 non
1282 1206 1430 1280 religionis

215 1316 430 1389 quaestionem
461 1329 646 1386 naquaquam
675 1313 722 1388 agi
752 1312 789 1372 de
818 1312 1156 1372 Romanocatbolicornm
1180 1313 1328 1386 dogmate,
1354 1310 1431 1383 quod

216 1420 278 1492 ipse
301 1434 339 1477 na
361 1418 479 1476 minime
502 1417 617 1490 qnidam
639 1423 770 1491 curmet,
793 1416 845 1476 sed
867 1434 986 1492 prorsus
1008 1417 1074 1476 aliis
1092 1416 1279 1490 relinqueret
1323 1415 1431 1475 Verum

216 1523 287 1582 talia
309 1523 414 1596 verba,
437 1539 512 1595 quae
536 1537 553 1580 a
576 1520 734 1595 contritis,
755 1521 886 1595 inprimis
908 1538 927 1580 a
947 1521 1118 1595 Meppcnsi,
1145 1521 1256 1580 utiliter
1278 1525 1432 1594 acceptata

216 1633 246 1685 et
275 1625 379 1686 callide
407 1627 523 1700 saepius
558 1626 685 1698 repetita
715 1630 798 1699 sunt,
828 1641 880 1684 nos
905 1641 961 1684 non
985 1626 1055 1684 satis
1078 1631 1163 1684 cante
1186 1631 1274 1699 atque
1295 1629 1430 1683 accurate
1534 1659 1541 1672 ·

216 1731 296 1790 dicta
319 1745 384 1790 esse
406 1747 565 1789 censemus.
599 1729 717 1788 Etenim
732 1730 828 1804 agitur
849 1728 964 1802 quidem
987 1729 1024 1788 de
1040 1733 1162 1789 externa
1183 1729 1324 1803 potentia,
1346 1743 1431 1800 quam

217 1836 299 1894 curia
323 1851 387 1894 cum
409 1834 559 1902 Boniiacio
583 1833 662 1893 VIII.
683 1835 714 1894 in
736 1850 837 1893 omnes
860 1835 992 1893 civitates
1014 1835 1069 1893 sibi
1093 1839 1224 1908 arrogat,
1248 1833 1380 1893 civitates
1403 1832 1431 1890 ei

216 1939 378 1998 concedere
417 1944 561 1998 recusant
617 1937 675 1998 Sed
712 1939 788 1997 banc
821 1943 995 2011 potestatem
1027 1938 1079 1996 illa
1115 1938 1311 2011 spiritualibus
1345 1937 1432 1995 armis

217 2042 352 2116 allectat,
386 2043 528 2117 dogmatis
563 2059 628 2101 eam
660 2041 832 2101 confirmans
866 2049 896 2102 et
935 2043 1114 2116 proclamata
1148 2041 1284 2116 dogmata
1316 2056 1432 2100 suornm

217 2148 321 2206 animia
361 2150 518 2221 imponens.
574 2148 669 2218 Quare
708 2163 760 2205 suo
795 2149 862 2221 juro
895 2147 1211 2206 Palaeocatholicorum
1254 2145 1432 2219 sagacissimi

216 2251 332 2324 quidam
364 2251 559 2324 mirabantur,
588 2251 753 2325 Principem
774 2249 987 2310 cancellarium
1010 2251 1065 2310 sibi
1087 2267 1145 2310 non
1167 2255 1316 2319 constare,
1347 2265 1432 2322 quum

216 2355 293 2428 ipsos
312 2355 440 2414 Jcsuitas
463 2353 640 2427 expelleret,
669 2355 847 2413 desulturam
869 2371 940 2414 vero
962 2355 1096 2429 dogmata
1118 2353 1347 2412 fundamentalia
1370 2353 1433 2410 uni·

217 2475 321 2517 versae
350 2459 493 2518 ecclesiae
522 2457 683 2516 catholicae
713 2458 822 2531 imponi
851 2459 974 2531 sineret,
1004 2459 1091 2516 immo
1120 2459 1183 2531 ipse
1212 2458 1249 2516 ad
1271 2456 1431 2516 addendam

219 2563 255 2620 iis
276 2563 421 2636 publicam
443 2563 647 2620 auctoritatam
670 2567 789 2634 paratus
812 2561 1054 2635 assentaretur,
1077 2561 1228 2622 dummodo
1252 2559 1380 2636 episcopi
1402 2566 1433 2620 et

219 2665 313 2724 centri
339 2664 427 2723 factio
454 2666 484 2722 in
507 2663 677 2738 quibusdam
700 2665 787 2724 rebus
814 2667 942 2725 externis
964 2666 1074 2725 civitati
1096 2681 1129 2724 se
1151 2666 1335 2739 subjicerent
1380 2666 1432 2723 At-

217 2770 268 2842 qui
301 2768 337 2828 ad
372 2768 572 2840 repellendum
603 2783 707 2827 novum
733 2769 814 2828 illum
847 2770 986 2843 impetum
1014 2771 1112 2829 curiae
1134 2786 1251 2843 prorsus
1273 2771 1432 2830 Jesuiticae

218 2873 350 2932 redditae
387 2873 490 2931 civitas
525 2877 644 2946 praeter
677 2877 827 2932 externam
863 2875 1039 2948 potentiam,
1075 2891 1133 2947 qua
1171 2875 1302 2948 legitime
1332 2875 1432 2946 utitur,

218 2977 410 3051 spiritualium
443 2993 589 3036 armorum
622 2977 730 3036 auxilio
759 2983 790 3036 ct
822 2978 887 3052 ipsa
924 2985 1006 3052 eget3
1039 2978 1148 3038 idcirco
1177 2979 1259 3051 leges
1292 2979 1362 3038 illae
1395 2978 1433 3038 de

218 3083 323 3142 scholis
347 3087 377 3141 ct
400 3080 585 3140 sacerdotum
605 3081 777 3141 educatione
797 3081 884 3141 datae
907 3089 980 3142 sunt.
1025 3082 1123 3142 Etiam
1143 3099 1229 3156 qnnm
1252 3084 1300 3141 lex
1321 3082 1359 3141 de
1381 3083 1433 3141 tri-

217 3187 315 3247 bunali
349 3185 548 3246 ecclesiastico
580 3191 748 3260 rogaretur,
782 3187 904 3246 Fallriua
938 3185 975 3246 ad
1019 3188 1185 3247 severitatis
1217 3188 1433 3261 necessitatem,

217 3309 302 3365 quam
338 3291 450 3349 civitati
484 3290 611 3363 syllabus
644 3291 755 3363 papabs
788 3291 986 3364 imposuisset,
1019 3292 1202 3366 provocavit3
1244 3297 1275 3350 at
1308 3290 1433 3364 sybabns

219 3395 315 3454 multis
334 3395 417 3453 annis
440 3399 509 3453 ante
531 3394 718 3468 pervulgatus
742 3401 815 3468 erat,
838 3411 871 3452 re
892 3411 963 3454 vera
984 3396 1126 3469 agebatur
1147 3396 1183 3455 da
1206 3395 1331 3455 decretis
1350 3395 1433 3453 Vati-

220 3499 314 3572 canis,
336 3515 412 3571 quaa
435 3498 531 3558 subito
553 3499 703 3573 ingentem
725 3499 782 3556 vim
798 3502 886 3571 atque
901 3499 1104 3558 auctoritatem
1120 3499 1233 3578 syllaba
1252 3498 1433 3558 addiderant.

219 3603 273 3662 llis
298 3601 429 3660 omnibus
463 3607 597 3676 apparet,
631 3602 779 3661 civitatum
813 3607 947 3662 rectores
968 3603 1150 3662 nodmimum
1183 3603 1301 3678 dogma,
1334 3617 1434 3676 qnam·

221 3723 308 3781 quam
329 3707 479 3780 negligere
500 3705 571 3765 illud
589 3705 745 3780 jucundius
768 3705 992 3766 accommodius
1008 3707 1152 3782 videatur,
1174 3724 1233 3766 non
1251 3723 1354 3766 curare
1373 3723 1432 3765 non

220 3827 314 3886 posse.
364 3808 510 3881 Quomodo
549 3811 628 3882 jaste
670 3825 706 3867 ac
741 3815 822 3869 recta
863 3810 891 3868 ci
922 3817 1125 3885 occurrerent,
1160 3809 1329 3870 difficillima
1361 3827 1432 3869 sane

217 3916 348 3989 quaestio
371 3920 442 3976 arat.

307 4019 423 4078 Dixerit
448 4019 605 4092 quispiam,
641 4019 730 4078 etiam
757 4025 822 4094 post
848 4017 959 4080 linitum
990 4021 1158 4080 Vaticanum
1186 4022 1340 4080 concilium
1367 4017 1433 4079 lieri

219 4124 360 4196 potuisse,
389 4127 421 4180 ut
449 4127 550 4180 mutae
575 4123 680 4182 turbae
710 4124 870 4184 clarissime
898 4125 1039 4184 amnltis
1069 4125 1239 4199 praedictae
1265 4131 1433 4184 averteran-

219 4233 275 4287 tur.
319 4226 463 4285 Bavariac
490 4231 634 4302 ractores,
662 4227 774 4286 Placito
796 4227 889 4302 Regio
918 4229 978 4302 usi,
1004 4245 1108 4288 novum
1135 4229 1238 4304 dogma
1259 4229 1433 4302 proclamari

219 4334 387 4403 vetuerunt,
416 4329 541 4390 rebelles
570 4331 732 4406 episcopos,
765 4349 852 4404 quum
880 4338 979 4404 spreta
1006 4332 1071 4405 lege
1098 4331 1170 4390 illud
1195 4332 1433 4406 proclamassent,

219 4449 403 4507 compescere
429 4450 488 4492 non
519 4433 679 4493 valuerunt.
729 4435 797 4493 Plus
826 4434 949 4494 fumasse
977 4437 1149 4510 valuissent,
1182 4437 1206 4494 si
1236 4437 1335 4510 populi
1358 4435 1431 4494 Ger-

219 4537 323 4597 manioi
362 4539 500 4598 auxilium
537 4555 594 4598 uon
633 4537 670 4596 ad
707 4538 894 4599 obtinendam
936 4540 1031 4614 legem
1064 4540 1143 4598 illam
1178 4546 1279 4598 contra
1310 4539 1432 4598 abusum
