<?xml version="1.0" encoding="UTF-8"?>
<!DOCTYPE html PUBLIC "-//W3C//DTD XHTML 1.0 Transitional//EN"
    "http://www.w3.org/TR/xhtml1/DTD/xhtml1-transitional.dtd">
<html xmlns="http://www.w3.org/1999/xhtml" xml:lang="en" lang="en">
 <head>
  <title>
</title>
<meta http-equiv="Content-Type" content="text/html;charset=utf-8" />
  <meta name='ocr-system' content='tesseract 3.04.00' />
  <meta name='ocr-capabilities' content='ocr_page ocr_carea ocr_par ocr_line ocrx_word'/>
</head>
<body>
  <div class='ocr_page' id='page_1' title='image "./erasmusredivivu00schlgoog_0343.png"; bbox 0 0 3134 5054; ppageno 0'>
   <div class='ocr_carea' id='block_1_1' title="bbox 271 311 991 366">
    <p class='ocr_par' dir='ltr' id='par_1_1' title="bbox 271 311 991 366">
     <span class='ocr_line' id='line_1_1' title="bbox 271 311 991 366; baseline 0.007 -6"><span class='ocrx_word' id='word_1_1' title='bbox 271 311 324 366; x_wconf 81' lang='lat'><strong>324</strong></span> <span class='ocrx_word' id='word_1_2' title='bbox 757 313 859 364; x_wconf 79' lang='lat' dir='ltr'><strong>Psams</strong></span> <span class='ocrx_word' id='word_1_3' title='bbox 881 313 991 365; x_wconf 80' lang='lat' dir='ltr'><strong>Patonus</strong></span> 
     </span>
    </p>
   </div>
   <div class='ocr_carea' id='block_1_2' title="bbox 248 527 1490 4665">
    <p class='ocr_par' dir='ltr' id='par_1_2' title="bbox 264 527 1474 1853">
     <span class='ocr_line' id='line_1_2' title="bbox 270 527 1474 603; baseline -0.002 -16"><span class='ocrx_word' id='word_1_4' title='bbox 270 528 400 587; x_wconf 90' lang='lat' dir='ltr'><strong>Hutteuo</strong></span> <span class='ocrx_word' id='word_1_5' title='bbox 432 527 558 600; x_wconf 81' lang='lat' dir='ltr'><strong>scripsit:</strong></span> <span class='ocrx_word' id='word_1_6' title='bbox 597 527 673 600; x_wconf 87' lang='lat' dir='ltr'><strong>,Nou</strong></span> <span class='ocrx_word' id='word_1_7' title='bbox 701 527 763 585; x_wconf 89' lang='lat' dir='ltr'><strong>vult</strong></span> <span class='ocrx_word' id='word_1_8' title='bbox 791 527 930 587; x_wconf 88' lang='lat' dir='ltr'><strong>Erasmus</strong></span> <span class='ocrx_word' id='word_1_9' title='bbox 960 529 992 587; x_wconf 91' lang='lat' dir='ltr'><strong>in</strong></span> <span class='ocrx_word' id='word_1_10' title='bbox 1017 529 1107 588; x_wconf 88' lang='lat' dir='ltr'><strong>rerba</strong></span> <span class='ocrx_word' id='word_1_11' title='bbox 1128 528 1251 588; x_wconf 91' lang='lat' dir='ltr'><strong>Lutheri</strong></span> <span class='ocrx_word' id='word_1_12' title='bbox 1273 531 1389 603; x_wconf 73' lang='lat' dir='ltr'><strong>jurare,</strong></span> <span class='ocrx_word' id='word_1_13' title='bbox 1419 543 1474 586; x_wconf 85' lang='lat' dir='ltr'><strong>amo</strong></span> 
     </span>
     <span class='ocr_line' id='line_1_3' title="bbox 269 631 1474 708; baseline -0.001 -18"><span class='ocrx_word' id='word_1_14' title='bbox 269 633 451 705; x_wconf 89' lang='lat' dir='ltr'><strong>libertatem,</strong></span> <span class='ocrx_word' id='word_1_15' title='bbox 469 632 540 690; x_wconf 92' lang='lat' dir='ltr'><strong>nulli</strong></span> <span class='ocrx_word' id='word_1_16' title='bbox 562 631 682 691; x_wconf 81' lang='lat' dir='ltr'><strong>tscuoni</strong></span> <span class='ocrx_word' id='word_1_17' title='bbox 704 633 814 691; x_wconf 90' lang='lat' dir='ltr'><strong>servire</strong></span> <span class='ocrx_word' id='word_1_18' title='bbox 837 648 891 691; x_wconf 89' lang='lat' dir='ltr'><strong>uec</strong></span> <span class='ocrx_word' id='word_1_19' title='bbox 913 634 977 691; x_wconf 85' lang='lat' dir='ltr'><strong>volo</strong></span> <span class='ocrx_word' id='word_1_20' title='bbox 998 649 1054 692; x_wconf 92' lang='lat' dir='ltr'><strong>nec</strong></span> <span class='ocrx_word' id='word_1_21' title='bbox 1077 633 1211 708; x_wconf 88' lang='lat' dir='ltr'><strong>possum‘</strong></span> <span class='ocrx_word' id='word_1_22' title='bbox 1257 633 1367 692; x_wconf 79' lang='lat' dir='ltr'><strong>Postea</strong></span> <span class='ocrx_word' id='word_1_23' title='bbox 1398 649 1474 704; x_wconf 87' lang='lat' dir='ltr'><strong>quum</strong></span> 
     </span>
     <span class='ocr_line' id='line_1_4' title="bbox 269 735 1474 811; baseline 0 -17"><span class='ocrx_word' id='word_1_24' title='bbox 269 735 414 795; x_wconf 91' lang='lat' dir='ltr'><strong>Lutherus</strong></span> <span class='ocrx_word' id='word_1_25' title='bbox 437 737 630 795; x_wconf 85' lang='lat' dir='ltr'><strong>conscientiae</strong></span> <span class='ocrx_word' id='word_1_26' title='bbox 653 737 850 794; x_wconf 75' lang='lat' dir='ltr'><strong>sinceritatem</strong></span> <span class='ocrx_word' id='word_1_27' title='bbox 868 752 1017 811; x_wconf 88' lang='lat' dir='ltr'><strong>asserens,</strong></span> <span class='ocrx_word' id='word_1_28' title='bbox 1042 739 1121 796; x_wconf 87' lang='lat' dir='ltr'><strong>inter</strong></span> <span class='ocrx_word' id='word_1_29' title='bbox 1145 738 1317 796; x_wconf 70' lang='lat' dir='ltr'><strong>dicebam</strong></span> <span class='ocrx_word' id='word_1_30' title='bbox 1340 736 1377 795; x_wconf 87' lang='lat' dir='ltr'><strong>de</strong></span> <span class='ocrx_word' id='word_1_31' title='bbox 1399 735 1474 794; x_wconf 78' lang='lat' dir='ltr'><strong>snsc-</strong></span> 
     </span>
     <span class='ocr_line' id='line_1_5' title="bbox 269 839 1472 916; baseline 0 -18"><span class='ocrx_word' id='word_1_32' title='bbox 269 840 371 899; x_wconf 90' lang='lat' dir='ltr'><strong>neudis</strong></span> <span class='ocrx_word' id='word_1_33' title='bbox 404 840 563 914; x_wconf 79' lang='lat' dir='ltr'><strong>laboribus,</strong></span> <span class='ocrx_word' id='word_1_34' title='bbox 597 841 751 914; x_wconf 86' lang='lat' dir='ltr'><strong>periculis,</strong></span> <span class='ocrx_word' id='word_1_35' title='bbox 785 839 859 899; x_wconf 88' lang='lat' dir='ltr'><strong>odiis</strong></span> <span class='ocrx_word' id='word_1_36' title='bbox 891 843 1021 916; x_wconf 92' lang='lat' dir='ltr'><strong>locutus,</strong></span> <span class='ocrx_word' id='word_1_37' title='bbox 1062 843 1183 915; x_wconf 77' lang='lat' dir='ltr'><strong>gloriam</strong></span> <span class='ocrx_word' id='word_1_38' title='bbox 1217 859 1248 900; x_wconf 91' lang='lat' dir='ltr'><strong>se</strong></span> <span class='ocrx_word' id='word_1_39' title='bbox 1283 858 1342 900; x_wconf 91' lang='lat' dir='ltr'><strong>nou</strong></span> <span class='ocrx_word' id='word_1_40' title='bbox 1378 840 1472 898; x_wconf 87' lang='lat' dir='ltr'><strong>morari</strong></span> 
     </span>
     <span class='ocr_line' id='line_1_6' title="bbox 268 939 1473 1021; baseline -0.001 -19"><span class='ocrx_word' id='word_1_41' title='bbox 268 945 401 1018; x_wconf 84' lang='lat' dir='ltr'><strong>dixisset,</strong></span> <span class='ocrx_word' id='word_1_42' title='bbox 423 943 562 1003; x_wconf 90' lang='lat' dir='ltr'><strong>Erasmus</strong></span> <span class='ocrx_word' id='word_1_43' title='bbox 577 945 607 1002; x_wconf 92' lang='lat' dir='ltr'><strong>in</strong></span> <span class='ocrx_word' id='word_1_44' title='bbox 622 945 823 1018; x_wconf 88' lang='lat' dir='ltr'><strong>hyperaspista</strong></span> <span class='ocrx_word' id='word_1_45' title='bbox 845 945 1003 1018; x_wconf 86' lang='lat' dir='ltr'><strong>respondet</strong></span> <span class='ocrx_word' id='word_1_46' title='bbox 1024 962 1057 1005; x_wconf 89' lang='lat' dir='ltr'><strong>sc</strong></span> <span class='ocrx_word' id='word_1_47' title='bbox 1073 951 1190 1021; x_wconf 87' lang='lat' dir='ltr'><strong>optare,</strong></span> <span class='ocrx_word' id='word_1_48' title='bbox 1210 939 1242 1004; x_wconf 80' lang='lat' dir='ltr'><strong>ut</strong></span> <span class='ocrx_word' id='word_1_49' title='bbox 1264 945 1333 1005; x_wconf 86' lang='lat' dir='ltr'><strong>tulis</strong></span> <span class='ocrx_word' id='word_1_50' title='bbox 1355 947 1393 1003; x_wconf 89' lang='lat' dir='ltr'><strong>sit</strong></span> <span class='ocrx_word' id='word_1_51' title='bbox 1412 961 1473 1017; x_wconf 87' lang='lat' dir='ltr'><strong>que·</strong></span> 
     </span>
     <span class='ocr_line' id='line_1_7' title="bbox 268 1046 1473 1124; baseline 0 -18"><span class='ocrx_word' id='word_1_52' title='bbox 268 1049 325 1108; x_wconf 92' lang='lat' dir='ltr'><strong>lem</strong></span> <span class='ocrx_word' id='word_1_53' title='bbox 347 1065 379 1108; x_wconf 88' lang='lat' dir='ltr'><strong>se</strong></span> <span class='ocrx_word' id='word_1_54' title='bbox 401 1048 554 1122; x_wconf 88' lang='lat' dir='ltr'><strong>praedicet</strong></span> <span class='ocrx_word' id='word_1_55' title='bbox 577 1064 672 1122; x_wconf 89' lang='lat' dir='ltr'><strong>neque</strong></span> <span class='ocrx_word' id='word_1_56' title='bbox 700 1064 731 1108; x_wconf 91' lang='lat' dir='ltr'><strong>sc</strong></span> <span class='ocrx_word' id='word_1_57' title='bbox 752 1049 814 1120; x_wconf 91' lang='lat' dir='ltr'><strong>ejus</strong></span> <span class='ocrx_word' id='word_1_58' title='bbox 838 1049 966 1122; x_wconf 75' lang='lat' dir='ltr'><strong>iudicem</strong></span> <span class='ocrx_word' id='word_1_59' title='bbox 999 1065 1078 1124; x_wconf 72' lang='lat' dir='ltr'><strong>esse,</strong></span> <span class='ocrx_word' id='word_1_60' title='bbox 1108 1049 1189 1108; x_wconf 88' lang='lat' dir='ltr'><strong>addit</strong></span> <span class='ocrx_word' id='word_1_61' title='bbox 1210 1066 1297 1110; x_wconf 86' lang='lat' dir='ltr'><strong>vero:</strong></span> <span class='ocrx_word' id='word_1_62' title='bbox 1330 1048 1423 1123; x_wconf 78' lang='lat' dir='ltr'><strong>,Quod</strong></span> <span class='ocrx_word' id='word_1_63' title='bbox 1442 1046 1473 1106; x_wconf 89' lang='lat' dir='ltr'><strong>ad</strong></span> 
     </span>
     <span class='ocr_line' id='line_1_8' title="bbox 267 1151 1472 1228; baseline 0 -18"><span class='ocrx_word' id='word_1_64' title='bbox 267 1151 371 1212; x_wconf 84' lang='lat' dir='ltr'><strong>famam</strong></span> <span class='ocrx_word' id='word_1_65' title='bbox 392 1153 510 1224; x_wconf 80' lang='lat' dir='ltr'><strong>attinet,</strong></span> <span class='ocrx_word' id='word_1_66' title='bbox 533 1169 591 1211; x_wconf 91' lang='lat' dir='ltr'><strong>nou</strong></span> <span class='ocrx_word' id='word_1_67' title='bbox 610 1153 703 1227; x_wconf 90' lang='lat' dir='ltr'><strong>possis</strong></span> <span class='ocrx_word' id='word_1_68' title='bbox 726 1159 827 1226; x_wconf 90' lang='lat' dir='ltr'><strong>optare</strong></span> <span class='ocrx_word' id='word_1_69' title='bbox 849 1155 1001 1226; x_wconf 84' lang='lat' dir='ltr'><strong>majorem:</strong></span> <span class='ocrx_word' id='word_1_70' title='bbox 1030 1154 1090 1213; x_wconf 87' lang='lat' dir='ltr'><strong>late</strong></span> <span class='ocrx_word' id='word_1_71' title='bbox 1121 1171 1226 1228; x_wconf 80' lang='lat' dir='ltr'><strong>regnas</strong></span> <span class='ocrx_word' id='word_1_72' title='bbox 1249 1155 1280 1212; x_wconf 93' lang='lat' dir='ltr'><strong>in</strong></span> <span class='ocrx_word' id='word_1_73' title='bbox 1303 1154 1406 1212; x_wconf 90' lang='lat' dir='ltr'><strong>animis</strong></span> <span class='ocrx_word' id='word_1_74' title='bbox 1429 1153 1472 1210; x_wconf 94' lang='lat' dir='ltr'><strong>ho·</strong></span> 
     </span>
     <span class='ocr_line' id='line_1_9' title="bbox 267 1256 1471 1332; baseline -0.003 -16"><span class='ocrx_word' id='word_1_75' title='bbox 267 1259 388 1330; x_wconf 90' lang='lat' dir='ltr'><strong>minum,</strong></span> <span class='ocrx_word' id='word_1_76' title='bbox 417 1261 462 1315; x_wconf 86' lang='lat' dir='ltr'><strong>tot</strong></span> <span class='ocrx_word' id='word_1_77' title='bbox 483 1256 656 1316; x_wconf 89' lang='lat' dir='ltr'><strong>factionibus</strong></span> <span class='ocrx_word' id='word_1_78' title='bbox 679 1262 807 1316; x_wconf 89' lang='lat' dir='ltr'><strong>armatus</strong></span> <span class='ocrx_word' id='word_1_79' title='bbox 832 1273 878 1332; x_wconf 87' lang='lat' dir='ltr'><strong>cs,</strong></span> <span class='ocrx_word' id='word_1_80' title='bbox 906 1257 997 1316; x_wconf 89' lang='lat' dir='ltr'><strong>habes</strong></span> <span class='ocrx_word' id='word_1_81' title='bbox 1020 1257 1166 1317; x_wconf 75' lang='lat' dir='ltr'><strong>theatrum</strong></span> <span class='ocrx_word' id='word_1_82' title='bbox 1193 1258 1275 1316; x_wconf 87' lang='lat' dir='ltr'><strong>miris</strong></span> <span class='ocrx_word' id='word_1_83' title='bbox 1296 1257 1471 1332; x_wconf 85' lang='lat' dir='ltr'><strong>applausibus</strong></span> 
     </span>
     <span class='ocr_line' id='line_1_10' title="bbox 266 1361 1471 1436; baseline -0.003 -15"><span class='ocrx_word' id='word_1_84' title='bbox 266 1368 466 1435; x_wconf 87' lang='lat' dir='ltr'><strong>perstrepens,</strong></span> <span class='ocrx_word' id='word_1_85' title='bbox 489 1362 678 1421; x_wconf 87' lang='lat' dir='ltr'><strong>summatibus</strong></span> <span class='ocrx_word' id='word_1_86' title='bbox 699 1363 791 1436; x_wconf 79' lang='lat' dir='ltr'><strong>magis</strong></span> <span class='ocrx_word' id='word_1_87' title='bbox 814 1361 1005 1421; x_wconf 89' lang='lat' dir='ltr'><strong>formidabilis</strong></span> <span class='ocrx_word' id='word_1_88' title='bbox 1029 1379 1060 1420; x_wconf 89' lang='lat' dir='ltr'><strong>es</strong></span> <span class='ocrx_word' id='word_1_89' title='bbox 1082 1379 1167 1436; x_wconf 88' lang='lat' dir='ltr'><strong>quam</strong></span> <span class='ocrx_word' id='word_1_90' title='bbox 1190 1362 1334 1420; x_wconf 87' lang='lat' dir='ltr'><strong>amabilis.</strong></span> <span class='ocrx_word' id='word_1_91' title='bbox 1382 1361 1471 1419; x_wconf 86' lang='lat' dir='ltr'><strong>Habes</strong></span> 
     </span>
     <span class='ocr_line' id='line_1_11' title="bbox 265 1465 1470 1540; baseline -0.002 -16"><span class='ocrx_word' id='word_1_92' title='bbox 265 1471 346 1524; x_wconf 90' lang='lat' dir='ltr'><strong>tuum</strong></span> <span class='ocrx_word' id='word_1_93' title='bbox 367 1467 550 1540; x_wconf 86' lang='lat' dir='ltr'><strong>satellitium,</strong></span> <span class='ocrx_word' id='word_1_94' title='bbox 586 1465 676 1524; x_wconf 90' lang='lat' dir='ltr'><strong>habes</strong></span> <span class='ocrx_word' id='word_1_95' title='bbox 708 1467 873 1526; x_wconf 85' lang='lat' dir='ltr'><strong>emissarios</strong></span> <span class='ocrx_word' id='word_1_96' title='bbox 907 1471 937 1524; x_wconf 87' lang='lat' dir='ltr'><strong>et</strong></span> <span class='ocrx_word' id='word_1_97' title='bbox 965 1466 1148 1537; x_wconf 85' lang='lat' dir='ltr'><strong>veredarios,</strong></span> <span class='ocrx_word' id='word_1_98' title='bbox 1180 1467 1272 1525; x_wconf 90' lang='lat' dir='ltr'><strong>habes</strong></span> <span class='ocrx_word' id='word_1_99' title='bbox 1307 1467 1355 1539; x_wconf 91' lang='lat' dir='ltr'><strong>qui</strong></span> <span class='ocrx_word' id='word_1_100' title='bbox 1385 1471 1470 1525; x_wconf 83' lang='lat' dir='ltr'><strong>tecm</strong></span> 
     </span>
     <span class='ocr_line' id='line_1_12' title="bbox 267 1568 1471 1644; baseline -0.003 -16"><span class='ocrx_word' id='word_1_101' title='bbox 267 1568 408 1643; x_wconf 86' lang='lat' dir='ltr'><strong>scribant,</strong></span> <span class='ocrx_word' id='word_1_102' title='bbox 428 1569 517 1628; x_wconf 90' lang='lat' dir='ltr'><strong>babes</strong></span> <span class='ocrx_word' id='word_1_103' title='bbox 540 1571 588 1643; x_wconf 89' lang='lat' dir='ltr'><strong>qui</strong></span> <span class='ocrx_word' id='word_1_104' title='bbox 610 1575 662 1628; x_wconf 90' lang='lat' dir='ltr'><strong>tua</strong></span> <span class='ocrx_word' id='word_1_105' title='bbox 684 1569 792 1643; x_wconf 88' lang='lat' dir='ltr'><strong>scripta</strong></span> <span class='ocrx_word' id='word_1_106' title='bbox 813 1575 928 1630; x_wconf 79' lang='lat' dir='ltr'><strong>vertam</strong></span> <span class='ocrx_word' id='word_1_107' title='bbox 950 1571 1125 1643; x_wconf 81' lang='lat' dir='ltr'><strong>germanice.</strong></span> <span class='ocrx_word' id='word_1_108' title='bbox 1170 1569 1245 1640; x_wconf 78' lang='lat' dir='ltr'><strong>Quid</strong></span> <span class='ocrx_word' id='word_1_109' title='bbox 1268 1575 1401 1644; x_wconf 88' lang='lat' dir='ltr'><strong>superest</strong></span> <span class='ocrx_word' id='word_1_110' title='bbox 1422 1569 1471 1626; x_wconf 93' lang='lat' dir='ltr'><strong>uisi</strong></span> 
     </span>
     <span class='ocr_line' id='line_1_13' title="bbox 265 1669 1470 1748; baseline -0.002 -16"><span class='ocrx_word' id='word_1_111' title='bbox 265 1669 422 1736; x_wconf 76' lang='lat' dir='ltr'><strong>diadema?</strong></span> <span class='ocrx_word' id='word_1_112' title='bbox 469 1675 524 1732; x_wconf 91' lang='lat' dir='ltr'><strong>Hic</strong></span> <span class='ocrx_word' id='word_1_113' title='bbox 541 1691 638 1732; x_wconf 91' lang='lat' dir='ltr'><strong>rorum</strong></span> <span class='ocrx_word' id='word_1_114' title='bbox 661 1690 811 1734; x_wconf 89' lang='lat' dir='ltr'><strong>successus</strong></span> <span class='ocrx_word' id='word_1_115' title='bbox 838 1680 937 1748; x_wconf 89' lang='lat' dir='ltr'><strong>posset</strong></span> <span class='ocrx_word' id='word_1_116' title='bbox 964 1675 1011 1734; x_wconf 91' lang='lat' dir='ltr'><strong>vel</strong></span> <span class='ocrx_word' id='word_1_117' title='bbox 1039 1675 1238 1748; x_wconf 90' lang='lat' dir='ltr'><strong>incorruptum</strong></span> <span class='ocrx_word' id='word_1_118' title='bbox 1268 1676 1394 1733; x_wconf 89' lang='lat' dir='ltr'><strong>animum</strong></span> <span class='ocrx_word' id='word_1_119' title='bbox 1416 1689 1470 1731; x_wconf 90' lang='lat' dir='ltr'><strong>cor·</strong></span> 
     </span>
     <span class='ocr_line' id='line_1_14' title="bbox 264 1777 418 1853; baseline 0 -16"><span class='ocrx_word' id='word_1_120' title='bbox 264 1777 418 1853; x_wconf 86' lang='lat' dir='ltr'><strong>rumpere‘</strong></span> 
     </span>
    </p>

    <p class='ocr_par' dir='ltr' id='par_1_3' title="bbox 250 1882 1490 4040">
     <span class='ocr_line' id='line_1_15' title="bbox 350 1882 1470 1958; baseline -0.001 -17"><span class='ocrx_word' id='word_1_121' title='bbox 350 1883 453 1956; x_wconf 86' lang='lat' dir='ltr'><strong>Neque</strong></span> <span class='ocrx_word' id='word_1_122' title='bbox 484 1887 582 1942; x_wconf 90' lang='lat' dir='ltr'><strong>tamen</strong></span> <span class='ocrx_word' id='word_1_123' title='bbox 611 1898 735 1956; x_wconf 90' lang='lat' dir='ltr'><strong>uuquam</strong></span> <span class='ocrx_word' id='word_1_124' title='bbox 764 1882 923 1942; x_wconf 89' lang='lat' dir='ltr'><strong>Lutherum</strong></span> <span class='ocrx_word' id='word_1_125' title='bbox 953 1899 1088 1958; x_wconf 79' lang='lat' dir='ltr'><strong>maguum</strong></span> <span class='ocrx_word' id='word_1_126' title='bbox 1117 1883 1260 1942; x_wconf 89' lang='lat' dir='ltr'><strong>libertatis</strong></span> <span class='ocrx_word' id='word_1_127' title='bbox 1293 1883 1470 1956; x_wconf 82' lang='lat' dir='ltr'><strong>evangelicae</strong></span> 
     </span>
     <span class='ocr_line' id='line_1_16' title="bbox 262 1987 1469 2062; baseline -0.002 -16"><span class='ocrx_word' id='word_1_128' title='bbox 262 1992 504 2062; x_wconf 81' lang='lat' dir='ltr'><strong>propugnatorem</strong></span> <span class='ocrx_word' id='word_1_129' title='bbox 526 2003 591 2046; x_wconf 89' lang='lat' dir='ltr'><strong>esse</strong></span> <span class='ocrx_word' id='word_1_130' title='bbox 613 1987 718 2046; x_wconf 90' lang='lat' dir='ltr'><strong>oblitus</strong></span> <span class='ocrx_word' id='word_1_131' title='bbox 741 1994 794 2046; x_wconf 90' lang='lat' dir='ltr'><strong>est.</strong></span> <span class='ocrx_word' id='word_1_132' title='bbox 840 1987 1013 2048; x_wconf 88' lang='lat' dir='ltr'><strong>Servitutem</strong></span> <span class='ocrx_word' id='word_1_133' title='bbox 1042 1989 1219 2062; x_wconf 88' lang='lat' dir='ltr'><strong>duplicatum</strong></span> <span class='ocrx_word' id='word_1_134' title='bbox 1244 1989 1282 2046; x_wconf 90' lang='lat' dir='ltr'><strong>iri</strong></span> <span class='ocrx_word' id='word_1_135' title='bbox 1311 1988 1396 2060; x_wconf 92' lang='lat' dir='ltr'><strong>dicit,</strong></span> <span class='ocrx_word' id='word_1_136' title='bbox 1415 1987 1469 2044; x_wconf 93' lang='lat' dir='ltr'><strong>ubi·</strong></span> 
     </span>
     <span class='ocr_line' id='line_1_17' title="bbox 262 2091 1469 2167; baseline -0.002 -17"><span class='ocrx_word' id='word_1_137' title='bbox 262 2109 382 2166; x_wconf 90' lang='lat' dir='ltr'><strong>cumque</strong></span> <span class='ocrx_word' id='word_1_138' title='bbox 414 2093 592 2166; x_wconf 88' lang='lat' dir='ltr'><strong>praedicatio</strong></span> <span class='ocrx_word' id='word_1_139' title='bbox 622 2093 792 2167; x_wconf 84' lang='lat' dir='ltr'><strong>evangelicu</strong></span> <span class='ocrx_word' id='word_1_140' title='bbox 820 2091 987 2152; x_wconf 83' lang='lat' dir='ltr'><strong>abuthero</strong></span> <span class='ocrx_word' id='word_1_141' title='bbox 1009 2092 1155 2167; x_wconf 88' lang='lat' dir='ltr'><strong>profecta,</strong></span> <span class='ocrx_word' id='word_1_142' title='bbox 1184 2109 1304 2166; x_wconf 90' lang='lat' dir='ltr'><strong>prorsus</strong></span> <span class='ocrx_word' id='word_1_143' title='bbox 1327 2105 1469 2165; x_wconf 88' lang='lat' dir='ltr'><strong>suppressa</strong></span> 
     </span>
     <span class='ocr_line' id='line_1_18' title="bbox 261 2194 1467 2271; baseline -0.002 -17"><span class='ocrx_word' id='word_1_144' title='bbox 261 2195 357 2256; x_wconf 88' lang='lat' dir='ltr'><strong>fuerit.</strong></span> <span class='ocrx_word' id='word_1_145' title='bbox 413 2197 447 2257; x_wconf 93' lang='lat' dir='ltr'><strong>Id</strong></span> <span class='ocrx_word' id='word_1_146' title='bbox 478 2213 546 2256; x_wconf 87' lang='lat' dir='ltr'><strong>vero</strong></span> <span class='ocrx_word' id='word_1_147' title='bbox 565 2213 619 2270; x_wconf 90' lang='lat' dir='ltr'><strong>per</strong></span> <span class='ocrx_word' id='word_1_148' title='bbox 649 2213 748 2256; x_wconf 88' lang='lat' dir='ltr'><strong>omues</strong></span> <span class='ocrx_word' id='word_1_149' title='bbox 770 2196 907 2271; x_wconf 86' lang='lat' dir='ltr'><strong>Europae</strong></span> <span class='ocrx_word' id='word_1_150' title='bbox 929 2203 1028 2269; x_wconf 90' lang='lat' dir='ltr'><strong>partes</strong></span> <span class='ocrx_word' id='word_1_151' title='bbox 1050 2213 1197 2270; x_wconf 89' lang='lat' dir='ltr'><strong>uunquam</strong></span> <span class='ocrx_word' id='word_1_152' title='bbox 1218 2194 1282 2256; x_wconf 89' lang='lat' dir='ltr'><strong>lieri</strong></span> <span class='ocrx_word' id='word_1_153' title='bbox 1306 2213 1389 2270; x_wconf 88' lang='lat' dir='ltr'><strong>posse</strong></span> <span class='ocrx_word' id='word_1_154' title='bbox 1408 2211 1467 2268; x_wconf 89' lang='lat' dir='ltr'><strong>pcr-</strong></span> 
     </span>
     <span class='ocr_line' id='line_1_19' title="bbox 261 2300 1466 2375; baseline -0.002 -17"><span class='ocrx_word' id='word_1_155' title='bbox 261 2317 377 2360; x_wconf 87' lang='lat' dir='ltr'><strong>suasum</strong></span> <span class='ocrx_word' id='word_1_156' title='bbox 399 2301 454 2360; x_wconf 92' lang='lat' dir='ltr'><strong>sibi</strong></span> <span class='ocrx_word' id='word_1_157' title='bbox 478 2301 574 2360; x_wconf 89' lang='lat' dir='ltr'><strong>babet.</strong></span> <span class='ocrx_word' id='word_1_158' title='bbox 614 2301 709 2375; x_wconf 85' lang='lat' dir='ltr'><strong>Saepo</strong></span> <span class='ocrx_word' id='word_1_159' title='bbox 732 2302 853 2374; x_wconf 88' lang='lat' dir='ltr'><strong>repetit,</strong></span> <span class='ocrx_word' id='word_1_160' title='bbox 876 2300 951 2374; x_wconf 90' lang='lat' dir='ltr'><strong>quod</strong></span> <span class='ocrx_word' id='word_1_161' title='bbox 966 2303 1028 2374; x_wconf 88' lang='lat' dir='ltr'><strong>jam</strong></span> <span class='ocrx_word' id='word_1_162' title='bbox 1051 2307 1119 2360; x_wconf 88' lang='lat' dir='ltr'><strong>ante</strong></span> <span class='ocrx_word' id='word_1_163' title='bbox 1140 2302 1238 2374; x_wconf 89' lang='lat' dir='ltr'><strong>plures</strong></span> <span class='ocrx_word' id='word_1_164' title='bbox 1260 2317 1366 2373; x_wconf 85' lang='lat' dir='ltr'><strong>anuos,</strong></span> <span class='ocrx_word' id='word_1_165' title='bbox 1389 2316 1466 2372; x_wconf 89' lang='lat' dir='ltr'><strong>quum</strong></span> 
     </span>
     <span class='ocr_line' id='line_1_20' title="bbox 260 2402 1465 2479; baseline -0.001 -18"><span class='ocrx_word' id='word_1_166' title='bbox 260 2402 382 2463; x_wconf 88' lang='lat' dir='ltr'><strong>Lovanii</strong></span> <span class='ocrx_word' id='word_1_167' title='bbox 404 2404 540 2479; x_wconf 84' lang='lat' dir='ltr'><strong>degeret,</strong></span> <span class='ocrx_word' id='word_1_168' title='bbox 562 2406 618 2478; x_wconf 92' lang='lat' dir='ltr'><strong>ipsi</strong></span> <span class='ocrx_word' id='word_1_169' title='bbox 640 2405 769 2464; x_wconf 86' lang='lat' dir='ltr'><strong>Adriano</strong></span> <span class='ocrx_word' id='word_1_170' title='bbox 779 2405 873 2478; x_wconf 89' lang='lat' dir='ltr'><strong>Papa,</strong></span> <span class='ocrx_word' id='word_1_171' title='bbox 897 2406 1066 2478; x_wconf 84' lang='lat' dir='ltr'><strong>scripserat,</strong></span> <span class='ocrx_word' id='word_1_172' title='bbox 1089 2407 1236 2464; x_wconf 88' lang='lat' dir='ltr'><strong>neminem</strong></span> <span class='ocrx_word' id='word_1_173' title='bbox 1255 2405 1376 2464; x_wconf 87' lang='lat' dir='ltr'><strong>credere</strong></span> <span class='ocrx_word' id='word_1_174' title='bbox 1390 2418 1465 2476; x_wconf 87' lang='lat' dir='ltr'><strong>quam</strong></span> 
     </span>
     <span class='ocr_line' id='line_1_21' title="bbox 260 2507 1464 2583; baseline -0.002 -18"><span class='ocrx_word' id='word_1_175' title='bbox 260 2510 319 2566; x_wconf 89' lang='lat' dir='ltr'><strong>late</strong></span> <span class='ocrx_word' id='word_1_176' title='bbox 338 2507 483 2566; x_wconf 89' lang='lat' dir='ltr'><strong>Lutberus</strong></span> <span class='ocrx_word' id='word_1_177' title='bbox 515 2509 668 2582; x_wconf 87' lang='lat' dir='ltr'><strong>irrepserit</strong></span> <span class='ocrx_word' id='word_1_178' title='bbox 700 2510 730 2567; x_wconf 92' lang='lat' dir='ltr'><strong>iu</strong></span> <span class='ocrx_word' id='word_1_179' title='bbox 763 2510 872 2568; x_wconf 92' lang='lat' dir='ltr'><strong>animos</strong></span> <span class='ocrx_word' id='word_1_180' title='bbox 900 2509 1054 2568; x_wconf 84' lang='lat' dir='ltr'><strong>multarum</strong></span> <span class='ocrx_word' id='word_1_181' title='bbox 1085 2509 1215 2583; x_wconf 79' lang='lat' dir='ltr'><strong>gentium</strong></span> <span class='ocrx_word' id='word_1_182' title='bbox 1246 2513 1277 2568; x_wconf 86' lang='lat' dir='ltr'><strong>ot</strong></span> <span class='ocrx_word' id='word_1_183' title='bbox 1307 2524 1392 2582; x_wconf 89' lang='lat' dir='ltr'><strong>quam</strong></span> <span class='ocrx_word' id='word_1_184' title='bbox 1413 2507 1464 2565; x_wconf 89' lang='lat' dir='ltr'><strong>alte</strong></span> 
     </span>
     <span class='ocr_line' id='line_1_22' title="bbox 260 2610 1464 2688; baseline 0.002 -20"><span class='ocrx_word' id='word_1_185' title='bbox 260 2610 409 2670; x_wconf 87' lang='lat' dir='ltr'><strong>insederit.</strong></span> <span class='ocrx_word' id='word_1_186' title='bbox 455 2611 550 2682; x_wconf 78' lang='lat' dir='ltr'><strong>Quare</strong></span> <span class='ocrx_word' id='word_1_187' title='bbox 574 2613 723 2686; x_wconf 82' lang='lat' dir='ltr'><strong>theologos</strong></span> <span class='ocrx_word' id='word_1_188' title='bbox 746 2613 898 2687; x_wconf 88' lang='lat' dir='ltr'><strong>quosdam,</strong></span> <span class='ocrx_word' id='word_1_189' title='bbox 929 2613 1022 2688; x_wconf 90' lang='lat' dir='ltr'><strong>ipsum</strong></span> <span class='ocrx_word' id='word_1_190' title='bbox 1046 2629 1110 2671; x_wconf 92' lang='lat' dir='ltr'><strong>cum</strong></span> <span class='ocrx_word' id='word_1_191' title='bbox 1133 2612 1261 2672; x_wconf 89' lang='lat' dir='ltr'><strong>Lutbero</strong></span> <span class='ocrx_word' id='word_1_192' title='bbox 1289 2613 1328 2670; x_wconf 91' lang='lat' dir='ltr'><strong>ad</strong></span> <span class='ocrx_word' id='word_1_193' title='bbox 1349 2627 1464 2687; x_wconf 81' lang='lat' dir='ltr'><strong>pugnam</strong></span> 
     </span>
     <span class='ocr_line' id='line_1_23' title="bbox 259 2715 1463 2792; baseline -0.001 -20"><span class='ocrx_word' id='word_1_194' title='bbox 259 2716 440 2774; x_wconf 88' lang='lat' dir='ltr'><strong>commissum</strong></span> <span class='ocrx_word' id='word_1_195' title='bbox 461 2715 558 2774; x_wconf 89' lang='lat' dir='ltr'><strong>densis</strong></span> <span class='ocrx_word' id='word_1_196' title='bbox 579 2717 771 2790; x_wconf 81' lang='lat' dir='ltr'><strong>phalangibus</strong></span> <span class='ocrx_word' id='word_1_197' title='bbox 792 2717 972 2791; x_wconf 74' lang='lat' dir='ltr'><strong>edomantes,</strong></span> <span class='ocrx_word' id='word_1_198' title='bbox 995 2719 1105 2776; x_wconf 89' lang='lat' dir='ltr'><strong>ironice</strong></span> <span class='ocrx_word' id='word_1_199' title='bbox 1122 2718 1297 2792; x_wconf 86' lang='lat' dir='ltr'><strong>expostulat:</strong></span> <span class='ocrx_word' id='word_1_200' title='bbox 1321 2715 1463 2792; x_wconf 77' lang='lat' dir='ltr'><strong>,conficite</strong></span> 
     </span>
     <span class='ocr_line' id='line_1_24' title="bbox 258 2818 1463 2895; baseline 0.002 -20"><span class='ocrx_word' id='word_1_201' title='bbox 258 2818 418 2878; x_wconf 91' lang='lat' dir='ltr'><strong>Luthcrnm</strong></span> <span class='ocrx_word' id='word_1_202' title='bbox 434 2836 468 2878; x_wconf 87' lang='lat' dir='ltr'><strong>ac</strong></span> <span class='ocrx_word' id='word_1_203' title='bbox 483 2825 553 2895; x_wconf 90' lang='lat' dir='ltr'><strong>tum,</strong></span> <span class='ocrx_word' id='word_1_204' title='bbox 576 2821 599 2878; x_wconf 88' lang='lat' dir='ltr'><strong>si</strong></span> <span class='ocrx_word' id='word_1_205' title='bbox 615 2819 740 2895; x_wconf 87' lang='lat' dir='ltr'><strong>videtur,</strong></span> <span class='ocrx_word' id='word_1_206' title='bbox 762 2820 933 2880; x_wconf 87' lang='lat' dir='ltr'><strong>adoriamini</strong></span> <span class='ocrx_word' id='word_1_207' title='bbox 949 2821 1121 2880; x_wconf 85' lang='lat' dir='ltr'><strong>Erasmum.‘</strong></span> <span class='ocrx_word' id='word_1_208' title='bbox 1153 2821 1309 2880; x_wconf 80' lang='lat' dir='ltr'><strong>Faustinos</strong></span> <span class='ocrx_word' id='word_1_209' title='bbox 1323 2837 1392 2880; x_wconf 82' lang='lat' dir='ltr'><strong>vero</strong></span> <span class='ocrx_word' id='word_1_210' title='bbox 1406 2820 1463 2879; x_wconf 90' lang='lat' dir='ltr'><strong>illos</strong></span> 
     </span>
     <span class='ocr_line' id='line_1_25' title="bbox 256 2923 1462 2999; baseline -0.001 -18"><span class='ocrx_word' id='word_1_211' title='bbox 256 2924 387 2983; x_wconf 90' lang='lat' dir='ltr'><strong>homiues</strong></span> <span class='ocrx_word' id='word_1_212' title='bbox 403 2925 477 2984; x_wconf 84' lang='lat' dir='ltr'><strong>tales</strong></span> <span class='ocrx_word' id='word_1_213' title='bbox 492 2923 644 2998; x_wconf 88' lang='lat' dir='ltr'><strong>describit,</strong></span> <span class='ocrx_word' id='word_1_214' title='bbox 668 2925 768 2998; x_wconf 88' lang='lat' dir='ltr'><strong>quales</strong></span> <span class='ocrx_word' id='word_1_215' title='bbox 784 2941 836 2983; x_wconf 93' lang='lat' dir='ltr'><strong>uos</strong></span> <span class='ocrx_word' id='word_1_216' title='bbox 853 2927 940 2984; x_wconf 90' lang='lat' dir='ltr'><strong>etiam</strong></span> <span class='ocrx_word' id='word_1_217' title='bbox 955 2925 1042 2984; x_wconf 92' lang='lat' dir='ltr'><strong>hodie</strong></span> <span class='ocrx_word' id='word_1_218' title='bbox 1057 2925 1202 2984; x_wconf 90' lang='lat' dir='ltr'><strong>videmus:</strong></span> <span class='ocrx_word' id='word_1_219' title='bbox 1227 2925 1330 2999; x_wconf 88' lang='lat' dir='ltr'><strong>,Nulla</strong></span> <span class='ocrx_word' id='word_1_220' title='bbox 1345 2925 1462 2999; x_wconf 85' lang='lat' dir='ltr'><strong>pudoris,</strong></span> 
     </span>
     <span class='ocr_line' id='line_1_26' title="bbox 256 3027 1462 3103; baseline -0.002 -16"><span class='ocrx_word' id='word_1_221' title='bbox 256 3029 336 3087; x_wconf 90' lang='lat' dir='ltr'><strong>nullu</strong></span> <span class='ocrx_word' id='word_1_222' title='bbox 353 3029 427 3101; x_wconf 89' lang='lat' dir='ltr'><strong>juris</strong></span> <span class='ocrx_word' id='word_1_223' title='bbox 449 3029 536 3102; x_wconf 73' lang='lat' dir='ltr'><strong>ratio,</strong></span> <span class='ocrx_word' id='word_1_224' title='bbox 570 3029 646 3102; x_wconf 90' lang='lat' dir='ltr'><strong>quod</strong></span> <span class='ocrx_word' id='word_1_225' title='bbox 668 3029 768 3103; x_wconf 90' lang='lat' dir='ltr'><strong>libuit,</strong></span> <span class='ocrx_word' id='word_1_226' title='bbox 802 3035 933 3089; x_wconf 88' lang='lat' dir='ltr'><strong>sanctum</strong></span> <span class='ocrx_word' id='word_1_227' title='bbox 959 3037 1018 3102; x_wconf 88' lang='lat' dir='ltr'><strong>est;</strong></span> <span class='ocrx_word' id='word_1_228' title='bbox 1051 3045 1173 3103; x_wconf 88' lang='lat' dir='ltr'><strong>quorum</strong></span> <span class='ocrx_word' id='word_1_229' title='bbox 1205 3030 1392 3103; x_wconf 80' lang='lat' dir='ltr'><strong>intemperiae</strong></span> <span class='ocrx_word' id='word_1_230' title='bbox 1414 3027 1462 3087; x_wconf 87' lang='lat' dir='ltr'><strong>nisi</strong></span> 
     </span>
     <span class='ocr_line' id='line_1_27' title="bbox 252 3133 1490 3210; baseline 0 -19"><span class='ocrx_word' id='word_1_231' title='bbox 252 3134 415 3208; x_wconf 90' lang='lat' dir='ltr'><strong>principum</strong></span> <span class='ocrx_word' id='word_1_232' title='bbox 438 3135 598 3194; x_wconf 87' lang='lat' dir='ltr'><strong>auctoritas</strong></span> <span class='ocrx_word' id='word_1_233' title='bbox 621 3139 769 3208; x_wconf 89' lang='lat' dir='ltr'><strong>coerceat,</strong></span> <span class='ocrx_word' id='word_1_234' title='bbox 792 3133 960 3194; x_wconf 82' lang='lat' dir='ltr'><strong>excitabunt</strong></span> <span class='ocrx_word' id='word_1_235' title='bbox 981 3134 1044 3193; x_wconf 92' lang='lat' dir='ltr'><strong>orbi</strong></span> <span class='ocrx_word' id='word_1_236' title='bbox 1059 3135 1174 3208; x_wconf 68' lang='lat' dir='ltr'><strong>gratim</strong></span> <span class='ocrx_word' id='word_1_237' title='bbox 1188 3133 1363 3210; x_wconf 89' lang='lat' dir='ltr'><strong>incendium,</strong></span> <span class='ocrx_word' id='word_1_238' title='bbox 1385 3149 1462 3206; x_wconf 89' lang='lat' dir='ltr'><strong>quum</strong></span> <span class='ocrx_word' id='word_1_239' title='bbox 1486 3199 1490 3210; x_wconf 49' lang='lat'><strong>,</strong></span> 
     </span>
     <span class='ocr_line' id='line_1_28' title="bbox 253 3236 1462 3312; baseline -0.002 -16"><span class='ocrx_word' id='word_1_240' title='bbox 253 3253 378 3310; x_wconf 86' lang='lat' dir='ltr'><strong>uuquam</strong></span> <span class='ocrx_word' id='word_1_241' title='bbox 401 3238 537 3296; x_wconf 84' lang='lat' dir='ltr'><strong>excitavit</strong></span> <span class='ocrx_word' id='word_1_242' title='bbox 558 3236 723 3297; x_wconf 88' lang='lat' dir='ltr'><strong>Luthcrus.‘</strong></span> <span class='ocrx_word' id='word_1_243' title='bbox 778 3236 998 3296; x_wconf 88' lang='lat' dir='ltr'><strong>Memoraudum</strong></span> <span class='ocrx_word' id='word_1_244' title='bbox 1028 3243 1087 3312; x_wconf 91' lang='lat' dir='ltr'><strong>est,</strong></span> <span class='ocrx_word' id='word_1_245' title='bbox 1117 3243 1219 3296; x_wconf 89' lang='lat' dir='ltr'><strong>contra</strong></span> <span class='ocrx_word' id='word_1_246' title='bbox 1241 3238 1296 3296; x_wconf 89' lang='lat' dir='ltr'><strong>boc</strong></span> <span class='ocrx_word' id='word_1_247' title='bbox 1319 3237 1462 3296; x_wconf 82' lang='lat' dir='ltr'><strong>Erasmum</strong></span> 
     </span>
     <span class='ocr_line' id='line_1_29' title="bbox 254 3339 1461 3416; baseline -0.002 -16"><span class='ocrx_word' id='word_1_248' title='bbox 254 3342 392 3400; x_wconf 80' lang='lat' dir='ltr'><strong>auxilium</strong></span> <span class='ocrx_word' id='word_1_249' title='bbox 423 3359 481 3402; x_wconf 92' lang='lat' dir='ltr'><strong>nou</strong></span> <span class='ocrx_word' id='word_1_250' title='bbox 509 3347 680 3416; x_wconf 88' lang='lat' dir='ltr'><strong>exspectare</strong></span> <span class='ocrx_word' id='word_1_251' title='bbox 711 3339 892 3401; x_wconf 88' lang='lat' dir='ltr'><strong>aPontilice</strong></span> <span class='ocrx_word' id='word_1_252' title='bbox 923 3348 955 3400; x_wconf 89' lang='lat' dir='ltr'><strong>et</strong></span> <span class='ocrx_word' id='word_1_253' title='bbox 978 3342 1122 3416; x_wconf 88' lang='lat' dir='ltr'><strong>episcopis</strong></span> <span class='ocrx_word' id='word_1_254' title='bbox 1152 3343 1204 3402; x_wconf 90' lang='lat' dir='ltr'><strong>sed</strong></span> <span class='ocrx_word' id='word_1_255' title='bbox 1233 3357 1251 3400; x_wconf 85' lang='lat' dir='ltr'><strong>a</strong></span> <span class='ocrx_word' id='word_1_256' title='bbox 1280 3341 1461 3416; x_wconf 83' lang='lat' dir='ltr'><strong>Principibus</strong></span> 
     </span>
     <span class='ocr_line' id='line_1_30' title="bbox 252 3445 1461 3520; baseline 0 -19"><span class='ocrx_word' id='word_1_257' title='bbox 252 3445 375 3502; x_wconf 88' lang='lat' dir='ltr'><strong>Istorum</strong></span> <span class='ocrx_word' id='word_1_258' title='bbox 408 3446 554 3504; x_wconf 90' lang='lat' dir='ltr'><strong>hominum</strong></span> <span class='ocrx_word' id='word_1_259' title='bbox 591 3445 729 3520; x_wconf 87' lang='lat' dir='ltr'><strong>superbia</strong></span> <span class='ocrx_word' id='word_1_260' title='bbox 764 3445 967 3519; x_wconf 88' lang='lat' dir='ltr'><strong>exacerbatus,</strong></span> <span class='ocrx_word' id='word_1_261' title='bbox 1003 3446 1149 3504; x_wconf 89' lang='lat' dir='ltr'><strong>interdum</strong></span> <span class='ocrx_word' id='word_1_262' title='bbox 1187 3445 1319 3505; x_wconf 82' lang='lat' dir='ltr'><strong>inridere</strong></span> <span class='ocrx_word' id='word_1_263' title='bbox 1356 3445 1461 3504; x_wconf 80' lang='lat' dir='ltr'><strong>ridetur</strong></span> 
     </span>
     <span class='ocr_line' id='line_1_31' title="bbox 252 3548 1461 3625; baseline -0.002 -18"><span class='ocrx_word' id='word_1_264' title='bbox 252 3548 436 3622; x_wconf 81' lang='lat' dir='ltr'><strong>Evangelicis</strong></span> <span class='ocrx_word' id='word_1_265' title='bbox 464 3549 629 3608; x_wconf 87' lang='lat' dir='ltr'><strong>libertatem</strong></span> <span class='ocrx_word' id='word_1_266' title='bbox 657 3566 745 3608; x_wconf 87' lang='lat' dir='ltr'><strong>suam</strong></span> <span class='ocrx_word' id='word_1_267' title='bbox 790 3549 838 3608; x_wconf 86' lang='lat' dir='ltr'><strong>Sic</strong></span> <span class='ocrx_word' id='word_1_268' title='bbox 857 3550 1035 3610; x_wconf 87' lang='lat' dir='ltr'><strong>Fordinandi</strong></span> <span class='ocrx_word' id='word_1_269' title='bbox 1056 3551 1135 3625; x_wconf 81' lang='lat' dir='ltr'><strong>regis</strong></span> <span class='ocrx_word' id='word_1_270' title='bbox 1159 3549 1331 3611; x_wconf 78' lang='lat' dir='ltr'><strong>Consiliario</strong></span> <span class='ocrx_word' id='word_1_271' title='bbox 1354 3550 1461 3622; x_wconf 86' lang='lat' dir='ltr'><strong>scripsit</strong></span> 
     </span>
     <span class='ocr_line' id='line_1_32' title="bbox 251 3651 1460 3727; baseline -0.002 -15"><span class='ocrx_word' id='word_1_272' title='bbox 251 3651 394 3727; x_wconf 90' lang='lat' dir='ltr'><strong>quondam</strong></span> <span class='ocrx_word' id='word_1_273' title='bbox 416 3652 447 3711; x_wconf 92' lang='lat' dir='ltr'><strong>id</strong></span> <span class='ocrx_word' id='word_1_274' title='bbox 472 3651 547 3726; x_wconf 90' lang='lat' dir='ltr'><strong>quod</strong></span> <span class='ocrx_word' id='word_1_275' title='bbox 570 3669 658 3727; x_wconf 88' lang='lat' dir='ltr'><strong>supra</strong></span> <span class='ocrx_word' id='word_1_276' title='bbox 681 3655 916 3712; x_wconf 88' lang='lat' dir='ltr'><strong>memoravimus:</strong></span> <span class='ocrx_word' id='word_1_277' title='bbox 948 3653 1030 3725; x_wconf 88' lang='lat' dir='ltr'><strong>,Sola</strong></span> <span class='ocrx_word' id='word_1_278' title='bbox 1050 3655 1229 3715; x_wconf 90' lang='lat' dir='ltr'><strong>conscientia</strong></span> <span class='ocrx_word' id='word_1_279' title='bbox 1251 3671 1297 3713; x_wconf 92' lang='lat' dir='ltr'><strong>me</strong></span> <span class='ocrx_word' id='word_1_280' title='bbox 1319 3657 1424 3714; x_wconf 87' lang='lat' dir='ltr'><strong>retinet</strong></span> <span class='ocrx_word' id='word_1_281' title='bbox 1445 3668 1460 3709; x_wconf 86' lang='lat' dir='ltr'><strong>a</strong></span> 
     </span>
     <span class='ocr_line' id='line_1_33' title="bbox 251 3755 1459 3834; baseline -0.002 -17"><span class='ocrx_word' id='word_1_282' title='bbox 251 3757 444 3831; x_wconf 87' lang='lat' dir='ltr'><strong>Lutherauis,</strong></span> <span class='ocrx_word' id='word_1_283' title='bbox 474 3757 582 3830; x_wconf 90' lang='lat' dir='ltr'><strong>alioqui</strong></span> <span class='ocrx_word' id='word_1_284' title='bbox 605 3757 786 3817; x_wconf 88' lang='lat' dir='ltr'><strong>declararem</strong></span> <span class='ocrx_word' id='word_1_285' title='bbox 809 3758 867 3816; x_wconf 91' lang='lat' dir='ltr'><strong>illis</strong></span> <span class='ocrx_word' id='word_1_286' title='bbox 886 3758 983 3818; x_wconf 83' lang='lat' dir='ltr'><strong>Furiis</strong></span> <span class='ocrx_word' id='word_1_287' title='bbox 1006 3759 1106 3832; x_wconf 90' lang='lat' dir='ltr'><strong>quales</strong></span> <span class='ocrx_word' id='word_1_288' title='bbox 1128 3760 1214 3818; x_wconf 82' lang='lat' dir='ltr'><strong>suut‘</strong></span> <span class='ocrx_word' id='word_1_289' title='bbox 1266 3758 1371 3834; x_wconf 88' lang='lat' dir='ltr'><strong>Addit,</strong></span> <span class='ocrx_word' id='word_1_290' title='bbox 1392 3755 1459 3831; x_wconf 91' lang='lat' dir='ltr'><strong>quod</strong></span> 
     </span>
     <span class='ocr_line' id='line_1_34' title="bbox 251 3862 1458 3938; baseline -0.001 -17"><span class='ocrx_word' id='word_1_291' title='bbox 251 3879 317 3921; x_wconf 91' lang='lat' dir='ltr'><strong>eum</strong></span> <span class='ocrx_word' id='word_1_292' title='bbox 347 3862 488 3934; x_wconf 89' lang='lat' dir='ltr'><strong>retineat,</strong></span> <span class='ocrx_word' id='word_1_293' title='bbox 526 3878 584 3921; x_wconf 92' lang='lat' dir='ltr'><strong>nou</strong></span> <span class='ocrx_word' id='word_1_294' title='bbox 612 3877 677 3921; x_wconf 88' lang='lat' dir='ltr'><strong>esse</strong></span> <span class='ocrx_word' id='word_1_295' title='bbox 706 3868 892 3921; x_wconf 85' lang='lat' dir='ltr'><strong>externarum</strong></span> <span class='ocrx_word' id='word_1_296' title='bbox 921 3879 1019 3922; x_wconf 87' lang='lat' dir='ltr'><strong>rerum</strong></span> <span class='ocrx_word' id='word_1_297' title='bbox 1049 3877 1162 3938; x_wconf 88' lang='lat' dir='ltr'><strong>curam,</strong></span> <span class='ocrx_word' id='word_1_298' title='bbox 1199 3863 1305 3936; x_wconf 92' lang='lat' dir='ltr'><strong>quippe</strong></span> <span class='ocrx_word' id='word_1_299' title='bbox 1333 3863 1381 3936; x_wconf 91' lang='lat' dir='ltr'><strong>qui</strong></span> <span class='ocrx_word' id='word_1_300' title='bbox 1405 3863 1458 3936; x_wconf 89' lang='lat' dir='ltr'><strong>jam</strong></span> 
     </span>
     <span class='ocr_line' id='line_1_35' title="bbox 250 3966 652 4040; baseline 0 -16"><span class='ocrx_word' id='word_1_301' title='bbox 250 3967 318 4025; x_wconf 87' lang='lat' dir='ltr'><strong>binc</strong></span> <span class='ocrx_word' id='word_1_302' title='bbox 340 3967 466 4040; x_wconf 80' lang='lat' dir='ltr'><strong>migrare</strong></span> <span class='ocrx_word' id='word_1_303' title='bbox 488 3966 652 4025; x_wconf 90' lang='lat' dir='ltr'><strong>meditetur.</strong></span> 
     </span>
    </p>

    <p class='ocr_par' dir='ltr' id='par_1_4' title="bbox 248 4070 1460 4665">
     <span class='ocr_line' id='line_1_36' title="bbox 337 4070 1458 4146; baseline -0.003 -17"><span class='ocrx_word' id='word_1_304' title='bbox 337 4071 419 4131; x_wconf 89' lang='lat' dir='ltr'><strong>luter</strong></span> <span class='ocrx_word' id='word_1_305' title='bbox 441 4071 531 4131; x_wconf 86' lang='lat' dir='ltr'><strong>rerba</strong></span> <span class='ocrx_word' id='word_1_306' title='bbox 552 4073 614 4146; x_wconf 87' lang='lat' dir='ltr'><strong>ejus</strong></span> <span class='ocrx_word' id='word_1_307' title='bbox 637 4071 675 4130; x_wconf 89' lang='lat' dir='ltr'><strong>ad</strong></span> <span class='ocrx_word' id='word_1_308' title='bbox 698 4070 826 4130; x_wconf 83' lang='lat' dir='ltr'><strong>futurum</strong></span> <span class='ocrx_word' id='word_1_309' title='bbox 848 4071 933 4144; x_wconf 92' lang='lat' dir='ltr'><strong>illud,</strong></span> <span class='ocrx_word' id='word_1_310' title='bbox 956 4071 1031 4144; x_wconf 88' lang='lat' dir='ltr'><strong>quod</strong></span> <span class='ocrx_word' id='word_1_311' title='bbox 1053 4071 1187 4146; x_wconf 89' lang='lat' dir='ltr'><strong>timebat,</strong></span> <span class='ocrx_word' id='word_1_312' title='bbox 1210 4071 1290 4130; x_wconf 93' lang='lat' dir='ltr'><strong>orbis</strong></span> <span class='ocrx_word' id='word_1_313' title='bbox 1309 4071 1458 4132; x_wconf 88' lang='lat' dir='ltr'><strong>incendiuu</strong></span> 
     </span>
     <span class='ocr_line' id='line_1_37' title="bbox 249 4173 1460 4250; baseline -0.002 -16"><span class='ocrx_word' id='word_1_314' title='bbox 249 4176 411 4249; x_wconf 86' lang='lat' dir='ltr'><strong>spectantia</strong></span> <span class='ocrx_word' id='word_1_315' title='bbox 433 4177 569 4250; x_wconf 79' lang='lat' dir='ltr'><strong>leguntur</strong></span> <span class='ocrx_word' id='word_1_316' title='bbox 588 4175 739 4250; x_wconf 88' lang='lat' dir='ltr'><strong>nonnulla,</strong></span> <span class='ocrx_word' id='word_1_317' title='bbox 768 4173 870 4248; x_wconf 88' lang='lat' dir='ltr'><strong>quibus</strong></span> <span class='ocrx_word' id='word_1_318' title='bbox 889 4175 1168 4234; x_wconf 88' lang='lat' dir='ltr'><strong>Bartholomacauae</strong></span> <span class='ocrx_word' id='word_1_319' title='bbox 1192 4176 1285 4234; x_wconf 89' lang='lat' dir='ltr'><strong>noctis</strong></span> <span class='ocrx_word' id='word_1_320' title='bbox 1313 4177 1360 4235; x_wconf 84' lang='lat' dir='ltr'><strong>vel</strong></span> <span class='ocrx_word' id='word_1_321' title='bbox 1380 4176 1460 4234; x_wconf 86' lang='lat' dir='ltr'><strong>trice-</strong></span> 
     </span>
     <span class='ocr_line' id='line_1_38' title="bbox 249 4278 1459 4354; baseline -0.002 -16"><span class='ocrx_word' id='word_1_322' title='bbox 249 4280 324 4338; x_wconf 89' lang='lat' dir='ltr'><strong>narii</strong></span> <span class='ocrx_word' id='word_1_323' title='bbox 354 4279 424 4338; x_wconf 90' lang='lat' dir='ltr'><strong>belli</strong></span> <span class='ocrx_word' id='word_1_324' title='bbox 454 4278 559 4338; x_wconf 85' lang='lat' dir='ltr'><strong>caedes</strong></span> <span class='ocrx_word' id='word_1_325' title='bbox 590 4284 687 4339; x_wconf 89' lang='lat' dir='ltr'><strong>mente</strong></span> <span class='ocrx_word' id='word_1_326' title='bbox 718 4295 783 4338; x_wconf 89' lang='lat' dir='ltr'><strong>eum</strong></span> <span class='ocrx_word' id='word_1_327' title='bbox 813 4279 988 4354; x_wconf 88' lang='lat' dir='ltr'><strong>anticipasse</strong></span> <span class='ocrx_word' id='word_1_328' title='bbox 1019 4279 1238 4339; x_wconf 87' lang='lat' dir='ltr'><strong>existimaveris.</strong></span> <span class='ocrx_word' id='word_1_329' title='bbox 1299 4279 1338 4338; x_wconf 81' lang='lat' dir='ltr'><strong>at</strong></span> <span class='ocrx_word' id='word_1_330' title='bbox 1366 4279 1459 4338; x_wconf 90' lang='lat' dir='ltr'><strong>talium</strong></span> 
     </span>
     <span class='ocr_line' id='line_1_39' title="bbox 248 4383 1458 4458; baseline -0.004 -17"><span class='ocrx_word' id='word_1_331' title='bbox 248 4400 346 4442; x_wconf 89' lang='lat' dir='ltr'><strong>rerum</strong></span> <span class='ocrx_word' id='word_1_332' title='bbox 377 4389 512 4442; x_wconf 89' lang='lat' dir='ltr'><strong>auctores</strong></span> <span class='ocrx_word' id='word_1_333' title='bbox 545 4398 689 4456; x_wconf 90' lang='lat' dir='ltr'><strong>nunquam</strong></span> <span class='ocrx_word' id='word_1_334' title='bbox 725 4383 923 4458; x_wconf 88' lang='lat' dir='ltr'><strong>Lutheranos,</strong></span> <span class='ocrx_word' id='word_1_335' title='bbox 956 4399 1071 4458; x_wconf 90' lang='lat' dir='ltr'><strong>semper</strong></span> <span class='ocrx_word' id='word_1_336' title='bbox 1104 4383 1303 4442; x_wconf 85' lang='lat' dir='ltr'><strong>Romaneuses</strong></span> <span class='ocrx_word' id='word_1_337' title='bbox 1338 4383 1458 4442; x_wconf 74' lang='lat' dir='ltr'><strong>densus..</strong></span> 
     </span>
     <span class='ocr_line' id='line_1_40' title="bbox 249 4484 1458 4562; baseline 0.001 -20"><span class='ocrx_word' id='word_1_338' title='bbox 249 4485 395 4558; x_wconf 80' lang='lat' dir='ltr'><strong>,Ingens‘,</strong></span> <span class='ocrx_word' id='word_1_339' title='bbox 424 4485 531 4557; x_wconf 88' lang='lat' dir='ltr'><strong>iuquit,</strong></span> <span class='ocrx_word' id='word_1_340' title='bbox 562 4484 655 4558; x_wconf 92' lang='lat' dir='ltr'><strong>,orbis</strong></span> <span class='ocrx_word' id='word_1_341' title='bbox 678 4485 826 4545; x_wconf 88' lang='lat' dir='ltr'><strong>dissidium</strong></span> <span class='ocrx_word' id='word_1_342' title='bbox 850 4489 1007 4547; x_wconf 82' lang='lat' dir='ltr'><strong>excitatum</strong></span> <span class='ocrx_word' id='word_1_343' title='bbox 1030 4493 1091 4562; x_wconf 90' lang='lat' dir='ltr'><strong>est,</strong></span> <span class='ocrx_word' id='word_1_344' title='bbox 1120 4489 1197 4546; x_wconf 88' lang='lat' dir='ltr'><strong>iuter</strong></span> <span class='ocrx_word' id='word_1_345' title='bbox 1220 4503 1320 4545; x_wconf 91' lang='lat' dir='ltr'><strong>omues</strong></span> <span class='ocrx_word' id='word_1_346' title='bbox 1342 4485 1458 4546; x_wconf 83' lang='lat' dir='ltr'><strong>fortasse</strong></span> 
     </span>
     <span class='ocr_line' id='line_1_41' title="bbox 248 4587 1458 4665; baseline 0.002 -21"><span class='ocrx_word' id='word_1_347' title='bbox 248 4587 418 4644; x_wconf 87' lang='lat' dir='ltr'><strong>duraturum</strong></span> <span class='ocrx_word' id='word_1_348' title='bbox 448 4588 476 4644; x_wconf 91' lang='lat' dir='ltr'><strong>iu</strong></span> <span class='ocrx_word' id='word_1_349' title='bbox 506 4587 611 4645; x_wconf 80' lang='lat' dir='ltr'><strong>nunltos</strong></span> <span class='ocrx_word' id='word_1_350' title='bbox 636 4603 727 4646; x_wconf 89' lang='lat' dir='ltr'><strong>anuos</strong></span> <span class='ocrx_word' id='word_1_351' title='bbox 757 4595 786 4647; x_wconf 92' lang='lat' dir='ltr'><strong>et</strong></span> <span class='ocrx_word' id='word_1_352' title='bbox 816 4607 930 4663; x_wconf 88' lang='lat' dir='ltr'><strong>semper</strong></span> <span class='ocrx_word' id='word_1_353' title='bbox 952 4593 982 4649; x_wconf 94' lang='lat' dir='ltr'><strong>iu</strong></span> <span class='ocrx_word' id='word_1_354' title='bbox 1013 4593 1096 4665; x_wconf 89' lang='lat' dir='ltr'><strong>pejus</strong></span> <span class='ocrx_word' id='word_1_355' title='bbox 1118 4607 1347 4664; x_wconf 81' lang='lat' dir='ltr'><strong>progressurum.</strong></span> <span class='ocrx_word' id='word_1_356' title='bbox 1406 4591 1458 4648; x_wconf 89' lang='lat' dir='ltr'><strong>Pro</strong></span> 
     </span>
    </p>
   </div>
   <div class='ocr_carea' id='block_1_3' title="bbox 0 0 1572 5051">
    <p class='ocr_par' dir='ltr' id='par_1_5' title="bbox 0 0 1572 5051">
     <span class='ocr_line' id='line_1_42' title="bbox 0 0 1572 5051; baseline 0 0"><span class='ocrx_word' id='word_1_357' title='bbox 0 0 1572 5051; x_wconf 95' lang='lat' dir='ltr'><strong> </strong></span> 
     </span>
    </p>
   </div>
  </div>
 </body>
</html>
