3194 5042
772 308 860 362 Carni
878 307 911 362 V.

336 511 453 574 Interea
470 513 558 573 etiam
577 530 595 572 a
612 510 862 586 Bononiensibus,
884 510 943 588 ipsi
961 509 1065 588 Papali
1083 528 1174 586 regno
1193 510 1351 586 subjectis,
1370 511 1461 572 huno

229 620 459 681 riticentissimis
490 619 598 680 litteris
630 619 773 678 inritatus
804 625 863 693 est,
895 623 929 677 ut
961 618 1108 678 docendae
1134 618 1363 678 mathematicae
1390 619 1462 679 artis
1571 686 1576 697 Ι

229 745 339 788 munus
366 727 399 788 in
425 727 576 788 academia
602 727 773 804 susciperet.
824 723 939 800 Quibus
966 725 1131 803 respondit,
1163 743 1196 785 se
1223 725 1311 786 unica
1338 727 1463 804 quidem
1568 756 1575 827 ἶ

230 836 382 914 suspicare
417 839 507 913 atque
542 833 639 895 colere
671 833 835 894 Bononiam
870 833 1004 894 omnium
1035 833 1251 894 academiarum
1280 835 1463 912 metropolin
1570 852 1593 891 rr

229 959 358 1021 vereque
385 945 509 1002 matram
537 941 716 1018 studiorum
744 945 844 1000 tamen
870 941 944 1000 vitio
972 941 1029 1000 sibi
1055 959 1095 1000 us
1121 945 1250 1013 vertant,
1278 941 1305 1001 si
1332 941 1373 1000 iis
1402 959 1464 1002 non

230 1051 421 1128 obsequatur,
450 1067 483 1110 se
510 1050 590 1110 onim
616 1049 736 1109 natione
757 1048 915 1126 animoque
937 1047 1118 1108 Germanum
1140 1065 1206 1108 esso
1229 1053 1259 1108 et
1280 1053 1315 1107 ut
1337 1048 1464 1109 Germa-

229 1175 302 1217 num
334 1175 369 1217 ca
399 1156 534 1217 libertate
565 1175 681 1216 morum
713 1161 743 1216 et
774 1155 918 1216 sermonis
945 1173 1046 1230 usum,
1078 1155 1164 1232 cujus
1192 1156 1377 1216 consuetudo
1405 1157 1465 1216 sibi

229 1264 393 1325 Bononiam
416 1264 582 1324 transeunti
604 1263 766 1324 adhaerens
788 1263 887 1338 facile,
911 1263 937 1322 si
955 1281 1015 1322 non
1033 1262 1211 1340 peniculum,
1235 1263 1340 1324 saltem
1358 1271 1464 1325 notam

229 1372 361 1450 aliquam
392 1371 520 1448 causari,
553 1371 738 1449 suspiciones
769 1371 886 1431 conche
918 1388 1010 1448 seque
1038 1369 1234 1447 Ooryzeomm
1260 1371 1465 1432 delationibus

230 1479 390 1540 obnoxium
412 1479 534 1540 reddere
557 1496 645 1557 posse
667 1479 809 1539 videatur.
851 1476 936 1552 Quod
959 1483 1069 1556 quanto
1091 1479 1158 1556 jure
1174 1479 1322 1556 chlerus
1345 1479 1464 1539 reritrrs

230 1587 283 1664 sit,
306 1605 345 1648 cx
366 1585 501 1665 epistolis
523 1605 541 1646 a
560 1586 719 1647 Vincentio
737 1585 881 1662 Blancho,
905 1585 1095 1646 celeberrimo
1117 1586 1197 1664 apud
1217 1585 1347 1646 Venetos
1366 1593 1464 1647 astro-

229 1713 330 1770 nome,
357 1694 395 1754 ad
421 1712 490 1754 euru
517 1693 619 1754 missis
642 1693 714 1754 satis
736 1697 865 1772 apparet
911 1693 970 1754 Hic
992 1693 1072 1754 cuim
1094 1697 1125 1753 ot
1146 1693 1212 1771 ipse
1234 1692 1367 1752 divinum
1394 1695 1464 1771 ejus

230 1801 385 1880 ingenium
407 1801 582 1877 admiratus,
611 1819 665 1862 suo
687 1819 817 1880 suaeque
839 1801 938 1878 gentis
961 1801 1080 1861 nomine
1102 1801 1212 1877 gratias
1234 1801 1262 1860 ei
1284 1801 1347 1878 agit
1369 1803 1463 1878 petit-

231 1927 289 1988 que
316 1927 403 1988 porro
430 1909 594 1984 incumbat,
621 1914 656 1969 ut
685 1908 763 1969 sicut
785 1913 899 1970 ceterae
921 1909 1055 1968 nationes
1078 1907 1120 1967 ita
1141 1907 1210 1968 Itali
1232 1909 1371 1986 operibus
1395 1911 1464 1986 ejus

230 2017 431 2095 perfruantur,
459 2034 561 2078 omnes
589 2016 670 2076 enim
696 2020 838 2094 tanquam
864 2015 986 2076 unicum
1012 2015 1192 2076 Phoenicem
1218 2016 1464 2078 mathematicum

230 2143 298 2186 aum
325 2125 440 2186 habere.
487 2123 526 2186 So
552 2115 702 2184 audivisse
729 2123 878 2199 insignem
905 2123 1052 2202 quendam
1074 2128 1164 2201 atque
1186 2123 1333 2183 emditum
1358 2143 1464 2185 senem

230 2249 328 2294 coram
355 2231 619 2311 praestantissimis
645 2231 719 2291 viris
747 2231 907 2306 dicentem,
936 2231 1076 2308 majorem
1104 2231 1159 2292 sibi
1182 2231 1346 2309 Keplerum
1370 2250 1463 2310 quam

230 2357 332 2400 omncs
356 2340 489 2400 omnium
517 2345 684 2418 temporum
710 2343 893 2399 astronomos
919 2338 1028 2414 videri,
1056 2357 1154 2416 neque
1176 2339 1339 2417 quidquam
1362 2341 1462 2422 magis

229 2447 262 2507 in
284 2446 360 2507 votis
383 2465 463 2524 esse,
487 2465 576 2526 quam
597 2451 632 2506 ut
649 2447 701 2506 diu
719 2451 904 2524 exspectatas
922 2445 1039 2506 tabulas
1057 2447 1122 2522 ejus
1140 2446 1343 2524 Rodolphinas
1362 2447 1462 2508 adhuc

229 2555 317 2615 vivus
340 2554 445 2615 videat
488 2553 584 2629 Quare
604 2554 756 2614 Blauchus
780 2553 866 2614 valde
888 2553 1101 2630 deplorandum
1123 2571 1189 2614 esse
1210 2554 1264 2629 ait,
1288 2554 1370 2632 quud
1390 2554 1461 2614 libri

230 2661 295 2738 ejus
327 2661 417 2722 etiam
444 2661 477 2720 in
502 2661 722 2722 florentissimis
748 2661 854 2721 Italiae
880 2661 1003 2720 urbibus
1030 2660 1089 2721 nisi
1116 2661 1245 2722 maximo
1272 2661 1373 2722 labore
1398 2681 1462 2722 non

229 2767 421 2846 reperiantur.
476 2768 586 2828 Romae
621 2785 690 2828 vcro
727 2769 889 2828 etiamnum
920 2773 1067 2828 recentem
1100 2786 1177 2829 esse·
1197 2769 1229 2827 in
1262 2767 1463 2846 Ccpernicum

229 2874 526 2953 animadversionem
559 2875 722 2936 illustrium
754 2876 874 2953 quidem
906 2876 1084 2953 scriptorum
1111 2875 1326 2936 Germanorum
1357 2875 1462 2951 libros,

230 2984 286 3046 etsi
319 2982 495 3062 quandoque
527 2986 676 3058 vetentur,
708 2983 785 3044 clam
817 2983 1012 3044 nihilominus
1043 2983 1131 3043 vendi
1158 2987 1188 3043 ct
1215 2983 1357 3044 attentius
1385 2983 1462 3062 lcgi;

230 3091 282 3154 sed
314 3091 477 3152 verendum
507 3109 546 3152 ne
573 3091 684 3151 Romae
711 3089 899 3168 mutilentur3
932 3107 1023 3168 quare
1050 3090 1168 3168 seipsi
1196 3091 1332 3167 suadere,
1364 3096 1401 3151 ut
1428 3093 1463 3152 in

229 3199 345 3277 magnis
369 3199 507 3277 operibus
530 3199 594 3259 suis
616 3197 811 3258 abstrusiores
834 3197 996 3258 sententias
1019 3197 1132 3278 (quales
1150 3197 1297 3276 Koplerus
1319 3199 1357 3258 ad
1377 3199 1463 3259 thec-

228 3307 338 3384 logiam
361 3311 392 3367 ct
413 3305 632 3384 philosophiam
654 3305 836 3384 pertinentes
859 3304 971 3383 passim
990 3303 1161 3384 pranderat)
1185 3323 1323 3383 prorsum
1341 3306 1464 3366 omittat

229 3431 338 3492 easque
371 3413 496 3474 seorsim
528 3413 560 3472 in
591 3413 691 3491 aliquo
723 3411 839 3489 dialogo
871 3412 1043 3490 disputandi
1071 3413 1156 3472 modo
1184 3413 1321 3490 proferat
1373 3411 1463 3488 Quod

229 3519 349 3599 quidem
379 3525 467 3581 vetus
498 3519 656 3580 artificium
688 3519 720 3579 in
751 3519 916 3580 clarissimo
947 3519 1076 3598 dialogo;
1114 3538 1215 3597 quem⁴
1236 3519 1387 3581 Galilaeus
1421 3521 1462 3581 de

229 3631 390 3704 systemata
421 3627 525 3687 mundi
552 3627 732 3687 Ptolemaiou
761 3631 791 3687 et
819 3627 1019 3704 Oopernicano
1047 3633 1263 3705 composuerat,
1295 3627 1462 3705 patrocinio

228 3735 274 3795 illi
301 3753 361 3795 non
388 3735 483 3796 fuisse
510 3739 632 3796 constat.
679 3734 818 3794 Ceterum
842 3733 952 3796 similia
973 3735 1024 3810 iis,
1053 3753 1129 3813 qnae
1152 3735 1303 3795 Blauchus
1326 3734 1460 3811 protulit,

227 3843 349 3904 ioannis
367 3841 454 3903 Remi
477 3841 612 3920 epistolis
634 3841 745 3902 Romae
767 3841 944 3918 conscriptis
966 3843 1168 3919 continentur,
1191 3841 1243 3921 qui
1267 3861 1359 3920 quum
1376 3841 1461 3919 Kep

227 3949 283 4011 leri
306 3949 516 4011 commercium
539 3949 626 4027 petit,
649 3967 778 4010 amorem
801 3953 832 4010 ct
848 3949 1057 4028 aequalitatem
1075 3949 1166 4010 studii
1184 3949 1294 4028 ubique
1312 3954 1460 4009 terrarum

229 4057 344 4119 similas
368 4057 423 4118 sibi
447 4061 598 4118 consortes
620 4057 776 4118 conciliare
799 4057 934 4117 affirmat

334 4165 449 4225 Horum
476 4164 666 4242 potissimum
692 4164 822 4224 virorum
850 4163 984 4226 consiliis
1006 4171 1158 4242 permotus
1180 4164 1328 4241 Keplerus
1351 4164 1458 4242 quinto

227 4272 302 4332 libro
325 4271 518 4333 Harmoniccs
545 4271 649 4332 mundi
676 4271 906 4332 admonitionem
934 4273 1071 4350 praefixit
1098 4271 1148 4346 ,ad
1174 4271 1350 4349 bibliopolas
1372 4289 1458 4349 praa-

227 4379 329 4440 sertim
356 4383 486 4441 exteros‘
515 4380 668 4458 scriptam,
695 4379 729 4439 in
756 4397 815 4457 qua
842 4385 958 4457 praeter
984 4379 1043 4440 alia
1070 4380 1175 4440 haecce
1201 4379 1291 4438 verba
1316 4379 1458 4455 legunurr

226 4491 391 4546 memoratu
421 4487 525 4563 digna:
560 4486 686 4563 ,Scripsi
718 4487 791 4546 haec
818 4465 909 4546 'homo
938 4487 1115 4562 Germanus,
1148 4505 1229 4546 more
1261 4503 1296 4546 ac
1320 4485 1458 4546 libertato

228 4593 414 4670 Germanica;
447 4610 523 4670 quae
554 4610 613 4670 quo
645 4593 739 4668 major
769 4597 828 4668 est,
860 4593 916 4652 hoc
947 4593 1017 4670 plus
1049 4594 1118 4654 fidei
1150 4593 1288 4654 conciliat
1319 4592 1456 4669 ingenui·
