3156 5056
250 282 302 337 222
739 283 844 334 Paarrs
862 283 975 334 Parenta

334 497 439 558 Mense
461 496 587 557 nondum
608 497 808 570 praeterlapso
829 512 904 555 nova
917 492 1064 554 Pontificis
1087 493 1178 570 bulla,
1201 495 1294 568 qualis
1313 501 1462 568 exspecta·

248 603 347 678 batur,
375 603 488 676 prodiit.
533 601 595 660 Hac
628 600 786 675 Lutherus,
817 601 953 674 quoniam
979 600 1140 658 sententias
1168 615 1234 659 suas
1264 615 1322 659 non
1343 616 1462 658 revoca·

248 712 345 781 verat,
367 708 449 766 nulla
472 705 570 766 addita
592 705 763 765 condicione
786 705 883 765 denuo
906 704 1169 764 excommunicatus
1189 709 1248 778 est,
1270 705 1462 777 interdictus,

250 811 327 885 quod
350 811 470 885 dicitur,
492 812 524 870 in
546 811 643 868 omnia
665 811 744 886 loca,
767 812 797 869 in
820 809 923 884 quibus
947 810 1009 883 ejus
1033 808 1165 867 doctrina
1187 809 1463 882 deprehenderetur,

252 917 430 992 publicatum
452 920 498 974 est
519 915 708 988 omnibusque
731 913 929 975 sacerdotibus
951 913 1132 988 mandatum,
1160 919 1193 973 nt
1213 915 1292 973 intra
1312 920 1373 973 tres
1394 915 1464 986 dies,

251 1021 382 1082 accensis
412 1026 443 1080 et
472 1020 621 1079 exsdnctis
655 1025 741 1093 atque
777 1019 952 1078 conculcatis
982 1018 1111 1077 candelis
1142 1021 1465 1079 excommunicationem

250 1127 432 1200 publicarent
462 1131 493 1184 et
521 1129 623 1184 conua
645 1124 810 1184 haereticos
832 1122 979 1196 intrepide
1002 1123 1252 1182 concionarentur.
1298 1123 1356 1183 Sed
1379 1125 1467 1184 etiam

250 1231 304 1291 hoc
336 1230 461 1290 edietum
490 1226 666 1304 pontificium
689 1244 754 1286 cum
776 1227 935 1288 terroribus
957 1228 1018 1286 suis
1039 1229 1070 1285 in
1096 1227 1253 1287 Germania
1274 1229 1382 1303 ubique
1404 1228 1466 1288 fere

251 1335 357 1396 edeam
387 1335 489 1395 caruit.
545 1334 703 1408 Flagitavit
732 1333 794 1406 ipse
825 1329 958 1392 Pontifex
989 1349 1007 1390 a
1036 1333 1159 1391 comitiis
1189 1315 1259 1393 tunc
1287 1334 1467 1392 wormatiae

253 1439 449 1514 congregatis,
477 1443 509 1497 ut
536 1437 607 1497 illud
635 1437 805 1511 simpliciter
834 1441 1069 1510 exsequerentur.
1115 1437 1173 1496 Sed
1196 1437 1360 1498 dubitatum
1383 1444 1468 1498 esta

253 1543 359 1617 multis,
381 1559 450 1600 num
472 1542 524 1600 illa
544 1558 653 1600 rnorem
675 1543 704 1600 ei
725 1545 844 1615 gestura
866 1545 971 1600 essent
1008 1540 1131 1600 Paratus
1152 1541 1268 1614 quidem
1289 1541 1326 1600 ad
1349 1543 1380 1600 id
1403 1557 1469 1601 esse

253 1647 407 1707 videbatur
428 1646 590 1720 Imperator
608 1646 737 1720 juvenis,
761 1644 880 1704 Gamlne
904 1645 949 1719 V.,
980 1644 1156 1719 Aquisgrani
1179 1661 1284 1705 reeens
1307 1653 1469 1718 coronatus,

254 1753 303 1826 qui
336 1751 444 1824 primus
477 1749 643 1808 stimulante
677 1749 826 1809 nicandro
859 1749 970 1807 Nuntio
1003 1751 1034 1807 in
1066 1751 1153 1808 terris
1185 1751 1245 1808 suis
1279 1751 1469 1825 Burgundicis

252 1855 376 1915 Lutherl
397 1855 486 1914 libros
505 1855 628 1912 cremari
646 1856 783 1928 jusserat.
828 1854 929 1912 Inerat
951 1855 981 1910 in
1002 1869 1053 1924 ec,
1075 1855 1146 1913 licet
1165 1853 1341 1914 Germanica
1360 1856 1470 1924 subole,

254 1959 363 2034 aliquid
392 1953 515 2019 morbidi
545 1959 622 2017 illius
651 1959 762 2032 ingenii
787 1957 953 2032 Hispanicl,
984 1957 1060 2031 quod
1082 1960 1113 2016 in
1139 1959 1318 2018 nobilissima
1340 1961 1471 2032 natione,

255 2067 328 2126 mire
365 2065 461 2124 mixtis
498 2063 652 2124 tenetisne
688 2068 720 2122 et
750 2064 869 2137 astutia,
910 2069 1011 2136 postea
1043 2063 1173 2136 Lojolam
1210 2067 1330 2138 eJnsqna
1362 2071 1472 2124 sectam

253 2171 426 2245 procreavit
492 2168 642 2242 Ejusmodi
673 2166 807 2227 Caesarie
842 2167 955 2226 animus
985 2167 1178 2242 instigabatur
1208 2170 1246 2228 ab
1277 2170 1472 2245 Hispanorum

253 2291 319 2333 cum
339 2290 375 2333 eo
395 2274 574 2334 Wormatiae
598 2271 837 2332 commorantium
860 2271 1005 2346 plurimis,
1037 2289 1157 2344 quorum
1186 2274 1336 2348 princeps,
1367 2274 1473 2334 Fride-

252 2381 330 2439 rieoe
351 2377 445 2438 Albae
467 2377 548 2452 Dux,
580 2395 667 2451 quum
697 2393 788 2436 novae
819 2377 977 2436 haereseos
1003 2377 1145 2436 excidium
1172 2379 1346 2452 postularet,
1375 2379 1473 2438 Palla·

253 2484 348 2542 vicino
377 2487 453 2541 teste
485 2481 652 2556 ‚videbatur
679 2481 843 2540 furantibus
871 2481 964 2540 modis
994 2482 1100 2554 agitari
1132 2489 1163 2542 et
1191 2489 1274 2542 extra
1300 2499 1332 2542 se
1360 2485 1472 2558 impetu

255 2587 374 2660 pietatis
393 2581 550 2644 exsilire.‘¹
587 2586 627 2643 Hi
648 2601 749 2644 omnes
771 2584 922 2661 adhibitis,
944 2585 994 2644 ubi
1013 2603 1083 2660 opus
1099 2593 1191 2662 esset,
1214 2589 1293 2663 rogis
1308 2604 1343 2647 ac
1358 2589 1473 2662 gladiis

258 2689 469 2749 oboediendum
483 2687 619 2749 Pontifici
642 2705 706 2750 esse
730 2692 895 2750 censebant
935 2689 993 2750 Sed
1012 2691 1166 2751 obstabant
1190 2693 1305 2767 imperii
1325 2694 1474 2767 principes

259 2799 290 2853 et
305 2799 411 2868 statos,
430 2799 549 2868 propter
563 2795 654 2869 ipsam
669 2793 871 2854 Germanicam
889 2794 1055 2854 libertatem
1069 2797 1261 2872 postulantes,
1281 2803 1314 2856 ut
1327 2797 1476 2858 Lutharus

256 2898 414 2959 audiretur.
463 2898 546 2957 Haec
576 2899 653 2957 enim
680 2899 869 2972 praevalebat
895 2900 973 2958 inter
1001 2916 1050 2959 eos
1073 2903 1227 2963 sententia.
1278 2902 1324 2961 De
1353 2907 1475 2976 negotio

256 3005 304 3077 agi
334 3003 372 3063 ad
401 3003 566 3062 nniversam
587 3001 776 3062 Germaniam
802 3005 968 3076 pertinente
994 3020 1094 3063 omnes
1120 3021 1290 3079 persuasam
1317 3008 1477 3068 habebant

254 3107 399 3182 Quidquid
429 3108 460 3167 in
487 3107 609 3167 Lutherl
631 3107 764 3169 doctrina
787 3109 947 3168 adversarii
969 3110 1226 3185 impugnaverant,
1255 3111 1285 3169 id
1307 3128 1405 3188 nemo,
1437 3131 1477 3173 ne

254 3213 422 3273 Fridericus
436 3212 558 3286 Sapiens
573 3211 698 3288 quidem,
711 3211 925 3272 defendendum
941 3213 1127 3288 suscepturus
1146 3197 1218 3274 erat.
1252 3216 1478 3276 Diversissimae

256 3317 294 3376 de
316 3317 351 3376 iis
374 3317 461 3376 rebus
484 3317 664 3376 eruditorum
687 3317 812 3376 virorum
835 3316 1006 3376 ferebantur
1023 3320 1195 3378 sententiae.
1233 3319 1278 3378 De
1295 3325 1339 3380 tot
1352 3321 1477 3408 singulis

258 3420 462 3478 controversiis
489 3421 622 3493 judicare
655 3437 769 3494 eorum,
801 3421 852 3494 qui
880 3423 912 3480 in
940 3422 1063 3480 comitiis
1086 3423 1221 3498 aderant,
1249 3425 1335 3497 longe
1356 3425 1477 3498 plurimi

257 3539 312 3581 nec
342 3522 479 3582 volebant
507 3540 563 3582 nec
593 3529 735 3597 poterant.
797 3525 855 3584 Sed
884 3525 1105 3585 consentiebant
1133 3527 1277 3602 plerique,
1313 3529 1474 3589 Lutherum

255 3631 287 3685 nt
313 3627 408 3685 virum
435 3624 628 3686 Christianum
653 3635 683 3687 et
705 3627 880 3688 Germanum
909 3630 1000 3688 multa
1026 3638 1108 3689 recte
1131 3637 1233 3691 contra
1255 3631 1387 3692 Gamales
1412 3651 1475 3693 mo·

255 3731 353 3792 unisse
380 3745 477 3805 neque
507 3731 564 3806 his,
596 3733 702 3808 quippe
729 3735 778 3808 qui
807 3735 864 3807 ipsi
894 3739 992 3793 sontes
1015 3740 1046 3793 et
1068 3737 1112 3794 rei
1133 3741 1243 3811 essent,
1271 3738 1411 3811 judicium
1435 3739 1474 3798 de

254 3837 304 3897 illo
327 3836 467 3897 committi
488 3834 533 3896 las
557 3853 629 3897 esse.
675 3836 826 3912 Optaverit
845 3837 968 3898 fortasse
988 3839 1106 3912 aliquis,
1125 3845 1157 3898 ut
1173 3841 1224 3900 ille
1238 3842 1372 3901 similiter
1385 3847 1474 3916 atquc

254 3941 393 4002 Erasmtm
414 3958 467 4016 pro
490 3946 622 4016 tempore
645 3942 719 4002 nihil
741 3941 820 4001 aliud
843 3942 899 4001 nisi
922 3943 1162 4017 compescendam
1185 3961 1240 4018 per
1262 3947 1414 4020 imperium
1439 3965 1475 4007 ac

256 4047 442 4122 magistratus
469 4051 582 4120 partem
611 4048 749 4106 curialem
777 4051 807 4106 et
834 4047 1023 4106 monasticam
1051 4047 1107 4106 sibi
1133 4051 1343 4125 proposuisset,
1373 4057 1475 4112 cetera

256 4150 367 4223 omnia,
389 4151 521 4223 inprimis
541 4151 695 4210 universae
711 4151 854 4211 ecclesiae
870 4150 1108 4210 reformationem
1124 4153 1265 4225 paulatim
1281 4152 1476 4228 efficiendam,

260 4251 390 4314 Concilio
420 4253 573 4330 Generali,
606 4255 643 4314 ab
674 4255 804 4314 omnibns
833 4254 897 4314 lere
924 4253 1103 4330 desiderato,
1130 4256 1303 4330 reliquisset.
1353 4259 1477 4320 Lutherl

256 4358 391 4418 nimirum
425 4357 562 4432 impetus,
598 4359 647 4432 qui
681 4359 773 4418 solam
805 4359 957 4419 renotem
989 4365 1019 4419 et
1053 4360 1260 4420 conscientiam
1288 4363 1476 4436 sequebatur,

347 4573 372 4641 1)
390 4574 440 4624 Hic
460 4575 544 4625 verbis
562 4576 721 4624 concelebrat
739 4591 794 4624 eum
812 4574 937 4627 Pallavic.
956 4575 978 4638 Ι,
990 4580 1031 4636 24,
1046 4583 1067 4626 t.
