3134 5054
223 296 276 353 286
687 295 791 348 enum
809 296 926 348 Paruum

221 512 386 586 desperatio
407 515 539 571 vomatur
559 511 591 569 in
612 525 708 584 spem,
738 525 805 584 spes
831 510 863 570 in
890 507 1130 570 emultationenn‘
1174 508 1238 582 Qua
1259 511 1291 568 in
1314 527 1347 570 rs
1370 525 1441 569 cum

222 615 260 676 ab
279 615 441 691 Augustino
462 613 586 690 pendet,
617 620 677 674 tum
707 630 727 673 a
752 613 843 674 Paulo
865 614 1008 688 apostolo,
1038 615 1121 688 cujus
1141 615 1249 686 scripta
1271 629 1338 672 eum
1361 615 1443 689 jam·

220 720 333 796 pridem
355 718 496 780 volvenda
519 725 550 779 et
570 717 747 778 revolvenda
770 724 908 792 tanquam
931 718 1182 792 praestantissima
1204 717 1348 778 ludaismi
1372 719 1442 778 illo-

221 843 285 884 rum
307 831 468 899 temporum
489 821 618 882 remedia
638 822 824 896 praedicasse
847 821 1036 882 ostendimus

310 929 492 1002 Quapropter
520 927 619 1000 aliter,
654 942 740 1000 quam
771 925 940 1000 plerumque
971 924 1018 1001 lit,
1051 927 1141 986 etiam
1169 942 1208 985 ea
1235 925 1445 1000 percensenda

221 1041 302 1109 sunt,
333 1049 407 1106 quae
433 1032 471 1090 ab
502 1030 675 1090 adversariis
702 1031 762 1090 sive
790 1029 943 1088 catholicis
972 1031 1033 1090 sive
1063 1030 1239 1106 evangelicis
1269 1047 1380 1090 summo
1411 1030 1440 1089 ei

222 1137 377 1214 opprobrio
398 1134 607 1196 vertebantur:
634 1135 795 1195 nnwntiss
816 1134 896 1210 dee,
925 1151 997 1208 quus
1018 1135 1055 1194 ab
1077 1135 1297 1209 Aupmtiniunis
1319 1135 1440 1208 quidem

222 1242 435 1302 divershsimas
454 1239 491 1299 de
512 1237 700 1299 nobilioribus
723 1239 858 1298 ethnicae
880 1239 1062 1312 antiquitatis
1083 1240 1210 1313 ingeniis
1232 1239 1311 1300 ierre
1333 1240 1440 1298 solitus

223 1352 277 1408 aa
320 1344 400 1418 Quae
430 1345 507 1405 enim
534 1345 565 1404 in
592 1344 638 1404 his
667 1344 776 1418 passim
806 1344 935 1418 elucent,
967 1343 1109 1404 excelsior
1129 1345 1260 1418 spirtus,
1288 1343 1442 1403 sublimior

224 1457 311 1524 atque
341 1449 455 1522 dignior
481 1447 518 1507 de
546 1446 610 1508 Dee
637 1449 810 1521 animaeque
834 1448 1051 1508 immortalitate
1075 1449 1229 1522 cogitatio,
1258 1445 1441 1506 indefessum

224 1554 339 1613 virtutis
359 1553 484 1612 studium
507 1557 538 1611 et
557 1567 612 1626 pre
634 1558 716 1611 recto
738 1568 865 1625 nemque
889 1554 1016 1626 suseepti
1040 1553 1170 1628 labores,
1200 1569 1238 1612 ea
1259 1553 1356 1610 emnia
1377 1568 1441 1611 nen

224 1665 337 1718 tuntum
360 1674 396 1717 en
417 1657 536 1717 residua
556 1655 654 1715 divina
675 1656 800 1714 hominis
818 1657 944 1731 imagine
961 1656 1087 1732 derivat,
1110 1656 1162 1716 sed
1181 1657 1271 1716 etism
1293 1673 1330 1736 ex
1350 1671 1441 1730 prae-

224 1763 361 1821 veniente
386 1760 444 1820 Dei
472 1760 582 1835 gratia,
609 1761 717 1835 qnippe
740 1777 827 1834 quam
848 1761 935 1835 longe
962 1761 1048 1820 latius
1071 1766 1174 1834 patere
1196 1777 1283 1834 quam
1302 1760 1440 1834 plerique

224 1867 389 1926 existiment
411 1864 580 1940 saepissime
601 1862 786 1941 profiteatur,
817 1866 878 1924 hae
895 1881 932 1923 ex
952 1870 1036 1938 parte
1059 1865 1322 1938 antiquissimorum
1344 1863 1441 1923 Gras-

224 1987 321 2031 corum
344 1976 471 2045 patrum,
500 1969 607 2029 lustini
629 1971 764 2043 martyris
787 1975 818 2030 et
840 1968 998 2030 Clementis
1020 1969 1225 2045 Alexandrini,
1253 1968 1330 2028 haud
1352 1967 1441 2027 dissi-

224 2076 314 2149 milis,
336 2073 466 2147 quumvis
488 2087 589 2132 eorum
610 2073 787 2132 mentionem
805 2075 837 2132 in
859 2089 896 2132 ee
917 2089 950 2132 re
973 2089 1031 2132 non
1052 2073 1150 2134 faciat
1195 2071 1331 2132 Ceterum
1352 2071 1442 2130 Zvin·

224 2179 298 2254 plius
328 2183 404 2238 totus
435 2193 502 2236 eum
531 2177 562 2236 in
591 2177 647 2236 huc
674 2195 708 2238 re
734 2184 850 2237 secutus
880 2183 939 2252 est,
969 2177 1151 2252 aliquatenus
1172 2179 1261 2236 etism
1283 2176 1441 2235 lantherus

223 2285 278 2344 Vix
311 2283 389 2341 enim
419 2298 489 2340 casu
522 2279 630 2340 lectum
661 2298 727 2342 esse
760 2282 904 2356 quispiam
934 2283 1095 2357 putaverit,
1127 2287 1160 2340 ut
1185 2282 1272 2340 sicuti
1298 2280 1440 2340 Erasmus

224 2403 338 2460 eorum,
362 2385 399 2445 de
421 2385 526 2459 quibus
548 2385 640 2444 salute
663 2385 838 2460 sperandum
859 2387 911 2460 sit,
939 2386 1103 2460 exemplum
1128 2385 1298 2445 Ciceronem
1320 2384 1441 2458 saepius

225 2489 311 2550 eliert
332 2489 402 2550 licet
424 2489 496 2549 vitis
518 2494 549 2548 et
566 2489 690 2548 hominis
710 2496 740 2550 et
754 2490 903 2564 scriptoris
916 2507 974 2550 non
989 2491 1088 2565 sileat,
1109 2491 1152 2550 ite
1170 2493 1272 2563 postea
1291 2487 1441 2548 Lutherus

224 2594 340 2668 scriptis
362 2599 394 2652 et
415 2593 565 2666 colloquiis
587 2594 646 2652 suis
657 2594 790 2654 eundem
805 2594 947 2669 Tullium,
970 2597 1051 2670 cnjus
1066 2593 1156 2654 libros
1171 2593 1309 2668 quosdam
1324 2597 1440 2652 euentu

224 2700 349 2772 legerat,
370 2703 508 2770 tauquam
523 2697 616 2756 rhum
638 2698 844 2774 ,cerhdmum
866 2700 988 2773 serium,
1010 2705 1196 2758 aeternarum
1213 2715 1314 2758 rerum
1329 2695 1442 2756 studie-

224 2801 301 2861 sum‘
332 2817 389 2860 non
414 2801 509 2860 miuus
538 2817 627 2875 saepe
657 2800 943 2862 honorificentissime
965 2810 1170 2863 commemoret
1190 2809 1222 2863 et
1242 2807 1366 2878 ,quanta
1385 2801 1441 2860 illa

222 2921 323 2980 passus
352 2906 391 2964 sit
421 2911 453 2965 et
481 2903 601 2965 iecerit‘
630 2906 815 2982 secerdotes,
843 2907 909 2981 plus
939 2909 1030 2968 semel
1054 2923 1173 2980 sperare
1195 2913 1230 2966 ‘se
1257 2906 1441 2981 profiteatur,

224 3009 319 3070 Deum
349 3009 378 3068 ei
408 3011 528 3084 ejusque
559 3009 700 3070 similibus
728 3011 883 3085 propitium
911 3009 982 3072 iore.
1027 3011 1118 3071 Addit
1145 3027 1204 3070 non
1231 3016 1362 3070 nostrum
1390 3009 1441 3068 hic

224 3131 288 3174 esse
314 3113 386 3174 illud
416 3113 515 3173 dicere
542 3119 572 3174 et
600 3112 720 3174 delinire
747 3116 794 3174 vel
822 3114 1046 3190 dispensationis
1069 3115 1184 3175 divinum
1207 3115 1238 3173 in
1259 3129 1335 3173 novo
1356 3113 1440 3172 coelo
1562 3149 1563 3164 i

227 3226 257 3279 et
278 3225 360 3278 terra
381 3216 498 3279 futurae
520 3219 596 3278 scire
617 3225 749 3294 tempora
773 3225 805 3278 et
826 3217 951 3280 modos¹

311 3322 420 3394 Quodsi
441 3322 580 3396 Erusme,
602 3323 652 3396 qui
672 3323 830 3382 universali
849 3323 907 3384 Dei
929 3325 1024 3397 matis
1046 3321 1222 3398 confidebat,
1245 3339 1304 3382 uon
1326 3327 1441 3382 tuntum

224 3425 333 3484 certius
367 3425 404 3484 de
437 3427 489 3484 illu
528 3443 562 3484 re
597 3443 768 3500 persuasum
803 3433 882 3502 erat,
915 3427 968 3488 sed
1001 3429 1090 3487 etism
1126 3426 1268 3501 quosdam
1301 3426 1340 3486 ad
1373 3441 1440 3485 eam

223 3529 386 3603 spectantia
407 3529 485 3588 haud
507 3531 579 3588 satis
599 3536 684 3589 cuuto
699 3537 858 3605 exactoque
877 3531 987 3604 jndicio
1007 3531 1123 3606 prolata
1137 3531 1319 3606 exciderunt,
1340 3535 1441 3590 umen

224 3634 274 3708 qui
295 3631 403 3692 idcirco
421 3649 488 3692 eum
511 3633 657 3693 ethnicam
678 3635 883 3708 antiquitatem
907 3651 972 3694 cum
995 3636 1206 3694 christianismo
1227 3650 1355 3708 aequare
1377 3634 1442 3708 opi·

223 3745 345 3812 nautor,
374 3737 420 3796 vel
442 3737 615 3812 praeiudicii
633 3739 838 3800 malevolenh’a
858 3739 905 3798 vel
927 3756 1029 3814 purum
1050 3745 1189 3800 weuram
1211 3739 1345 3812 seriaque
1368 3737 1442 3797 scri·

223 3848 337 3918 ptorurn
354 3841 418 3915 ejus
439 3842 566 3902 lectione
589 3841 706 3917 decepti
725 3849 801 3906 sunt
835 3841 1040 3904 infestissimos
1062 3845 1141 3903 enim
1162 3861 1217 3919 per
1237 3849 1328 3902 totam
1350 3843 1441 3900 vitam

222 3947 353 4006 inimicos
381 3963 432 4006 cos
459 3947 511 4006 ille
539 3946 657 4022 habuit,
687 3947 737 4020 qui
764 3947 903 4008 bonorum
923 3947 1083 4008 studiorum
1106 3948 1286 4008 humanitate
1310 3945 1441 4006 contenti

222 4050 401 4110 redemtione
423 4067 478 4124 per
492 4049 638 4110 Christum
659 4049 738 4110 iacta
759 4067 861 4110 carere
884 4068 916 4112 se
938 4067 1023 4126 posse
1045 4051 1196 4126 putabant.
1232 4049 1294 4110 Hos
1310 4049 1353 4109 ihi
1370 4066 1440 4109 eon·

223 4153 327 4212 sistere
354 4155 411 4228 sit,
441 4155 518 4214 unde
547 4154 586 4214 ud
616 4154 723 4214 altiora
748 4155 899 4216 nitendum
921 4157 973 4232 sit,
1003 4172 1104 4215 omnes
1131 4155 1209 4216 enim
1230 4154 1362 4214 homines
1382 4153 1440 4212 nisi

313 4324 338 4393 1)
356 4323 395 4375 ct.
414 4323 499 4376 Verba
516 4323 674 4376 indubitatae
690 4323 752 4375 ddsi
767 4324 796 4374 iu
814 4323 952 4390 colloquiis
970 4325 1077 4376 Lutheri
1098 4324 1318 4376 aLsuterbaohio
1337 4340 1360 4376 a.
1372 4329 1438 4375 tuse

223 4412 378 4476 somoriptis
396 4411 589 4478 (Lautarhsch's
607 4411 746 4478 Tupebuch
763 4412 802 4466 ed.
815 4411 986 4479 Soidemann),
1004 4427 1035 4462 ex
1053 4418 1126 4478 parte
1142 4411 1303 4463 Germanica:
1323 4411 1370 4462 Ich
1385 4411 1443 4461 hoff

223 4511 301 4547 unser
318 4497 445 4561 Herrgott
462 4496 526 4546 wird
543 4497 597 4546 ihus
615 4498 668 4548 und
687 4497 891 4560 seinssgleiuheu
909 4500 974 4548 auch
998 4499 1095 4564 gniidip
1112 4500 1168 4551 sain
1192 4517 1217 4566 p.
1233 4505 1294 4559 10³3
1323 4499 1369 4548 Iuh
1386 4497 1443 4548 hoff

193 4611 197 4619 ι
225 4581 288 4630 (hott
303 4581 364 4630 wird
377 4581 524 4631 ciceronem
543 4589 569 4630 et
584 4583 648 4632 tales
663 4583 780 4632 homiues
798 4584 863 4632 suuh
881 4583 1031 4634 amissione
1043 4591 1204 4650 pecatorum
1222 4585 1309 4635 haliau
1326 4599 1351 4650 p.
1363 4589 1403 4635 94.
