3144 5092
242 317 293 370 104
782 315 871 368 Carur
888 313 923 366 V.

239 411 302 420 ..ι-.-

347 517 486 578 Proxime
517 523 548 576 et
578 517 720 577 facillime
750 517 822 578 hino
852 518 972 576 hansiri
1003 535 1092 596 posse
1122 518 1243 578 ridetur
1274 519 1317 578 ad
1350 523 1499 579 contem

241 626 365 704 plandas
387 626 484 702 leges,
507 626 615 703 quihus
638 643 745 701 magna
767 625 820 683 illa
842 625 968 685 societas
990 625 1133 700 humana,
1156 626 1297 704 quamvis
1322 628 1496 704 perpetro

239 733 373 794 dissidiis
405 733 554 793 hostiliter
584 733 746 808 disjuncta,
777 737 877 794 tamen
904 737 948 792 tot
973 733 1175 808 inventorum,
1207 735 1338 808 artium,
1372 734 1495 794 doctri-

240 861 343 902 narum
372 841 519 920 spirituali
546 839 666 900 vincnlo
692 858 826 900 connexa
852 840 997 900 divinitus
1023 841 1144 917 regitur.
1190 839 1274 915 Quae
1295 842 1389 918 leges
1420 861 1492 902 cum

240 949 356 1026 legibus
382 949 414 1008 in
442 947 553 1007 visibili
580 953 686 1006 natura
712 948 881 1024 conspicuis
908 948 1121 1024 comparandae
1148 953 1245 1024 eraut,
1274 949 1361 1026 quod
1386 968 1490 1027 quun.

240 1056 360 1116 fecisset
382 1056 530 1134 Keplerus
553 1056 610 1114 etsi
632 1073 693 1115 non
715 1055 780 1115 sine
802 1055 944 1114 admixtis
966 1055 1126 1130 erroribus,
1153 1061 1254 1115 tamen
1277 1055 1341 1116 alto
1364 1057 1489 1134 ampl}

240 1181 299 1242 que
320 1164 440 1240 ingenio
460 1163 496 1222 ad
515 1162 772 1222 demonstrandam
791 1181 860 1222 vere
878 1161 1010 1222 divinam
1027 1163 1118 1222 totius
1136 1163 1268 1222 universi
1288 1164 1488 1224 harmoniam

240 1271 428 1350 aliquatenus
460 1270 583 1348 propius
610 1270 748 1330 accedere
775 1270 855 1328 haud
881 1271 993 1330 frustm
1020 1270 1180 1330 studuerat
1230 1269 1296 1330 Hac
1322 1289 1366 1330 ex
1395 1283 1489 1348 parte

241 1378 392 1440 Galilaeus
424 1378 537 1438 cautior
567 1377 727 1455 minusque
756 1377 866 1452 audax,
898 1395 1002 1436 renim
1029 1377 1118 1436 etiam
1145 1377 1235 1437 officii
1262 1377 1487 1457 philosophici,

241 1485 320 1564 quod
337 1485 374 1544 ad
392 1485 696 1562 comprehendendam
714 1501 774 1544 uno
792 1484 911 1544 vinculo
928 1489 1019 1544 totam
1037 1485 1191 1544 veritatem
1210 1485 1356 1562 pertinet,
1377 1487 1486 1562 negle-

241 1592 357 1670 gentior
379 1597 448 1652 erat
490 1592 598 1669 uirum
618 1597 677 1667 est,
700 1592 778 1670 quod
798 1610 890 1670 quum
909 1591 965 1652 Dei
984 1592 1172 1670 sapientiam,
1194 1593 1285 1652 variis
1303 1599 1336 1652 et
1354 1595 1485 1653 eximiis

241 1701 387 1760 humanae
418 1699 527 1760 mentis
558 1699 676 1759 dotibus
708 1700 937 1775 manifestatam,
969 1700 1124 1760 ostendere
1150 1699 1237 1775 velit,
1269 1718 1305 1760 ea
1331 1719 1415 1778 quae
1444 1702 1484 1760 ad

242 1819 358 1883 verum,
395 1807 567 1884 pulchrum,
603 1807 677 1866 utile
708 1811 855 1884 spectant,
892 1807 1045 1884 ingenioso
1076 1807 1224 1885 depingit,
1260 1826 1295 1867 ee
1328 1827 1411 1886 quae
1443 1810 1482 1868 ad

242 1915 337 1976 ethice
364 1915 486 1990 bonum,
514 1931 635 1992 prorsus
662 1915 784 1988 omittit,
812 1915 949 1992 quodque
976 1915 1014 1974 de
1040 1915 1115 1975 miro
1141 1915 1193 1974 illo
1221 1915 1369 1990 omnium,
1402 1935 1482 1994 quae

241 2023 274 2083 in
304 2023 434 2082 humana
464 2027 570 2083 natiue
600 2039 669 2082 vere
700 2021 801 2080 divina
828 2027 911 2098 sunt,
943 2041 1025 2082 nexu
1052 2027 1082 2082 et
1108 2028 1254 2083 concentu
1281 2041 1321 2082 ne
1348 2024 1481 2082 minime

242 2131 361 2210 quidem
388 2129 503 2208 cogitat.
550 2129 618 2189 Alia
642 2129 729 2207 juxta
755 2129 813 2188 alie
840 2129 936 2206 posita
962 2130 1129 2190 considerat
1151 2147 1311 2208 eorumque
1334 2131 1479 2190 multitu-

241 2239 311 2299 dine
337 2243 368 2298 et
394 2239 534 2298 varietate
562 2238 683 2297 obrutus
706 2236 865 2298 exclamat:
894 2236 986 2312 ,Dum
1009 2255 1063 2314 per
1084 2242 1128 2298 tot
1149 2237 1295 2297 mirabilia
1316 2238 1478 2298 hominum

241 2352 271 2406 et
293 2347 326 2405 in
348 2346 473 2424 opificiis
496 2349 527 2405 et
548 2346 580 2404 in
603 2344 710 2405 litteris
734 2348 898 2404 commenta
921 2349 1046 2420 vagatus
1064 2350 1167 2422 postea
1182 2345 1296 2422 ingenii
1315 2346 1375 2405 mei
1394 2347 1476 2406 virm

242 2453 367 2530 respicio
394 2457 454 2512 tam
481 2457 608 2512 remotas
635 2471 653 2511 a
679 2452 819 2512 facultate
846 2469 906 2510 aon
935 2451 1000 2511 dico
1027 2469 1131 2512 recens
1153 2453 1266 2530 aliquid
1290 2453 1475 2528 inveniendi,

243 2560 295 2621 sed
319 2561 381 2636 jam
409 2560 530 2619 inventa
557 2559 662 2619 saltem
689 2559 898 2636 cognoscendi,
926 2563 1046 2636 stupore
1069 2564 1099 2619 et
1122 2559 1325 2637 desperatione
1347 2561 1474 2621 ademta

242 2685 346 2744 parum
369 2667 405 2725 ab
428 2665 601 2726 infelicitate
623 2667 726 2726 abesse
748 2665 823 2724 milri
841 2665 959 2726 videor}
1000 2665 1039 2726 Et
1058 2667 1298 2744 splendidissima
1316 2667 1471 2728 Michaelis

242 2773 364 2850 Angeli,
400 2771 575 2850 Raphadlis,
608 2771 718 2832 Titiani
749 2772 873 2832 erdficia
904 2773 1067 2834 admiratus
1099 2791 1133 2834 se
1164 2775 1265 2852 ipsum
1295 2775 1469 2853 alloquitur:

242 2879 301 2957 ,Tu
324 2879 441 2959 quando
465 2879 575 2940 similia
590 2881 746 2958 'praestare
768 2880 930 2958 poterisi‘1

348 2987 452 3066 ltaque
484 2987 572 3048 etiam
605 2987 793 3066 quaestiones
819 2989 856 3048 ad
883 2987 1056 3065 religionem
1083 2989 1274 3050 christianam
1301 2987 1466 3064 attinentes,

182 3167 185 3174 ι
241 3115 310 3158 cum
336 3096 375 3157 iis
402 3095 542 3157 scientiae
569 3095 689 3171 studiis,
717 3096 748 3154 in
776 3113 852 3175 quae
878 3096 1008 3156 maxime
1035 3097 1234 3172 incumbebat,
1264 3096 1324 3157 nisi
1351 3103 1465 3157 mactus

242 3206 278 3265 ab
305 3203 481 3264 adversariis
504 3221 673 3282 comparare
696 3209 726 3264 et
748 3203 925 3280 conjungere
948 3221 1008 3263 noa
1031 3203 1138 3263 solitus
1160 3208 1213 3264 est
1259 3203 1329 3280 Ipsa
1352 3222 1464 3281 compa-

193 3347 198 3357 ·
241 3312 366 3386 ratione,
395 3311 445 3371 ubi
468 3329 543 3389 opus
567 3329 632 3372 esse
655 3311 682 3371 ei
705 3311 769 3370 visa
792 3315 866 3386 erat,
894 3311 931 3369 ab
953 3309 1020 3370 aliis
1043 3310 1264 3389 quaestionibus
1286 3311 1463 3388 religionem,

241 3423 344 3496 utpote
366 3437 441 3496 quae
463 3419 501 3478 ad
524 3419 617 3478 solam
639 3417 802 3478 animarum
826 3417 950 3478 salutem
974 3422 1100 3508 spectet,
1124 3435 1211 3496 quam
1234 3418 1365 3478 maxime
1384 3437 1461 3496 sepo

241 3525 369 3585 nendam
391 3543 457 3586 esse
479 3527 602 3603 probare
624 3525 779 3585 nitebatur.
821 3525 867 3585 De
885 3523 973 3585 Sacra
991 3524 1144 3603 Scriptura
1166 3544 1283 3585 summa
1301 3545 1370 3586 cum
1386 3544 1461 3586 vere·

242 3631 349 3699 oimdia
380 3651 497 3710 semper
528 3632 645 3693 locutus
678 3637 731 3692 eet
782 3631 907 3708 Singula
933 3632 998 3708 ejus
1025 3633 1114 3692 verba
1140 3633 1293 3710 ingeniose
1319 3633 1459 3694 interdum

241 3740 366 3802 adhibet
408 3740 482 3800 Plus
505 3739 597 3800 semel
619 3738 740 3818 quidem
759 3740 821 3816 jam
844 3743 912 3799 ante
931 3757 1020 3817 quam
1038 3741 1074 3800 ab
1092 3739 1289 3818 Inquisitioue
1307 3741 1459 3817 castigatus

241 3852 315 3924 erat,
339 3847 449 3908 ironice
471 3847 681 3908 catholicorum
704 3846 875 3907 felicitatem
894 3846 1065 3922 celebrarit,
1089 3865 1213 3925 quorum
1232 3847 1385 3925 praesules
1401 3847 1458 3907 falli

240 3956 375 4016 nescium
397 3956 486 4015 etiam
508 3955 545 4016 de
568 3953 789 4033 quaestionibus
811 3954 946 4032 physicis
966 3953 1113 4032 judicium
1136 3955 1271 4014 ferrent²
1312 3953 1370 4015 Sed
1388 3955 1457 4032 ejus·
1553 4027 1554 4032 γ

240 4063 319 4124 modi
346 4063 477 4124 dicteriis
504 4062 690 4140 singulorum
712 4063 879 4138 hominum,
906 4061 1044 4140 inprimis
1067 4061 1260 4137 Jesuitarum,
1288 4079 1412 4123 errorem
1432 4069 1457 4124 et

240 4171 458 4248 corruptionem
485 4170 517 4230 in
547 4169 713 4248 praesentia
739 4188 793 4248 per
820 4169 976 4230 ecclesiam
1002 4175 1171 4247 grassantes
1194 4169 1380 4247 perstringit,
1405 4189 1456 4230 non

240 4278 335 4355 ipsam
359 4277 522 4339 ecclesiam.
564 4277 660 4338 Simul
683 4281 713 4337 et
735 4277 812 4337 inter
833 4277 924 4354 hujus
944 4277 1137 4355 probissimos
1155 4276 1366 4354 piissimosque
1383 4295 1456 4354 prae

348 4527 374 4594 l)
392 4525 494 4580 Ibidem
512 4524 527 4580 1
547 4523 605 4578 118.

347 4613 375 4686 2)
393 4614 434 4668 De
452 4614 504 4669 hao
522 4631 551 4670 rs
569 4613 638 4669 infra
655 4613 730 4668 nobis
748 4611 912 4684 loquendum
929 4613 979 4666 cst
