3134 5054
634 247 726 298 Oanos
743 249 803 301 XV.
1276 250 1329 306 32⁰

148 455 266 516 interdum
301 477 375 535 eum,
416 461 467 520 ubi
505 461 580 520 hunc
617 462 662 522 vel
701 461 817 536 publice
859 463 1022 538 impugnat,
1064 465 1110 524 rel
1147 465 1330 527 familiariter

146 561 204 632 apud
230 565 285 635 ejus
312 566 492 626 adversarios
520 567 704 641 perstringit,
739 568 810 626 vitia
833 569 895 641 ojus
909 568 989 628 odeo
1012 585 1207 645 exaggerare,
1238 577 1270 630 ut
1292 573 1329 632 ab

146 664 263 726 lacrcbci
282 671 403 744 imagine
425 671 623 730 adumbrantia
645 673 731 746 longe
755 673 858 732 abesse
888 673 935 730 vix
958 673 1098 735 videatur.
1158 675 1230 735 Tam
1252 677 1329 736 dru-

141 769 209 828 leutis
234 775 334 834 aculeis
361 776 451 834 etiam
479 776 600 834 Lutberi
631 777 739 836 amicos
771 781 802 835 et
824 783 985 836 sectatores
1009 780 1124 852 saepius
1145 781 1260 855 pungit,
1296 787 1329 840 ut

140 875 187 947 ejus
206 877 287 936 verba
306 895 369 937 cum
392 881 442 953 iis,
464 895 538 952 quae
560 881 661 939 eodem
685 887 816 955 temporo
836 881 874 940 ad
895 881 1039 941 Bucerum
1060 884 1105 942 vel
1128 883 1329 944 Melancbtbo-

138 995 189 1037 uem
208 983 314 1061 scribit,
345 989 424 1042 stare
455 985 500 1042 vin
531 1001 616 1058 posse
644 985 814 1057 videantur,
846 985 898 1044 scd
929 987 1057 1060 speciem
1084 1003 1154 1060 prae
1177 1005 1209 1047 sc
1232 986 1330 1048 lerant

137 1084 177 1140 u'ri
196 1087 431 1146 accommodantia
454 1103 486 1146 se
507 1089 690 1162 aliquatenus
714 1087 751 1148 ad
773 1089 999 1150 Romanensium
1031 1091 1196 1167 ingenium,
1225 1093 1329 1166 quibus

134 1203 162 1244 ue
180 1189 258 1247 nimis
278 1191 430 1264 displiceat
454 1208 552 1250 curam
575 1199 667 1266 gerat.
712 1193 834 1266 Saepius
857 1194 1041 1254 nihilominus
1064 1195 1109 1270 id,
1130 1195 1204 1270 quod
1225 1197 1328 1257 Alber·

133 1297 169 1348 tos
189 1293 332 1354 Fabricius
355 1295 521 1370 adnotavit,
546 1297 634 1354 etiam
658 1313 713 1371 ego
736 1297 909 1356 crediderim
924 1296 1031 1358 lactum
1047 1315 1122 1372 esse,
1144 1306 1176 1358 nt
1190 1300 1329 1361 Erasmus

130 1394 160 1454 ad
185 1397 359 1458 Lutbereuos
391 1401 521 1460 scribens
551 1415 663 1459 summa
691 1401 847 1460 severitate
870 1418 970 1460 eorum
990 1403 1108 1462 mendas
1139 1405 1329 1478 vituperaret,

129 1516 191 1572 quae
214 1519 277 1562 vero
307 1505 337 1562 in
367 1505 417 1564 illa
448 1509 532 1578 perte
562 1505 720 1564 laudabilia
744 1511 856 1578 essent,
887 1506 917 1565 in
949 1506 1079 1578 epistolis
1102 1507 1139 1566 ad
1162 1507 1327 1567 Pontificius

128 1604 191 1664 datis
215 1607 336 1682 ingenue
368 1611 544 1670 enuntiaret.
605 1609 695 1668 lmmo
725 1610 821 1668 subito
851 1617 919 1668 tunc
944 1610 1021 1670 band
1050 1628 1116 1671 raro
1139 1618 1199 1670 tam
1222 1629 1327 1688 magna

127 1708 157 1766 de
176 1711 234 1783 ipso
256 1711 384 1772 Lutbero
406 1714 570 1788 praedicat,
604 1721 635 1772 ut
659 1729 725 1772 eum
747 1713 976 1774 bononensibus
1007 1716 1089 1788 quasi
1112 1722 1230 1776 ostensa
1252 1717 1324 1776 Gor-

44 1811 46 1830 *
126 1829 189 1884 gono
211 1821 351 1876 terrorem
374 1818 495 1890 injicere
519 1819 593 1877 velle
617 1817 733 1876 dixeris.
779 1817 866 1892 Cujus
890 1819 934 1876 rei
949 1821 1082 1892 exempla
1096 1819 1172 1880 iufra
1186 1819 1325 1880 dabimus.

124 1917 224 1976 Accidit
245 1921 348 1994 etiam,
384 1927 415 1980 ut
446 1923 534 1980 miros
564 1938 633 1994 quos
663 1927 761 1992 vocat,
795 1919 863 1982 lidei
885 1923 1036 1995 Atlmrtes,
1070 1922 1137 1982 dnm
1166 1923 1327 1984 concedere

123 2023 219 2096 siquid
241 2025 277 2083 iis
297 2024 427 2098 videtur,
450 2024 546 2085 laceto
570 2025 712 2086 traducat.

196 2127 322 2187 Nimium
346 2133 443 2188 temen
464 2129 618 2202 aliquoties
641 2146 741 2188 eorum
763 2131 917 2190 sententiis
940 2130 977 2190 ad
998 2135 1111 2204 tempos
1134 2131 1236 2190 saltem
1261 2147 1327 2191 cou-

120 2231 195 2290 oedit.
239 2233 395 2306 Postquam
417 2234 508 2292 multa
530 2232 645 2292 fortiter
668 2241 698 2292 et
720 2233 861 2294 audacter
888 2239 989 2294 contra
1019 2235 1074 2292 vim
1098 2236 1129 2292 in
1150 2235 1236 2294 rebus
1258 2233 1326 2295 fidei

118 2333 266 2395 adhibitam
296 2337 423 2412 scripsit,
459 2338 621 2412 posteriore
657 2343 788 2410 tempore
822 2337 954 2410 ambiguo
986 2337 1064 2398 dicta
1092 2339 1219 2412 protulit.
1280 2339 1327 2398 lta

116 2441 185 2498 crim
206 2443 320 2500 locutus
343 2447 405 2516 est,
432 2443 514 2516 qnasi
538 2443 609 2500 nibil
632 2459 756 2516 unquam
780 2444 901 2516 egisset,
933 2443 988 2500 nisi
1010 2449 1042 2500 ut
1073 2441 1188 2502 lelicem
1210 2443 1326 2515 praedi·

115 2551 188 2604 caret
216 2547 345 2620 priorem
370 2546 581 2606 Christianismi
604 2553 746 2620 aetatem,
777 2564 850 2620 quac
878 2549 1055 2620 argumentis
1084 2553 1195 2606 tantum
1223 2553 1325 2608 contra

113 2649 271 2710 haereticos
293 2650 475 2724 dimicasset,
499 2657 682 2724 praesentem
706 2667 775 2710 vero
799 2651 979 2724 deploraret,
1004 2657 1033 2710 et
1055 2657 1174 2725 proptor
1196 2658 1326 2726 peccata,

111 2769 180 2825 quae
203 2756 353 2813 severiora
374 2755 505 2814 remedia
518 2755 701 2828 flagitarent,
725 2760 755 2812 et
779 2759 900 2828 propter
923 2759 965 2813 tot¹
987 2755 1213 2814 miserrimorum
1237 2755 1326 2814 homi·

110 2875 172 2915 num
199 2865 355 2918 tormenta
413 2859 465 2917 His
493 2859 653 2932 praetentis
678 2864 747 2916 lunc
769 2875 882 2932 quoquc
913 2874 944 2917 se
968 2874 1106 2917 excusare
1130 2863 1250 2917 conatus
1271 2865 1317 2916 est

109 2979 191 3034 quum
219 2979 274 3035 per
295 2963 465 3035 Hispaniam
493 2963 574 3021 multi
604 2962 738 3020 monachi
770 2963 918 3022 Sorbouae
946 2961 1118 3021 Parisiensis
1150 2963 1323 3022 auctoritate

109 3065 192 3141 lroti,
226 3066 381 3126 haerescos
410 3084 475 3126 eum
504 3072 697 3126 accusassent.
759 3067 812 3138 Qui
844 3067 930 3124 etiam
959 3066 1036 3140 vulgi
1065 3066 1192 3124 furorem
1215 3067 1323 3125 excita-

106 3177 207 3230 verant
236 3171 423 3230 concionibus
454 3170 492 3229 ad
520 3169 723 3245 flagitandum,
757 3187 794 3229 no
818 3176 899 3228 tante
922 3171 1004 3229 istius
1026 3171 1203 3242 perversitas
1233 3172 1323 3244 impu-

106 3275 166 3333 nita
195 3277 490 3348 praetermitteretur.
544 3275 624 3332 Haeo
658 3275 688 3330 in
720 3290 755 3332 eo
785 3275 941 3347 praecipue
976 3274 1131 3346 conspicua
1155 3290 1218 3334 esse
1241 3281 1323 3348 puta·

108 3378 210 3452 batur,
249 3379 325 3451 quod
354 3379 504 3453 ,Sanctam
533 3378 747 3436 haereticorum
778 3377 1010 3452 Inquisitionom‘
1048 3393 1104 3436 non
1136 3378 1321 3438 christianam

104 3483 297 3542 existimaret.
360 3485 425 3558 Ipse
467 3483 586 3542 Carolus
627 3481 735 3541 Caesar
777 3484 950 3556 perterritus
991 3489 1035 3542 est
1066 3482 1109 3541 bis
1146 3483 1322 3554 tumultibus,

103 3605 176 3661 quos
199 3604 287 3660 quum
310 3589 510 3661 episcoporum
532 3585 711 3660 quorundam
734 3586 848 3646 Erasmi
876 3587 1065 3646 studiosorum
1094 3587 1203 3645 auxilio
1226 3586 1321 3658 sopire

100 3691 206 3764 vellet,
237 3691 369 3750 monaehi
399 3691 646 3764 reclamaverunt,
681 3690 744 3748 Deo
776 3692 870 3764 potius
901 3689 1112 3749 oboediendum
1141 3705 1205 3748 esse
1236 3704 1320 3760 quam

100 3794 274 3854 bominibus.
333 3796 542 3868 Articulorum,
572 3811 642 3868 quos
672 3794 779 3868 Magno
813 3793 1016 3865 Hispaniarum
1038 3792 1206 3865 inquisitori
1237 3791 1319 3850 obtu-

84 3901 212 3978 lerant,
245 3899 358 3972 priores
381 3904 442 3958 tres
466 3915 502 3958 ea
521 3898 720 3970 continebant,
749 3911 824 3969 quae
855 3901 955 3954 contra
983 3894 1117 3953 Sanctam
1148 3893 1319 3952 Trinitatem

98 4003 256 4062 Erasmm
286 4019 424 4076 peccasse
456 4002 644 4076 dictitabant,
683 4007 801 4074 quartus
835 4015 909 4073 quae
944 4005 1045 4057 contra
1077 3995 1212 4056 Sanctam
1240 3997 1320 4058 illam

98 4108 316 4167 baereticorum
348 4107 582 4180 Inquisitionem,
613 4106 729 4179 quintus
759 4123 834 4179 quae
866 4110 966 4164 coutm
989 4107 1181 4162 sacramenta.
1242 4101 1320 4164 Peti-

97 4216 206 4269 verant
233 4211 271 4269 eb
294 4210 483 4284 Inquisitoro‚
515 4216 545 4268 ut
573 4209 660 4284 ,falce
692 4210 832 4270 scientiae
865 4217 951 4282 atque
975 4207 1137 4268 sanctitatis
1157 4223 1213 4282 ope
1238 4207 1319 4266 adul-

97 4315 197 4375 terina
215 4317 327 4374 semina
347 4321 510 4388 resecaret,
542 4314 707 4374 eradicaret
724 4319 812 4388 atquo
843 4311 1047 4387 disperderet,‘
1083 4309 1184 4370 eodem
1208 4313 1320 4372 scilicet

96 4418 286 4478 obscurorum
320 4420 447 4478 virorum
476 4419 542 4476 stilo
565 4418 689 4477 barbaro
720 4434 754 4475 ac
776 4418 940 4491 pharisaico
964 4418 1022 4486 usi,
1057 4431 1143 4489 quem
1178 4417 1207 4475 iu
1239 4418 1319 4478 bulla

97 4523 209 4581 Leonis
238 4502 339 4581 contra
371 4523 527 4581 Lotberum
562 4529 593 4580 et
623 4523 784 4580 innocentii
826 4527 928 4580 contre
957 4537 1058 4596 paoem
1089 4519 1318 4596 Westpbalicam
