3194 5052
223 290 276 346 260
712 290 814 342 Pharna
833 291 950 342 Parcere

224 505 314 566 nobili
342 507 439 564 animo
468 511 619 580 utramque
641 511 754 578 partem
777 505 815 564 ad
837 505 1051 577 agnoscendum
1072 503 1117 579 id,
1147 505 1222 578 quod
1245 505 1444 579 peccauerint,

223 611 385 685 perducere
415 610 521 670 studet.
565 611 677 671 Setiam
709 615 862 683 corruptae
890 611 1034 669 ecclesiae
1062 607 1298 669 reformationem
1323 615 1443 669 shenue

225 717 373 790 postulare
389 731 447 774 non
463 715 578 774 desiuit
605 715 685 786 Quae
701 719 734 773 ut
748 713 891 773 efficiatur
907 729 993 788 quam
1009 715 1193 774 necessarius
1208 713 1297 774 luerit
1308 720 1442 774 austerus

225 821 275 879 ille
305 827 393 894 atque
423 819 557 879 heroicus
585 818 708 878 Lutheri
738 819 878 892 impetus,
907 820 1089 891 aliquatenus
1117 833 1184 877 eum
1213 819 1352 892 sensisse,
1381 835 1442 876 uon

225 927 295 984 setis
315 942 385 984 vero
407 925 585 985 intellexisse
608 929 639 983 et
662 923 874 997 considerasse,
901 923 998 982 verbis
1021 925 1082 996 ejus
1104 923 1212 996 passim
1234 939 1322 996 supra
1343 924 1441 981 allatis

226 1029 410 1089 ostendimus.
455 1027 593 1088 Ceterum
621 1029 653 1086 in
680 1027 732 1086 illo
762 1028 834 1085 nihil
860 1028 1030 1100 plerumque
1061 1028 1209 1100 vituperat
1234 1029 1291 1086 nisi
1313 1044 1386 1100 quae
1409 1031 1442 1086 et

225 1151 278 1194 nos
305 1135 336 1192 in
366 1134 535 1208 captivitate
557 1132 735 1206 Babylonica
760 1131 881 1203 aliisque
905 1130 1033 1204 ejusdem
1057 1132 1173 1206 scriptis
1198 1147 1255 1190 non
1276 1132 1439 1206 improbare

227 1255 285 1298 non
305 1254 471 1312 possumus3
494 1238 579 1312 plura
600 1237 631 1295 in
654 1251 689 1294 eo
712 1235 824 1308 landat;
848 1237 987 1308 majorem
1008 1251 1094 1308 quarn
1115 1235 1237 1296 Lutheri
1256 1235 1439 1294 Lntherano-
1465 1267 1471 1277 ·

226 1361 304 1417 rum,
340 1343 427 1416 longe
457 1343 610 1400 maximam
639 1337 853 1398 Pontificiornm
885 1339 999 1411 culpem
1032 1355 1096 1398 esse
1127 1337 1278 1412 significat.
1337 1339 1440 1412 anue

227 1448 324 1506 omnia
354 1447 493 1506 Erasmus
529 1447 617 1505 etiam
653 1459 749 1503 coram
783 1444 819 1502 iis
852 1440 980 1517 profiteri
1016 1445 1132 1518 saepius
1163 1460 1250 1503 ausus
1280 1448 1339 1518 est,
1368 1459 1441 1516 quos

227 1550 426 1610 hostilissimos
459 1566 524 1609 esse
557 1549 687 1607 Lnthcro
720 1548 827 1621 optime
860 1553 990 1606 noverat.
1050 1548 1098 1608 Sic
1129 1565 1204 1606 anno
1239 1548 1318 1606 illius
1349 1547 1442 1606 seculi

228 1656 365 1714 vicesimo
396 1653 522 1712 secundo
552 1652 590 1710 ad
617 1651 771 1725 Georgium
801 1651 943 1710 &aoniae
972 1651 1084 1710 Ducem
1121 1652 1235 1710 litteras
1268 1652 1347 1710 misit
1378 1651 1439 1722 jam

226 1758 312 1833 plura
334 1759 530 1832 continentes,
559 1771 634 1830 quae
657 1773 747 1828 usque
770 1756 807 1814 ad
829 1756 906 1814 vitae
929 1753 1015 1814 finem
1039 1757 1146 1830 tenuit,
1176 1755 1344 1831 dignissima
1364 1771 1439 1828 quae

228 1865 318 1922 etiam
340 1862 394 1922 hoc
416 1863 479 1922 loco
497 1859 666 1920 afferentur.

315 1967 486 2042 ,Lutherus,
517 1964 593 2039 quod
621 1966 722 2038 negari
745 1981 801 2023 non
823 1970 933 2039 potest,
964 1967 1100 2040 optimam
1122 1965 1250 2025 tabulam
1273 1970 1441 2039 susceperat

229 2079 259 2132 et
283 2072 390 2132 Christi
411 2087 507 2146 paene
530 2070 632 2130 aboliti
654 2071 801 2145 negotium
822 2086 931 2128 summo
953 2087 1018 2128 cum
1041 2071 1119 2130 orbis
1142 2071 1281 2145 applausu
1304 2077 1442 2144 coeperat

228 2193 326 2252 agere.
386 2175 444 2237 Sed
474 2176 584 2235 utinam
607 2191 670 2234 rem
697 2179 809 2234 tantam
837 2175 1017 2246 gravioribus
1047 2191 1082 2234 ac
1111 2174 1305 2234 sedatioribus
1335 2176 1443 2248 egisset

228 2281 367 2350 consiliis.
419 2280 529 2338 Tamen
555 2279 604 2338 hic
634 2280 750 2352 gravim
778 2283 902 2352 peccant
929 2278 1090 2337 Lutherani
1119 2279 1234 2352 quidam
1261 2292 1347 2352 quam
1378 2281 1441 2351 ipse

228 2385 384 2444 Lutherua.
435 2385 521 2443 Nunc
544 2383 679 2456 quoniam
702 2381 850 2442 atrocibus
872 2383 947 2442 odiis
968 2399 1015 2441 res
1037 2383 1182 2456 utrimque
1209 2383 1334 2456 geritur,
1363 2383 1443 2456 peri-

229 2490 326 2547 culum
354 2493 413 2561 est,
443 2503 481 2544 ne
504 2501 642 2560 oppresso
664 2485 793 2545 Lnthero
813 2487 897 2544 simul
916 2491 1039 2559 pereant
1066 2490 1109 2546 tot
1133 2487 1224 2562 bona,
1253 2503 1328 2561 quae
1351 2487 1441 2546 nolim

229 2592 356 2664 aboleri3
378 2595 440 2648 tum
463 2595 560 2649 autem
582 2605 621 2648 ne
639 2604 707 2662 para
730 2590 833 2649 victrix
854 2591 974 2649 invehat
996 2591 1078 2650 nobis
1098 2590 1255 2666 quaedam,
1275 2609 1349 2665 qnae
1371 2591 1443 2650 nulli

229 2695 375 2755 Christum
396 2699 528 2754 amantes
550 2693 628 2753 ferre
650 2683 797 2770 potorum,
828 2708 961 2768 quaeque
983 2712 1103 2756 cessura
1125 2697 1279 2756 videantur
1299 2699 1331 2755 in
1352 2712 1442 2770 graie

229 2800 435 2859 detrimentum
467 2799 577 2872 gloriae
608 2796 783 2858 christianae
807 2805 838 2858 et
860 2800 1047 2874 evangelicae
1069 2801 1254 2860 sinceritatis.
1297 2800 1444 2859 Etiamsi

228 2905 318 2965 libere
342 2905 421 2978 loqui
440 2902 484 2962 fas
507 2909 552 2963 est
574 2902 650 2976 apud
663 2901 828 2977 Principem
849 2921 907 2963 non
929 2905 1025 2964 minus
1043 2906 1217 2979 prudentem
1235 2922 1320 2979 quam
1339 2905 1444 2964 huma·

228 3028 309 3085 num,
349 3007 472 3068 mundus
509 3006 703 3068 indormiebal
736 3007 919 3080 opinionibus
956 3008 1151 3084 scholasticis,
1186 3008 1444 3068 constitutionibus

228 3116 373 3190 humanis,
395 3131 450 3173 nec
473 3110 553 3172 aliud
571 3111 711 3171 audiebat
731 3120 818 3184 quam
839 3113 876 3172 de
898 3112 1099 3186 indulgentiis,
1122 3112 1159 3171 de
1178 3113 1444 3188 compositionibus,

228 3219 265 3278 de
287 3224 433 3292 potestate
449 3214 596 3276 Pontificis
618 3216 751 3276 Romani.
788 3215 884 3289 Atque
903 3217 949 3274 his
969 3216 1122 3288 praesidiis
1137 3217 1299 3292 regnabant
1314 3217 1444 3292 quidam,

227 3323 278 3395 qui
299 3339 358 3382 non
379 3327 523 3395 quaerunt
545 3337 581 3381 ea
603 3336 678 3394 quae
700 3325 769 3378 sunt
789 3320 861 3379 Jesu
885 3319 1006 3396 Christi,
1029 3321 1081 3380 sod
1102 3339 1169 3381 cnm
1186 3322 1330 3397 Demade,
1353 3339 1444 3395 quem

227 3430 311 3483 notat
332 3425 479 3498 apostolus
501 3425 622 3498 Paulus,
648 3424 772 3497 diligunt
795 3425 849 3483 hoc
872 3426 1010 3485 seculum.
1055 3425 1100 3485 Ab
1123 3427 1179 3486 hoc
1201 3443 1300 3486 somno
1321 3443 1443 3500 prorsus

229 3533 293 3587 erat
319 3526 596 3602 expergefaciendus
620 3527 697 3585 orbis
719 3532 751 3584 ct
772 3529 897 3588 scintilla
918 3530 1025 3603 vigoris
1047 3531 1208 3603 evangelici
1232 3529 1442 3590 resuscitanda.

223 3631 282 3692 Sed
308 3632 420 3690 utinam
447 3631 477 3688 id
506 3630 613 3689 lactum
642 3636 719 3689 esset
741 3645 778 3688 ea
800 3633 1021 3692 mausuetudine
1044 3650 1185 3708 curaque,
1215 3649 1272 3706 qna
1299 3634 1443 3693 decuerat

223 3738 271 3811 agi
301 3737 450 3811 negotium
481 3736 607 3794 omnium
637 3736 857 3796 sanctissimum.
910 3737 1135 3797 Admiscuerunt
1164 3755 1195 3798 se
1224 3739 1292 3798 huic
1321 3739 1442 3811 negotio

222 3842 356 3901 monachi
379 3840 495 3915 quidam
519 3857 553 3899 ac
576 3840 716 3916 theologi,
746 3841 797 3914 qui
819 3841 930 3916 stultis,
958 3841 1082 3901 indoctis
1109 3858 1145 3901 ac
1166 3842 1311 3902 seditiosis
1333 3842 1443 3902 clamo-

223 3947 305 4006 ribus
328 3947 435 4005 malum
458 3946 514 4005 hoc
537 3945 723 4020 exagitarunt
743 3950 774 4005 et
796 3960 833 4003 ex
855 3947 931 4004 malo
953 3947 1123 4022 pessimum,
1152 3963 1188 4005 ex
1209 3947 1327 4006 minimo
1348 3947 1441 4006 maxi·

222 4061 299 4108 mum
329 4049 528 4110 reddiderunt
574 4049 649 4108 Nam
677 4049 760 4109 initio
788 4049 860 4108 nihil
889 4049 1109 4124 periclitabatur
1138 4055 1257 4125 praeter
1286 4055 1441 4124 quaestum

223 4151 478 4224 indulgentiarum.
517 4151 556 4210 Hi
578 4167 632 4210 nec
656 4167 692 4210 ea
714 4153 813 4212 sinunt
834 4153 952 4227 probari
975 4154 1006 4211 in
1028 4153 1158 4214 Luthero
1178 4170 1253 4228 quae
1275 4158 1344 4214 sunt
1364 4153 1442 4212 chri·

222 4255 411 4331 stianissims,
444 4272 500 4316 nec
533 4255 570 4315 de
604 4257 663 4315 suis
698 4257 853 4330 quidquam
887 4257 1053 4333 remittunt,
1088 4259 1139 4318 sed
1172 4259 1317 4332 prioribus
1351 4258 1441 4318 etiam

223 4357 334 4416 addunt
368 4360 493 4418 duriora.
544 4359 657 4418 Prodiit
688 4361 856 4420 saevissima
887 4362 968 4421 bulla
1000 4378 1019 4421 a
1048 4361 1196 4422 Pontifice.
1247 4363 1326 4422 Nihil
1359 4361 1441 4420 aliud

222 4473 309 4533 quam
343 4461 530 4522 exacerbavit
561 4463 735 4522 incendium.
785 4465 923 4527 Secutum
959 4472 1005 4526 est
1038 4467 1152 4526 saevius
1187 4468 1274 4526 etiam
1305 4465 1441 4526 Caesaris

223 4561 364 4636 edictum,
395 4566 446 4634 qui
474 4570 551 4622 totus
580 4566 612 4622 in
633 4568 709 4624 hanc
731 4584 792 4626 rem
815 4585 976 4642 propensus
999 4575 1052 4628 est
1097 4571 1143 4630 Ea
1163 4588 1211 4630 rea
1233 4573 1348 4644 linguas
1369 4587 1441 4644 quo-
