3200 5032
724 289 816 344 (larus
834 288 881 343 VI.
1357 289 1410 345 175

193 505 240 563 Ad
279 504 460 566 clementem
498 508 642 566 nonnullis
681 505 828 566 mensibus
871 509 939 564 ante
974 505 1049 564 haec
1087 507 1256 580 scripserat:
1298 504 1410 581 ,Crede

194 610 282 682 mihi,
311 615 362 668 tna
392 613 532 670 sanctitas
555 611 703 684 superabit
728 611 854 670 omnium
873 607 1038 682 pontificum
1060 611 1198 684 gloriam,
1228 611 1252 668 si
1274 612 1327 670 hos
1349 611 1412 670 bel·

195 713 288 771 lorum
322 719 353 774 et
382 717 548 789 opinionum
589 717 728 774 tumultus
762 715 970 789 composuerit:
1012 715 1136 774 alterum
1171 711 1294 788 efficiet,
1328 717 1351 774 si
1378 732 1410 774 se

196 818 347 890 aequalem
370 819 541 892 praebuerit
562 819 742 893 principibus
765 819 910 892 omnibns,
940 818 1079 892 alterum,
1102 819 1127 876 si
1149 834 1229 890 spem
1251 817 1357 877 iecerit
1378 837 1410 878 se

195 921 272 980 velle
304 928 417 982 mamre
450 924 608 998 quaedam,
642 939 716 996 quae
751 923 831 982 salva
858 923 969 996 pietate
1007 923 1113 981 mutari
1141 921 1303 995 possunt.‘¹
1355 924 1411 982 Hic

196 1025 269 1084 duas
291 1043 339 1086 res
361 1026 505 1108 significat
526 1027 678 1101 Erasmus,
701 1027 805 1100 quibus
826 1031 929 1100 postea
949 1027 1090 1102 neglectis
1114 1025 1248 1086 Clemens
1270 1032 1314 1087 tot
1335 1029 1412 1086 mala

195 1130 375 1202 reipublicae
403 1131 579 1190 christianae
609 1132 715 1190 attulit.
746 1163 786 1171 -
826 1130 927 1190 Facile
958 1135 1037 1190 esset
1065 1132 1157 1189 multa
1187 1131 1293 1189 similia
1323 1131 1412 1190 etiam

196 1233 353 1293 audaciora
387 1251 555 1308 congerere.
599 1235 733 1308 Excerpe
766 1250 841 1308 quae
875 1235 912 1293 ad
943 1233 1098 1308 Georgium
1133 1234 1275 1293 Senoniae
1309 1235 1412 1294 ducem

196 1353 273 1396 anno
305 1339 396 1396 seculi
424 1341 561 1397 sicesimo
588 1339 715 1398 secundo
744 1339 875 1412 scripsit:
910 1339 954 1412 ‚si
981 1339 1073 1396 libere
1103 1338 1180 1412 loqui
1202 1336 1246 1397 ias
1270 1343 1314 1397 est
1335 1341 1413 1412 apud

196 1441 358 1515 principem
385 1459 442 1500 non
466 1443 559 1500 minus
582 1441 754 1516 prudentem
777 1459 862 1515 quam
880 1441 1049 1517 humanum,
1075 1441 1196 1500 mundus
1218 1441 1413 1510 indormiebat

197 1545 385 1619 opinionibus
411 1545 605 1619 scholasticis,
635 1547 884 1605 constitutionibus
911 1547 1056 1620 humanis,
1088 1563 1143 1605 nec
1173 1546 1254 1604 aliud
1276 1547 1414 1606 audiebat

197 1665 283 1722 quam
313 1649 349 1708 de
372 1649 574 1725 indulgentiis,
604 1651 641 1708 dc
664 1651 930 1726 compositionibus,
961 1651 997 1710 de
1020 1655 1164 1724 potestate
1187 1649 1331 1724 pontificis
1353 1650 1412 1710 Ro·

196 1753 285 1811 mani.
330 1753 413 1812 Haec
442 1755 556 1812 etiamsi
579 1759 677 1813 essent
698 1753 879 1813 indubitatae
898 1755 1044 1830 veritatis,
1070 1772 1127 1814 non
1150 1755 1280 1813 animant
1301 1771 1355 1814 nos
1376 1756 1414 1814 ad

198 1862 394 1930 contemptum
417 1857 501 1930 huius
524 1859 637 1930 mundi,
660 1875 718 1916 nen
740 1858 904 1918 accendunt
926 1859 963 1917 ad
979 1875 1106 1918 amorem
1120 1873 1219 1917 rerum
1235 1860 1412 1918 coelestium.

197 1959 287 2032 Atqui
309 1960 383 2019 haec
403 1962 582 2034 potissimum
600 1967 668 2020 sunt
689 1961 883 2020 inculcanda‘
928 1963 982 2020 His
1005 1962 1108 2020 addam
1130 1961 1265 2038 denique,
1286 1979 1361 2036 quae
1382 1964 1413 2020 in

197 2061 256 2123 fine
276 2065 488 2138 pulcherrimae
509 2059 699 2140 praelationis
722 2066 760 2125 ad
782 2065 973 2138 paraphrasin
995 2065 1070 2123 Novi
1092 2065 1287 2138 Testamenti,
1309 2066 1412 2126 eodem

199 2184 276 2227 anno
297 2169 437 2243 scriptae,
457 2171 608 2244 leguntur:
643 2171 823 2246 ‚Principes,
846 2169 1017 2242 praesertim
1038 2169 1243 2244 ecclesiastici,
1266 2170 1308 2228 sic
1330 2170 1413 2229 insti-

198 2277 283 2332 tuant
304 2274 491 2332 consiliorum
510 2276 640 2333 rationes
662 2281 695 2333 ut
717 2275 832 2333 sincera
854 2274 1032 2332 conscientia
1054 2273 1125 2330 nihil
1147 2272 1226 2332 abnd
1248 2274 1413 2349 moliantur,

200 2393 285 2449 quam
303 2383 336 2435 ut
357 2375 529 2453 perfidem,
550 2379 720 2453 carimtem,
742 2378 894 2452 pietatem,
915 2377 1114 2451 concordiam,
1136 2395 1190 2451 per
1211 2393 1309 2436 rerum
1331 2395 1413 2437 mun-

200 2481 340 2540 danarum
371 2487 561 2558 contemtum,
591 2499 644 2556 per
670 2499 768 2541 rerum
799 2483 970 2542 coelestium
1003 2498 1131 2541 amorem
1157 2499 1243 2555 quam
1273 2483 1412 2542 latissime

199 2592 320 2661 regnet,
341 2583 446 2645 floreat
467 2591 497 2646 et
515 2588 640 2660 imperet
658 2585 796 2646 Christus.
814 2621 853 2628 -
876 2587 942 2646 Non
965 2593 1010 2646 est
1031 2591 1201 2660 perpetuum
1223 2586 1300 2660 quod
1322 2592 1414 2646 terro·

199 2689 280 2748 ribus
314 2707 349 2748 ac
378 2691 464 2750 minis
494 2691 652 2750 conficitur.
701 2692 768 2750 Non
806 2697 852 2750 est
878 2689 1003 2767 firmum,
1033 2691 1110 2764 quod
1138 2691 1270 2750 humanis
1299 2691 1413 2751 technis

200 2794 382 2868 obliquisque
408 2795 537 2854 consiliis
559 2798 732 2854 contexitur.
776 2796 840 2854 Nisi
863 2795 993 2854 Christus
1013 2796 1129 2854 intersit
1151 2797 1277 2854 consiliis
1298 2797 1413 2869 nostris,

200 2898 315 2958 etiamsi
345 2900 451 2958 malum
473 2905 622 2975 prematur
644 2901 675 2958 in
696 2905 822 2977 tempus,
855 2905 1040 2960 mortemon
1062 2905 1195 2973 erumpet
1217 2902 1327 2974 majore
1350 2917 1414 2959 cum

200 3001 280 3060 erbis
302 3003 454 3075 pernicie‘

287 3106 371 3166 Talia
402 3123 476 3167 vero
506 3109 604 3168 omnia
633 3108 748 3166 Erasmi
783 3107 873 3166 verba
901 3107 979 3166 haud
1009 3104 1116 3164 frustra
1144 3105 1201 3163 dici
1232 3105 1414 3181 videbantur,

199 3227 287 3283 quum
310 3211 451 3270 immensa
474 3213 533 3286 illa,
556 3229 641 3286 quam
662 3212 873 3284 descripsimus,
894 3211 1068 3269 auctoritate
1092 3207 1207 3282 adjutus
1229 3225 1288 3267 non
1309 3215 1341 3266 ut
1355 3211 1415 3282 pri·

199 3319 284 3372 vatus
306 3315 422 3387 quidam
445 3317 589 3390 eruditus,
616 3316 667 3374 sed
686 3321 717 3374 ut
741 3330 863 3390 magnae
886 3306 1074 3387 reipublicae
1087 3313 1249 3372 litterariae
1269 3312 1414 3387 princeps,

200 3419 288 3476 immo
310 3419 440 3490 ejusdem
464 3419 672 3492 quodammodo
695 3420 810 3478 nomine
832 3421 1009 3492 loqueretur.
1047 3416 1139 3492 Hujus
1152 3414 1330 3490 reipubhcae
1346 3417 1415 3476 civi-

200 3527 263 3580 tate
294 3528 381 3595 atque
410 3523 563 3583 sodalitate
592 3525 640 3596 qui
666 3541 719 3596 per
741 3523 888 3597 Europam
918 3521 1125 3596 gloriabantur,
1155 3522 1233 3594 iique
1265 3537 1302 3580 ex
1330 3526 1414 3595 parte

202 3627 320 3684 summis
352 3625 428 3700 apud
461 3627 557 3686 varias
589 3632 693 3700 gentes
728 3628 799 3685 locis
837 3627 940 3702 positi,
979 3644 1034 3701 per
1067 3642 1208 3685 annorum
1236 3625 1415 3698 quorundam

202 3731 310 3790 seriem
337 3732 423 3806 longe
453 3731 571 3805 plurimi
598 3732 636 3791 de
666 3731 864 3792 emendandae
887 3732 1026 3806 paulatim
1051 3723 1327 3790 ecclesiae'ratr‘ene
1351 3746 1415 3787 cum

203 3833 325 3893 Erasmo
350 3836 572 3895 consentiebant
601 3852 723 3910 eumque
753 3837 784 3893 in
806 3837 860 3894 hoc
887 3836 1005 3909 negotio
1032 3835 1112 3893 velut
1139 3835 1244 3894 ducem
1274 3839 1305 3891 et
1333 3837 1414 3891 ante-

204 3939 381 4014 signanum,
395 3941 444 4013 qui
465 3942 556 4000 multa
576 3939 703 4000 feliciter
722 3941 783 4013 Jam
805 3939 992 4013 perfecisset,
1022 3938 1244 3997 venerabantur.
1290 3936 1416 4006 Quorum

203 4059 277 4102 unns
312 4045 394 4117 quasi
427 4046 553 4104 omnium
595 4046 710 4104 nomine
746 4048 812 4118 post
844 4043 1070 4102 controversiam
1102 4041 1340 4103 Renchlinianam
1372 4043 1416 4108 tlt

203 4148 329 4222 scripsit:
358 4147 460 4223 ,Video
487 4149 633 4224 equidem,
660 4150 702 4208 uti
731 4149 857 4223 theologi
885 4148 934 4207 isti
956 4148 1048 4205 nostri
1071 4147 1195 4205 desertis
1218 4146 1415 4228 Scotistarum,

205 4251 436 4329 Oceanistarum,
464 4253 539 4313 adde
563 4256 651 4313 etiam
674 4253 886 4312 Themisterum
914 4250 1087 4311 factionibus
1109 4249 1147 4308 ad
1168 4249 1315 4324 antiquam
1337 4251 1415 4310 illam

206 4371 241 4414 ac
266 4372 363 4416 veram
384 4375 416 4418 se
440 4358 614 4434 theologiam
637 4363 824 4434 convertant,
854 4359 879 4418 si
899 4373 985 4431 perro
1014 4356 1177 4428 perrexeris
1200 4370 1280 4414 suam
1304 4355 1418 4418 arcanis

297 4572 322 4640 1)
341 4573 408 4638 Epp.
427 4569 506 4636 xlx,
527 4577 549 4622 l.
