3156 5056
645 307 739 358 esron
756 307 792 358 X.
1272 301 1325 356 aab

117 519 234 592 jubebat
256 519 293 577 de
315 519 448 579 Caesaris
471 520 648 593 gratitudine
671 539 724 596 pro
748 522 876 581 exhibito
898 523 929 580 in
951 521 1094 580 electione
1117 517 1226 592 officio,
1249 519 1325 592 quod

122 629 194 681 esset
214 629 339 699 tantum,
365 631 397 683 ut
419 625 498 684 nullo
522 631 652 700 tempore
675 627 813 686 oblivioni
834 625 911 685 tradi
934 631 1040 699 posset

201 727 302 801 Itaque
328 731 390 802 jam
417 746 453 788 ex
482 730 526 788 his
549 730 699 804 Glapionis
730 731 910 792 sermonibus
937 731 1099 790 certissima
1119 729 1243 788 Pontani
1268 725 1324 786 tide

121 833 302 907 consignatis,
333 850 418 907 quam
445 834 589 908 duplicem
618 852 772 909 personam
797 838 846 895 ille
868 835 1048 895 Wormatiae
1079 833 1173 908 egerit
1194 833 1325 904 intellegi

120 942 217 1008 potest.
275 937 355 996 Talis
381 939 454 1014 illic,
487 940 518 997 id
545 940 620 1013 quod
651 941 816 1014 Spalatinus
846 940 1091 998 clandestinorum
1119 911 1326 1010 eolloquiorum

120 1039 232 1112 ignarus
254 1047 394 1116 testatur,
421 1045 565 1101 communi
586 1045 664 1104 tama
685 1044 855 1104 habebatur.
900 1043 988 1102 Modo
1010 1049 1088 1102 totus
1110 1041 1215 1100 ardere
1238 1057 1326 1099 evau-

119 1145 184 1214 gehi
208 1146 319 1221 studio,
349 1147 434 1207 modo
464 1146 621 1206 descivisse
649 1149 686 1207 ab
709 1165 744 1208 eo
766 1149 926 1208 dicebatur.
970 1147 1030 1205 Alii
1052 1145 1238 1204 affirmabant
1260 1163 1326 1204 euru

118 1246 241 1308 Luthero
269 1251 384 1326 favere,
416 1252 466 1310 alii
495 1269 676 1325 summopere
699 1271 765 1311 eum
788 1253 884 1312 odisse
906 1251 1065 1310 Lnthsrum
1088 1255 1119 1309 et
1140 1249 1328 1309 vehementer

119 1355 246 1412 territum
268 1354 371 1429 fuisse,
400 1374 486 1430 quum
509 1355 668 1415 adventare
688 1374 753 1416 eum
776 1357 925 1416 audiisset.
969 1355 1162 1414 Nihilominus
1184 1361 1244 1414 tam
1266 1369 1327 1412 am-

118 1457 218 1532 biguae
245 1457 315 1519 fidei
343 1476 459 1519 1111111
489 1461 578 1520 etiam
600 1462 743 1536 benignos
765 1461 902 1536 quosdam
922 1457 1069 1520 Pontificis
1091 1459 1206 1518 favores
1228 1455 1326 1532 inisse,

118 1577 167 1619 noe
193 1579 363 1623 asseverare
392 1581 450 1624 non
480 1565 667 1640 auderemus,
695 1567 752 1624 nisi
780 1567 971 1624 certissimum
1001 1568 1064 1640 ejus
1086 1565 1131 1622 rei
1153 1563 1327 1622 haberemus

118 1669 219 1726 testem
247 1669 464 1728 Pallavicinum.
524 1670 578 1741 Qui
606 1671 656 1729 ubi
686 1675 752 1729 acta
779 1669 1006 1730 wormatiensis
1035 1673 1149 1742 narrat,
1178 1665 1327 1726 Vaticanis

117 1774 307 1831 monumentis
335 1772 428 1832 fretus
456 1773 494 1832 de
524 1775 586 1832 viro
617 1774 667 1833 illo
694 1775 740 1832 hie
768 1773 865 1832 verbis
887 1775 991 1832 utiture
1022 1773 1141 1846 ,Glapio
1163 1773 1233 1830 licet
1254 1769 1327 1828 alias

117 1877 241 1935 animum
265 1895 323 1936 non
344 1893 552 1951 usquequaque
569 1877 718 1937 Romanae
739 1879 838 1938 111111
861 1877 1007 1936 addietum
1030 1893 1101 1952 prae
1125 1893 1158 1936 se
1179 1875 1327 1950 gessisset.

116 1980 144 2038 id
163 1987 262 2042 tamen
279 1985 417 2056 temporis
440 1983 527 2043 aliter
548 2001 580 2042 se
599 1983 735 2042 affectum
748 1983 934 2056 ostendebat,
957 1983 1091 2054 benignis
1105 1979 1209 2040 officiis
1223 1995 1326 2038 recens

116 2101 134 2142 1
154 2085 293 2145 Pontifice
316 2087 461 2146 delinitus.
499 2073 539 2146 Et
561 2105 632 2146 sane
655 2089 685 2146 in
708 2105 744 2147 eo
766 2088 884 2160 negotio
906 2087 1053 2160 singulare
1070 2085 1223 2160 probitatis
1244 2081 1326 2142 ardo·

115 2189 210 2261 111111
241 2191 390 2264 specimen
418 2191 505 2250 dedit.
551 2191 623 2249 tium
654 2193 819 2266 praecipuis
850 2192 981 2250 haeresis
1011 2189 1171 2250 fautoribus
1199 2189 1327 2262 privatos

116 2309 218 2365 magno
250 2311 316 2352 cum
346 2295 442 2354 fructu
470 2312 643 2368 congressus
673 2295 789 2354 habuit:
820 2294 954 2355 (laeseris
980 2294 1165 2354 Consiliarios
1192 2299 1327 2367 tepentes

116 2397 317 2473 inflammavit,
350 2401 489 2474 perplexe
519 2405 689 2459 cunctantes
719 2401 921 2458 exstimulavit.
966 2397 1038 2457 Cum
1069 2399 1328 2472 obsequentissima

117 2501 294 2576 subjectione
323 2502 457 2563 Pontifici
486 2503 620 2579 praebita
652 2505 742 2563 eluxit
769 2505 864 2576 pietas
893 2503 1075 2564 demissionis
1105 2508 1193 2562 tenax
1225 2501 1326 2574 suique

116 2607 223 2665 ordinis
239 2610 386 2680 agnomini
402 2607 632 2669 consentaneus‘
658 2609 740 2668 Haec
756 2607 961 2668 confirmantur
975 2609 1081 2668 litteris
1096 2625 1168 2682 quas
1181 2607 1328 2666 Aleandev

116 2709 278 2770 Wormatia
298 2713 419 2772 Romam
441 2715 528 2772 misit.
572 2714 695 2786 Scripsit
716 2715 793 2772 enim
815 2714 905 2787 signis
926 2713 1095 2786 quibusdam
1118 2713 1231 2785 mattae
1253 2711 1328 2770 Pon-

115 2813 223 2875 tificiae
245 2815 415 2890 Glapionem
444 2819 535 2877 multo
566 2819 732 2890 aequiorem
758 2819 903 2877 redditum
931 2833 995 2876 esse
1018 2817 1064 2875 rei
1086 2815 1245 2874 Romanae.
1290 2815 1330 2874 Et

114 2926 217 2991 postea
239 2921 342 2981 iisdem
364 2923 470 2980 mensis
491 2923 645 2982 Februarii
667 2921 783 2996 diebus,
805 2923 907 2996 quibus
929 2921 980 2980 ille
1004 2937 1067 2978 eum
1090 2919 1221 2977 Pontano
1243 2919 1328 2978 collo-

115 3031 196 3083 cutus
229 3033 306 3100 erat,
335 3028 466 3099 impense
495 3027 594 3102 petiit,
624 3033 657 3085 ut
686 3044 790 3086 novum
817 3025 911 3084 Breve
934 3024 1044 3096 Papale
1074 3022 1112 3079 ad
1141 3039 1207 3080 eum
1239 3023 1327 3079 hono·

114 3129 237 3188 randum
266 3135 297 3188 ct
326 3131 537 3190 conciliandum
564 3148 650 3204 qnam
679 3131 817 3190 citissime
847 3128 981 3200 daretur,
1015 3126 1151 3198 quoniam
1184 3125 1248 3197 plus
1277 3124 1327 3180 ille
1356 3157 1358 3166 .

114 3249 201 3304 quarn
225 3235 317 3293 ceteri
340 3251 439 3294 omnes
463 3237 493 3294 in
512 3236 681 3294 Lutherano
703 3233 823 3306 negotio
844 3225 982 3289 valeret.¹

203 3337 269 3396 Non
306 3341 410 3398 mirum
447 3340 524 3412 quod
558 3340 753 3398 Pallavicinus
786 3353 840 3410 pro
874 3333 1016 3394 Jesuitica
1048 3349 1102 3391 sua
1133 3332 1169 3392 de
1201 3334 1329 3392 moribus

115 3439 251 3501 doctrina
278 3443 309 3501 in
336 3442 467 3518 homins,
496 3445 577 3517 cujus
601 3443 727 3501 animum
749 3437 900 3499 beneficiis
922 3435 1081 3496 Pontifioiis
1103 3443 1244 3498 mutatum
1264 3454 1329 3497 esse

115 3547 179 3619 ipse
195 3545 320 3620 indicat,
340 3547 529 3619 probitatem,
553 3547 701 3619 ardorem,
724 3545 932 3619 subjectionem
948 3549 1008 3602 tam
1024 3543 1176 3602 immodice
1191 3544 1330 3602 celebrat

117 3650 219 3722 Neque
241 3649 447 3724 dubitaverim,
470 3651 539 3723 quin
561 3650 604 3707 illi
626 3650 657 3706 in
679 3647 882 3722 conventibus,
904 3665 975 3720 quos
997 3653 1152 3722 memorat,
1175 3665 1239 3706 cum
1261 3647 1330 3704 hae-

116 3755 191 3811 resis
220 3753 380 3813 fautoribus
407 3754 574 3814 libertatem
605 3753 749 3826 quandam
777 3753 957 3812 concesserit
980 3751 1185 3810 accomodandi
1207 3765 1271 3808 sese
1293 3747 1331 3804 ad

116 3857 232 3916 illorum
261 3860 435 3933 sententias,
472 3837 634 3931 ubicunqne
661 3858 732 3916 utile
759 3856 915 3915 videretur.
982 3854 1040 3914 Sed
1069 3855 1099 3912 id
1127 3867 1240 3925 qnoque
1268 3865 1331 3906 cer-

117 3961 272 4036 tissimum,
303 3979 398 4036 neque
421 3963 629 4021 Pallavicinum
651 3978 746 4035 neque
765 3959 944 4018 Aleandrum
966 3957 1096 4028 aliosque
1118 3955 1217 4028 Papae
1247 3954 1331 4011 mini-

118 4069 205 4140 stros,
237 4083 357 4139 quorum
387 4067 525 4139 epistolas
554 4067 605 4125 ille
634 4067 665 4124 in
693 4064 838 4124 tabulario
861 4061 1001 4119 Vaticano
1029 4060 1194 4132 invenerat,
1224 4073 1330 4130 usqne-

119 4185 234 4242 quaque
265 4176 358 4228 totum
381 4169 533 4243 Glapionis
562 4170 688 4228 animum
710 4167 903 4241 perspexisse.
947 4165 1048 4222 Nullus
1076 4178 1176 4221 eorum
1204 4164 1250 4222 vel
1281 4163 1333 4220 ali·

118 4279 259 4346 quatenus
281 4274 437 4348 divinavit,
464 4290 551 4347 quam
572 4273 697 4348 benigne
715 4287 750 4330 ac
772 4267 923 4344 splendide
946 4268 996 4326 ille
1019 4266 1055 4325 de
1077 4265 1220 4340 Luthero,
1245 4281 1332 4339 quam

208 4505 234 4568 1)
253 4503 291 4553 cf.
309 4503 431 4553 Aloandri
441 4503 542 4553 litteras
556 4519 571 4552 a
583 4503 717 4552 Friedrich
730 4501 811 4551 editas
825 4501 864 4551 iu:
884 4499 1087 4564 Abhandlungen
1102 4497 1147 4548 der
1159 4497 1332 4564 Bayerischen

120 4589 257 4640 Akadernis
277 4589 347 4658 (hist.
366 4589 471 4657 Klosse)
492 4606 517 4654 p.
532 4595 573 4640 911.
593 4594 654 4639 911.
675 4593 733 4638 rot.
