3202 5058
715 255 806 305 Carur
823 255 845 304 1.
1352 255 1387 308 ‘23

176 469 382 542 praeeuntibus
403 467 567 527 lectissimis
588 468 658 526 viris
681 483 715 526 ac
736 467 887 541 religionis
910 467 1128 540 amantissimis,
1147 467 1176 526 id
1198 469 1274 541 qnod
1289 485 1389 542 spera·

175 580 278 633 verunt
307 572 569 646 Palaeocatholici,
601 573 638 657 ab
669 572 803 632 universo
833 570 897 632 lere
926 573 1032 647 populo
1063 573 1169 646 ubique
1188 573 1389 650 postulabitur,

174 683 241 736 tuuc
264 678 378 737 demum
402 677 490 736 etiam
513 677 662 736 ciuitatum
684 677 928 750 gubernatoribus
947 683 1045 749 partes
1068 677 1209 750 quaedem
1231 679 1261 736 in
1285 678 1389 740 eadem

174 799 261 842 cansa
281 781 481 855 suscipiendae
502 786 594 842 erunt
632 761 760 840 Necesse
784 782 861 841 enim
882 781 938 841 erit
959 787 992 840 ut
1013 783 1091 843 inter
1113 783 1209 840 varias
1224 788 1327 856 gentes
1350 783 1387 842 de

173 886 342 962 quibusdam
363 886 450 946 rebus
473 887 634 946 conveniat
679 885 725 946 Sic
748 885 829 945 verbi
852 903 955 960 causa,
983 892 1016 944 nt
1038 903 1073 945 ex
1095 887 1146 960 iis,
1177 903 1252 960 quae
1280 889 1388 961 passim

172 993 320 1065 proposita
345 996 428 1067 suut,
448 1007 536 1050 uuum
557 989 665 1064 aliquid
686 990 830 1065 referam,
860 990 977 1065 dignum
1001 996 1031 1050 et
1051 989 1190 1066 liberum,
1221 992 1306 1065 quale
1326 993 1387 1064 jam

173 1103 241 1156 ante
264 1095 339 1155 haee
360 1096 418 1154 tria
439 1096 537 1155 secula
555 1097 728 1168 postulatum
752 1101 808 1168 est,
837 1093 1033 1154 cardinalium
1056 1096 1208 1170 collegium
1231 1095 1387 1156 creandum

173 1200 238 1260 erit.
284 1200 361 1272 Quos
383 1200 408 1257 si
430 1216 487 1258 non
510 1200 632 1274 amplius
648 1200 751 1272 ,Papae
774 1215 840 1258 suas
864 1205 1029 1274 creaturas,
1051 1200 1103 1259 sed
1124 1201 1224 1274 populi
1244 1200 1388 1260 Romano·

173 1303 309 1362 catholici
338 1305 461 1364 vicarios
491 1319 558 1363 suos
577 1306 644 1378 jure
666 1305 864 1378 nominarent,
894 1305 1004 1378 sperari
1029 1320 1112 1379 posse
1134 1305 1234 1364 dicunt
1257 1302 1334 1379 lore,
1357 1312 1389 1365 ut

172 1423 242 1468 uere
264 1408 391 1467 omnium
412 1408 499 1466 saluti
521 1407 565 1466 illi
586 1409 797 1482 prospicerent,
818 1407 1002 1468 reformanda
1023 1405 1217 1468 reformarent
1233 1415 1387 1468 etcertum

172 1528 291 1586 paceium
313 1529 388 1586 quae
410 1529 487 1570 nunc
509 1529 547 1570 ne
570 1513 692 1586 cogitari
714 1513 830 1586 quidem
853 1529 937 1586 posse
959 1513 1084 1587 videtur,
1102 1514 1291 1573 restituerent
1312 1514 1389 1572 inter

174 1617 308 1676 civitates
331 1609 382 1696 (ne
402 1616 505 1676 ltaliae
528 1616 644 1690 quidem
666 1632 758 1691 regno
781 1610 910 1697 excluso)
934 1621 965 1677 et
983 1622 1128 1691 papatum.

261 1720 342 1792 Quae
373 1721 469 1780 omnia
496 1721 582 1794 longe
613 1721 765 1796 plurimos,
793 1737 963 1795 quocunque
992 1722 1023 1780 in
1046 1721 1205 1782 Romanam
1234 1722 1387 1782 ecclesiam

173 1825 269 1884 animo
300 1831 383 1898 sunt,
411 1841 464 1898 pro
491 1823 598 1884 fabulis
624 1825 782 1884 Platonicis
807 1825 956 1886 habituros
980 1841 1061 1899 esse,
1091 1826 1208 1886 uriuime
1230 1842 1284 1884 nos
1305 1824 1387 1901 fugit.

170 1928 276 1988 Curiae
298 1930 428 1988 asseclae
450 1929 529 1988 idem
551 1929 614 1990 fere
637 1929 674 1990 de
696 1931 746 1990 illa
774 1931 916 2005 sentiunt,
949 1930 1024 2004 quod
1046 1929 1223 1990 Jesuitarum
1243 1931 1387 2004 quondam

169 2034 306 2108 princeps
329 2034 365 2092 de
385 2034 530 2093 sodalibus
552 2035 612 2093 suis
640 2034 747 2094 dixisse
778 2033 884 2093 lemur:
916 2035 997 2108 ,Sint
1017 2041 1050 2094 ut
1071 2040 1138 2092 sunt
1159 2040 1210 2093 aut
1231 2051 1289 2095 nou
1311 2034 1387 2096 sint‘

168 2137 241 2212 Alii,
265 2155 283 2196 a
304 2138 447 2212 propheta
462 2138 679 2198 sbuilitndinem
694 2142 873 2212 mutuantes,
895 2137 1017 2212 pardum
1036 2138 1151 2197 facilius
1174 2155 1260 2212 quam
1276 2140 1386 2198 curiam

169 2242 297 2302 maculas
312 2259 379 2300 suas
395 2247 571 2301 mutaturum
588 2259 653 2302 esse
669 2245 763 2317 ajunt:
787 2259 872 2316 quam
894 2248 1017 2316 aegrota
1037 2243 1089 2302 illa
1110 2244 1163 2318 sit,
1187 2243 1387 2302 amelioribns

169 2345 339 2420 quibusdam
361 2347 443 2420 papis
465 2348 580 2420 saepius
601 2347 731 2422 agnitum
752 2363 836 2420 esse,
866 2347 918 2406 sed
947 2347 1140 2406 insanabilem
1170 2362 1235 2406 eam
1265 2351 1297 2406 et
1318 2346 1387 2406 buc·

168 2467 258 2525 nsque
281 2450 370 2510 fuisse
392 2457 423 2510 et
444 2468 559 2524 semper
579 2468 752 2518 mansuram.
796 2453 898 2526 Neque
920 2451 1052 2526 profecto
1076 2452 1223 2511 contraria
1246 2457 1387 2510 eventura

169 2571 235 2615 esse
257 2555 384 2628 prudens
404 2556 546 2630 quispiam
568 2555 781 2616 vaticinabitur.
828 2557 909 2630 Quae
932 2572 1001 2616 vero
1024 2572 1077 2616 nos
1100 2555 1278 2616 contendere
1297 2556 1388 2616 aude-

167 2677 231 2718 mus
253 2659 327 2718 hasc
349 2664 434 2718 sunt:
464 2659 592 2734 quisquis
615 2660 764 2719 christiani
788 2661 905 2734 spiritus
928 2661 1037 2735 aliquid
1059 2661 1090 2720 in
1113 2661 1238 2719 ecclesia
1256 2659 1387 2720 Romana

171 2763 269 2822 adhuc
299 2779 452 2838 superesse
482 2763 638 2840 concedat,
672 2782 739 2824 eum
768 2781 877 2841 negare
906 2782 964 2824 nou
993 2765 1119 2839 debere,
1151 2765 1254 2824 eodem
1283 2765 1386 2839 spiritu

168 2867 409 2927 reformationem
439 2869 469 2926 in
501 2869 597 2943 capite
637 2875 668 2928 et
696 2869 832 2928 membris
867 2870 928 2928 illic
957 2875 988 2928 et
1014 2869 1083 2928 olim
1108 2870 1282 2942 postulatam
1312 2885 1386 2944 esse,

169 2979 201 3030 et
222 2988 300 3030 nunc
321 2973 428 3032 iterum
447 2974 603 3046 postulari,
626 2991 700 3047 quae
719 2979 752 3033 ut
766 2971 832 3048 fiat,
855 2973 1001 3048 omnibus,
1023 2974 1238 3047 quibuscunque
1260 2973 1387 3033 ecclesia

169 3075 220 3134 illa
250 3073 408 3152 comisit,
439 3093 620 3151 summopere
650 3078 801 3137 nitendum
834 3095 913 3153 esse,
944 3079 1049 3151 quippe
1076 3078 1170 3136 anxiis
1192 3084 1224 3137 et
1245 3077 1385 3153 sollicitis,

169 3197 228 3239 non
251 3181 387 3255 quidnam
409 3181 539 3242 Romana
560 3184 657 3258 curia,
686 3184 780 3256 qualis
810 3199 886 3241 nunc
910 3188 969 3256 est,
999 3181 1159 3240 admissura
1182 3187 1211 3240 et
1235 3189 1385 3255 acceptum

169 3285 266 3344 latura
292 3285 346 3360 sit,
379 3287 432 3345 sed
460 3287 597 3361 quidnam
621 3286 756 3362 flagitent
777 3287 936 3346 christiana
958 3287 1066 3346 venus
1086 3291 1116 3345 et
1138 3284 1296 3346 christiana
1319 3304 1386 3346 con·

169 3390 301 3452 scientia.
346 3390 547 3451 Pretestantes
571 3392 687 3466 quidem
714 3397 824 3452 tantum
852 3408 910 3450 non
940 3407 1040 3450 omnes
1070 3390 1217 3466 judIcant,
1251 3391 1304 3466 iis,
1337 3393 1386 3465 qui

169 3493 259 3552 talem
292 3511 368 3554 nunc
400 3494 637 3556 reformationem
671 3497 804 3570 cupiant,
839 3495 876 3554 ad
909 3495 1080 3571 ecclesium,
1114 3514 1150 3556 ex
1184 3496 1273 3555 divini
1306 3497 1387 3556 verbi

170 3601 343 3660 auctoritate
362 3604 425 3676 jam
443 3602 524 3676 prins
550 3601 749 3676 reformatam,
780 3601 988 3662 manseundum
1019 3619 1091 3666 esse.
1136 3601 1244 3673 Quibus
1265 3602 1387 3662 Palaeo-

172 3706 306 3766 eatbolici
342 3705 534 3780 respondent:
579 3705 641 3782 ‚Ad
685 3723 839 3780 quamnam
872 3711 1000 3766 uestrum
1036 3712 1149 3780 partem
1185 3711 1388 3766 transeamus?

102 3843 103 3848 κ
170 3811 299 3870 Primum
338 3811 406 3869 lites
445 3815 558 3870 vestras
589 3812 720 3872 internas
753 3812 936 3885 aliquatenus
967 3811 1145 3886 componatis
1176 3816 1207 3870 et
1234 3810 1386 3868 ecelesiam

169 3922 295 3974 uestram
317 3915 348 3974 in
370 3916 543 3976 necessariis
565 3933 652 3976 unam
675 3913 824 3989 efficiatis3
844 3917 950 3976 deiude
973 3916 1115 3989 quomodo
1136 3913 1218 3972 nobis
1241 3912 1387 3970 vobiscum

169 4020 326 4080 conveniat
342 4019 509 4079 videbimus·
554 4019 690 4094 ansque
705 4038 774 4097 nos,
797 4027 830 4080 ut
852 4037 889 4079 ea
911 4020 1050 4094 ecclesia,
1074 4033 1159 4091 quam
1181 4022 1270 4075 totam
1294 4016 1387 4075 adhuc

169 4129 298 4184 nostram
329 4139 395 4183 esse
430 4139 598 4200 censemus,
631 4126 746 4200 integra
776 4126 889 4184 unitate
914 4125 1055 4198 paulatim
1081 4121 1274 4196 reformetur,
1308 4122 1388 4180 auri-

168 4229 260 4287 liante
289 4227 353 4288 Deo
384 4227 526 4288 nitemur.‘
579 4228 634 4301 qui
665 4231 707 4288 ita
737 4231 851 4289 sincere
880 4229 1023 4302 sentiunt,
1057 4243 1115 4284 non
1145 4227 1240 4286 miuus
1268 4232 1301 4286 ut
1330 4227 1389 4286 fra·

168 4339 230 4392 tres
262 4333 415 4393 christiani
441 4333 616 4407 suspiciendi
646 4335 729 4394 nobis
760 4339 825 4393 sunt
856 4349 940 4407 quam
969 4333 1007 4407 ii,
1043 4331 1091 4406 qui
1123 4333 1188 4406 pari
1219 4333 1387 4392 sinceritate

80 4435 84 4446 “
169 4437 206 4497 de
228 4437 320 4497 Roma
354 4443 386 4497 ut
422 4437 576 4499 insanabili
610 4437 822 4513 desperandum
855 4454 919 4498 esse
950 4439 1023 4513 rati,
1057 4455 1149 4513 aeque
1180 4453 1215 4495 ac
1245 4437 1389 4509 piissimus

169 4543 422 4619 nobilissimosque
453 4543 593 4618 Princeps
623 4546 773 4618 episcopus
797 4544 1031 4604 Vratislaviensis
1054 4541 1217 4616 Leopoldus
1247 4541 1283 4600 de
1308 4541 1389 4622 Sedl-
