3202 5058
258 293 292 346 68
727 295 829 345 Penrrs
849 295 965 344 Parcius

257 509 420 568 versatilior
444 507 572 582 pluribus
600 507 761 566 rationibus
789 507 871 580 quasi
902 507 1008 582 duplex
1036 523 1164 582 persona
1186 509 1310 582 exstitit,
1338 509 1476 568 nimirum

256 611 378 672 Guellus
411 617 442 672 et
470 611 628 686 Beroeam,
660 610 769 670 Ronm
807 612 890 670 miles
924 617 954 670 et
984 613 1076 671 honos
1107 610 1285 686 Germanus,
1315 612 1475 672 dubitando
1589 685 1590 698 ,

255 717 348 776 audax
371 723 400 776 et
417 717 464 776 ad*
476 715 648 776 sacrificium
670 717 834 776 intellectus
856 721 983 790 paratus,
1006 717 1106 775 hilaris
1123 717 1269 790 joculator
1283 723 1315 776 et
1329 718 1473 776 ecclesiae
1589 759 1590 784 2

254 821 375 881 vulnera
390 821 526 882 flebiliter
548 821 725 894 lamentans,
748 819 876 878 liberalis
899 825 929 878 et
944 821 1074 893 obsequii
1089 821 1212 893 gloriam
1226 837 1298 894 prae
1317 837 1349 880 se
1361 819 1472 895 lerens,

254 933 350 1000 spreto
373 927 454 1000 Papa
476 924 642 984 libertatem
665 924 860 984 conscientiae
874 924 1047 997 praedicans
1069 929 1098 983 et
1121 941 1186 982 cnm
1208 925 1257 1000 iis,
1279 926 1329 996 qui
1352 928 1470 984 canoni·

253 1037 347 1092 zatum
368 1030 486 1089 Petrum
508 1028 624 1088 Arhum
647 1027 834 1102 invocabant,
864 1026 948 1086 foede
975 1029 1151 1102 conspirans.
1197 1028 1226 1086 Is
1247 1028 1337 1100 igitur
1357 1029 1389 1086 in
1411 1031 1472 1104 pri·

254 1137 307 1195 mis
326 1135 393 1194 novi
415 1133 530 1208 imperii
554 1133 677 1192 comitiis
699 1133 771 1192 illud
798 1132 874 1205 quod
896 1132 1020 1192 diximus
1041 1133 1123 1206 quasi
1145 1132 1250 1191 Eridos
1272 1134 1379 1192 malum
1401 1151 1470 1208 pro-

250 1241 330 1312 jecit.
375 1239 482 1300 Contra
511 1239 587 1296 hunc
616 1238 708 1296 virum
733 1239 851 1312 ejusque
879 1238 973 1296 socios
1000 1238 1086 1310 longe
1110 1237 1265 1310 plurimum
1284 1237 1345 1296 illic
1369 1253 1470 1297 eornm

252 1345 398 1404 sententia
420 1343 524 1416 veluit,
554 1343 601 1415 qui
624 1359 688 1400 cum
712 1342 892 1415 Imperatore
916 1342 1035 1414 ejusque
1055 1341 1197 1400 Ministris
1220 1340 1375 1400 nefandum
1397 1340 1471 1401 leci·

252 1465 306 1508 nus
330 1447 391 1507 lore
415 1452 606 1520 censuerunt,
634 1448 659 1504 si
682 1443 839 1506 Germania
861 1445 899 1504 ad
927 1445 1123 1506 restituendas
1143 1447 1262 1520 papatui
1285 1451 1378 1506 terras
1401 1465 1470 1506 snas

252 1553 363 1612 italicis
390 1552 476 1612 rebus
504 1569 535 1610 se
566 1552 750 1610 immisceret
796 1551 879 1609 Hanc
901 1552 1076 1610 sententiam
1100 1551 1194 1610 altera
1215 1567 1282 1624 pers
1304 1567 1370 1629 non·
1383 1552 1469 1611 modo

251 1658 399 1732 injustam,
426 1656 478 1714 sed
506 1656 595 1714 etiarn
618 1655 672 1712 sihi
695 1655 829 1714 hostilem
851 1671 915 1714 esse
936 1654 1108 1727 declaravit,
1137 1655 1205 1714 inde
1228 1670 1370 1728 apparere
1394 1655 1469 1714 dixit

251 1757 419 1836 Meppensis
441 1761 472 1819 in
497 1776 571 1819 noro
601 1759 722 1833 imperio
752 1775 850 1818 eorum
883 1758 1027 1818 rationem
1055 1775 1113 1817 non
1134 1757 1253 1833 heberi,
1282 1776 1356 1831 quae
1387 1761 1468 1819 cives

250 1865 512 1926 Romenocetholici
550 1863 716 1923 necessaria
749 1863 804 1921 sihi
843 1868 873 1922 et
901 1864 1002 1922 summi
1044 1864 1180 1922 momenti
1220 1879 1285 1922 esse
1315 1863 1467 1923 ducerent.

250 1970 367 2030 Scilicet
395 1970 539 2044 Paparum
574 1968 780 2042 patrimonium
817 1973 973 2041 terrestre,
1004 1967 1079 2040 quod
1113 1967 1211 2026 Medio
1238 1968 1317 2026 Aevo
1353 1967 1468 2028 divinus

250 2073 360 2134 Dentes
389 2081 421 2134 ut
452 2073 594 2147 pessimae
623 2073 815 2146 corruptionis
841 2087 959 2132 causam
988 2071 1170 2131 abominatus
1201 2077 1280 2146 eret,
1308 2072 1394 2131 hodie
1421 2075 1468 2131 vir

250 2179 424 2252 Germanus,
454 2195 550 2240 rerum
578 2177 827 2252 diplomaticarum
855 2193 941 2250 quem
963 2176 1123 2234 divinarum
1146 2176 1281 2250 peritior,
1312 2175 1466 2236 Germanis

248 2285 396 2344 catholicis
419 2283 599 2342 carissimum
621 2297 685 2340 esse
702 2281 810 2340 debere
826 2281 940 2354 publice
957 2280 1120 2352 contendit,
1143 2279 1283 2339 sodalium
1299 2280 1364 2338 aliis
1379 2281 1467 2356 serio,

248 2388 314 2447 dum
344 2387 399 2460 ipsi
422 2387 624 2460 phantasmate
653 2389 786 2458 captant,
817 2384 882 2442 aliis
904 2385 1018 2458 specie,
1046 2383 1114 2443 dum
1134 2385 1233 2456 vulgus
1256 2385 1467 2456 phantasmatis

248 2489 432 2550 excitandum
459 2495 579 2562 putant,
607 2503 717 2546 summe
746 2503 817 2546 voce
846 2489 1077 2549 acclamantibus.
1124 2489 1172 2548 Sic
1199 2489 1282 2561 quasi
1308 2489 1337 2546 in
1360 2504 1467 2562 magno

247 2595 412 2668 spectaculo
442 2593 556 2666 publico
581 2599 716 2666 papatus,
743 2591 830 2650 medii
859 2593 923 2650 aevi
952 2593 1230 2666 condemnantis,
1265 2598 1295 2650 et
1324 2593 1389 2650 novi
1411 2593 1466 2650 im-

247 2697 330 2772 perii,
353 2697 492 2772 ejusmodi
521 2696 632 2755 somnia
659 2695 798 2770 lugentis,
826 2695 970 2755 discordia
995 2697 1187 2771 implacabilis
1214 2697 1341 2756 omnium
1371 2698 1464 2756 oculis

247 2799 432 2861 manilestata
454 2807 507 2860 est

332 2905 398 2964 Jam
423 2910 510 2969 antee
542 2920 629 2978 vero,
658 2905 815 2978 praecipue
843 2907 873 2964 in
900 2903 1025 2964 Bauerie
1050 2911 1081 2962 et
1103 2903 1254 2978 Berussie,
1291 2904 1463 2977 prohibendi

247 3007 362 3086 luserant
389 3007 546 3080 Pontificii,
577 3009 727 3082 quominus
761 3009 838 3068 viros
864 3009 993 3082 pietate,
1029 3007 1172 3082 candore,
1203 3008 1365 3068 eruditione
1391 3009 1465 3081 ipsis

245 3114 331 3188 longe
358 3113 538 3188 superiores,
570 3114 639 3186 quia
668 3129 741 3172 noro
763 3111 889 3188 dogmati
913 3119 1013 3172 contra
1033 3114 1239 3172 conscientiam
1263 3128 1295 3170 se
1317 3112 1464 3184 subjicere

244 3218 411 3285 noluerant,
438 3201 603 3292 turpissime
631 3223 772 3278 serment
794 3224 825 3278 et
846 3217 1007 3278 laederent.
1051 3218 1154 3278 Statim
1179 3220 1255 3276 enirn
1278 3223 1344 3291 post
1366 3218 1464 3275 couci·

244 3323 328 3393 hum,
357 3321 482 3382 nondum
504 3321 653 3396 conlecto,
680 3329 713 3380 ut
732 3324 868 3396 vidimus,
888 3323 963 3381 hello
986 3321 1110 3394 Gehico,
1136 3327 1196 3380 tam
1219 3323 1409 3382 vehementer
1430 3321 1463 3380 in

246 3441 296 3484 eos
318 3427 613 3485 excommunicatione
636 3426 821 3495 saeviebant,
851 3431 884 3484 nt
902 3427 951 3498 J'us
973 3427 1074 3498 ciuile,
1097 3427 1127 3484 in
1150 3442 1186 3485 aa
1207 3441 1240 3484 re
1262 3442 1378 3500 semper
1400 3444 1464 3486 ser·

244 3533 355 3593 retum,
389 3527 563 3600 compluries
591 3527 742 3587 uiolarent.
788 3527 902 3586 Deinde
935 3535 1035 3587 contre
1064 3545 1132 3602 eos,
1165 3545 1235 3602 quos
1268 3531 1464 3588 excommuni-

245 3637 398 3701 cereranl,
433 3631 545 3690 brachii
573 3632 712 3690 secularis
739 3631 876 3690 auxilium
903 3633 1133 3705 postulauerunt,
1163 3641 1197 3692 ut
1231 3633 1315 3706 probi
1345 3634 1462 3706 quidem

244 3735 360 3808 parochi
384 3753 401 3794 c
423 3735 494 3794 loeis
516 3735 577 3794 suis
592 3735 777 3810 ejicerentur,
796 3743 827 3796 ut
850 3737 977 3810 insignes
999 3739 1161 3796 scholarum
1185 3745 1216 3798 et
1238 3739 1461 3797 universitatum

244 3845 450 3914 praeceptores
473 3855 508 3897 eo
530 3855 665 3904 munere.
684 3839 759 3914 qnod
782 3857 801 3898 a
823 3842 941 3901 civitate
964 3842 1000 3900 iis
1021 3842 1188 3902 mandatnm
1211 3848 1285 3914 erat,
1307 3844 1461 3902 aciritate

244 3943 481 4004 destituerentur.
527 3942 672 4003 Putahent
693 3945 819 4009 scilicet.
844 3947 979 4020 quoniam
1002 3946 1040 4006 de
1063 3947 1188 4005 internis
1211 3947 1353 4006 ecclesiae
1372 3945 1462 4004 rebus

244 4055 393 4119 egeremr,
421 4049 468 4120 jus
503 4047 603 4121 fasque
637 4065 701 4108 esse
734 4051 880 4112 ciuitatem
905 4051 961 4110 sibi
989 4051 1118 4110 obedire.
1166 4051 1207 4108 et
1234 4051 1354 4110 iunium
1383 4051 1461 4108 hene

245 4154 418 4224 coegerunt,
446 4157 479 4210 ut
507 4153 629 4212 internis
660 4153 802 4214 eeclesiae
829 4155 917 4214 rebus
942 4171 974 4214 se
1003 4155 1189 4214 immisceret.
1242 4155 1310 4214 Jem
1332 4155 1409 4214 enirn
1427 4155 1461 4212 in

244 4253 308 4326 ipso
341 4251 403 4312 loro
434 4255 513 4314 ciuili
539 4256 755 4329 dijudicandum
786 4266 865 4330 eret,
894 4277 963 4318 num
994 4260 1030 4327 ii,
1056 4275 1128 4332 quos
1158 4259 1225 4333 eJici
1255 4275 1273 4316 e
1298 4259 1370 4316 loeis
1399 4258 1462 4316 suis

244 4359 372 4432 episcopi
397 4359 550 4424 solebant.
574 4363 641 4434 jnre
664 4361 759 4422 edhno
776 4361 940 4422 Catholieoe
962 4379 994 4422 se
1017 4363 1208 4422 nominarent.
1252 4363 1365 4436 Quippe
1388 4362 1463 4420 civi-

244 4467 304 4524 tas.
332 4464 476 4522 ecclesiae
503 4473 653 4538 petmnem
683 4483 715 4524 se
736 4483 859 4541 gerens,
891 4467 982 4526 multa
1003 4483 1125 4526 munera
1147 4467 1325 4540 professoria
1346 4467 1463 4526 idoneis

246 4565 316 4624 riuis
344 4575 375 4626 nt
398 4567 555 4628 Catholicis
581 4569 712 4628 dederet.
757 4569 812 4640 Qui
843 4570 928 4629 sied
950 4571 1038 4630 aliem
1061 4569 1147 4630 lidcru
1170 4571 1366 4644 malesani,
1394 4570 1463 4628 loco
