3134 5054
283 284 334 340 8OE
755 287 859 338 Pennus
885 288 1000 338 Palosis

281 515 453 560 summorum
476 501 657 576 ingeniorum
685 501 806 576 limites,
836 501 948 575 quoties
970 498 1036 560 falsi
1059 499 1166 573 aliquid
1189 499 1308 558 ndxtum
1331 513 1394 556 cnm
1413 513 1485 556 uero.

281 602 377 677 Quare
409 602 535 680 Georqio
561 605 649 680 Daci,
677 606 818 665 acerrimo
839 604 961 664 Lutheri
988 605 1079 677 osori,
1103 603 1219 677 scribit,
1254 619 1286 662 se
1316 603 1364 660 vix
1393 617 1485 659 ausum

281 723 345 769 esse
370 723 422 768 suo
448 707 539 770 fidere
556 708 678 784 judicio,
706 709 819 782 quoties
847 725 899 768 suo
920 724 985 767 cum
1006 709 1102 767 animo
1125 711 1305 781 reputasset,
1339 711 1383 764 tot
1402 705 1485 763 homi-

280 829 348 872 num
376 811 466 872 millia
495 813 526 872 ln
555 812 676 872 Lutheri
704 811 832 873 levorem
864 812 1089 885 consentientia,
1121 813 1199 870 inter
1227 825 1299 883 qnos
1322 809 1347 868 si
1370 808 1434 867 nihil
1456 823 1485 866 se

280 921 409 976 moueret
429 915 525 990 turba,
555 917 694 992 plurimos
723 922 823 976 nosset
851 917 969 990 ingenio
992 914 1071 974 felici
1096 930 1258 990 magnoque
1277 912 1388 986 judicio
1408 928 1484 986 prae

280 1019 355 1080 ditos
374 1037 429 1080 noo
451 1021 565 1096 vulgari
589 1020 736 1096 doctrina,
758 1026 903 1094 postremo
926 1020 981 1080 sibi
1002 1035 1119 1093 semper
1136 1019 1259 1077 antehac
1275 1018 1351 1076 uisos
1366 1017 1484 1090 integros

280 1141 314 1186 sc
344 1125 406 1200 pios
434 1125 572 1184 homines.
617 1124 744 1184 Proinde
769 1141 858 1199 saepe
881 1141 981 1184 secum
998 1139 1030 1183 se
1052 1123 1225 1181 demiratum
1249 1137 1329 1195 esse,
1362 1121 1424 1195 quid
1445 1120 1483 1177 illi

278 1228 411 1290 viderent
440 1229 471 1288 ln
502 1219 617 1303 scriptis
638 1229 774 1304 Lutheri,
807 1228 885 1302 quod
912 1234 972 1287 tam
993 1227 1192 1302 pertinacibus
1214 1226 1316 1285 studiis
1338 1226 1484 1298 amplecto·

278 1339 379 1392 rentur
407 1349 442 1394 ac
469 1337 606 1393 tenerent
634 1333 786 1392 mordicus.
832 1332 964 1392 Veritum
996 1349 1027 1391 se
1051 1347 1117 1391 esse
1140 1345 1363 1403 nonnunquam,
1391 1344 1424 1386 ne
1443 1327 1483 1385 sui

279 1437 404 1512 stuporis
426 1443 519 1512 esset,
537 1438 584 1512 qui
609 1453 645 1498 es
664 1453 721 1497 non
744 1439 937 1512 perspiceret,
961 1452 1035 1510 quae
1058 1437 1101 1495 illi
1123 1436 1213 1494 veluti
1235 1433 1390 1509 perspicua
1409 1437 1483 1491 tanta

279 1557 342 1600 cnm
363 1537 469 1600 liducie
490 1545 626 1616 tantoque
649 1557 791 1602 consensu
813 1547 974 1601 tuerentur.
1019 1541 1086 1599 Non
1110 1556 1175 1600 csse
1194 1540 1299 1612 igitur,
1322 1537 1397 1612 quod
1413 1537 1482 1610 quis

277 1660 334 1720 que
358 1644 554 1720 reprehendat
574 1661 656 1706 suam
679 1647 905 1720 cunctationem,
933 1661 1021 1719 quum
1044 1645 1151 1704 lentius
1174 1647 1327 1702 cunctatus
1350 1643 1388 1700 sit
1409 1640 1482 1698 diuus

278 1747 422 1819 Hilarius,
445 1753 600 1822 antequam
629 1749 658 1808 iu
681 1749 804 1810 Arianos
827 1749 987 1823 stringeret
1008 1747 1170 1808 calumum}
1214 1746 1328 1806 Similia
1349 1743 1481 1804 multain

279 1852 408 1928 epistolis
442 1853 503 1928 dus
534 1851 572 1912 ad
601 1852 728 1914 diversos
757 1853 888 1913 homines
915 1859 1087 1926 occurrunt,
1120 1867 1215 1924 neque
1238 1851 1365 1910 dubitari
1386 1852 1479 1921 potest,

278 1957 347 2032 quin
361 1956 556 2018 cenomantico
576 1973 646 2017 suae
667 1956 864 2018 dubitationes
883 1959 997 2016 sinemo
1020 1957 1128 2030 ubique
1151 1955 1336 2028 expresserit
1379 1950 1479 2011 moen

277 2061 372 2122 animo
394 2059 613 2120 Melanchthoni
636 2061 753 2134 scribit,
777 2078 824 2136 ,se
844 2063 967 2121 ueritum
984 2076 1049 2120 esse
1064 2060 1207 2119 hactenus
1221 2055 1399 2118 labefactare
1413 2071 1478 2130 quac

275 2165 465 2240 displicerent
485 2166 515 2224 iu
537 2165 681 2238 humero,
704 2182 742 2226 ne
765 2167 851 2226 simul
874 2172 996 2225 ruerent
1018 2171 1049 2224 et
1071 2165 1251 2239 approbata‘
1296 2163 1353 2222 Pro
1373 2161 1479 2235 ingemo

275 2285 329 2330 sno
358 2269 395 2330 ad
424 2268 639 2344 disquirendum
670 2275 700 2329 et
729 2268 947 2344 disceptandum
969 2275 1039 2328 usto
1061 2270 1092 2326 in
1112 2269 1251 2327 contortis
1273 2263 1478 2340 quaestionibus

275 2373 434 2448 scepticum
461 2375 665 2448 potiusquam
695 2373 890 2447 dogmaticum
912 2389 1002 2448 agere
1020 2373 1138 2432 mauult.
1178 2373 1339 2431 Praeterea
1355 2370 1478 2442 scriptam

273 2477 402 2536 litteram
424 2477 502 2534 inter
524 2477 600 2536 uiros
623 2478 685 2536 ueri
700 2477 844 2536 studiosos
859 2479 945 2537 uiuae
961 2478 1024 2536 coci
1039 2475 1269 2551 posthabendam
1285 2475 1410 2546 censuit,
1430 2469 1479 2530 loe

275 2580 362 2638 usis
389 2581 477 2638 etiam
506 2581 707 2654 periculosam.
752 2579 854 2654 ltaque
876 2581 972 2640 eidem
993 2581 1229 2653 hislanchthoni,
1259 2586 1330 2638 tunc
1348 2579 1384 2636 de
1404 2592 1478 2651 prae

275 2681 469 2741 destinatione
498 2697 563 2742 cum
588 2683 716 2742 humero
745 2685 902 2762 sentienti,
933 2684 971 2744 de
992 2685 1064 2744 locis
1083 2685 1147 2756 eius
1168 2683 1341 2756 theologicis
1359 2680 1477 2739 libentis

274 2785 347 2846 sime
375 2785 514 2861 perlemis
540 2785 657 2850 scribit.
690 2787 784 2856 ,iuter
810 2786 965 2862 legendum
992 2803 1025 2846 sc
1054 2788 1196 2861 scrupulis
1218 2787 1329 2859 aliquot
1349 2783 1477 2844 stomun

274 2903 356 2955 esse,
387 2889 425 2950 ds
458 2889 562 2964 quibus
591 2890 729 2950 uoluisset
763 2908 828 2950 cum
860 2909 897 2952 eo
925 2893 1139 2952 communicare
1168 2893 1193 2949 si
1223 2890 1478 2960 comminuisset,

271 2993 371 3054 ridere
403 3011 436 3056 se
468 2993 634 3068 coensium
666 2995 761 3054 aciem
791 2996 911 3069 pulchre
941 2997 1113 3056 instructam
1142 2995 1281 3054 mersus
1304 2992 1476 3067 tyrannidem

270 3099 481 3174 marinianu,
508 3099 562 3160 sed
590 3099 621 3158 in
644 3099 690 3158 his
710 3100 854 3174 quaedam
877 3117 959 3167 esse,
988 3116 1064 3173 quae
1086 3117 1119 3160 se
1142 3116 1201 3158 non
1223 3099 1340 3172 assequi
1362 3099 1476 3170 mgsnm

270 3200 418 3269 intrature
447 3203 590 3277 quaedam
623 3205 688 3278 ejus
716 3204 848 3280 genens.
877 3211 908 3263 ut
936 3205 1050 3264 coensi
1072 3211 1166 3263 tutum
1189 3207 1268 3261 essm
1289 3202 1383 3262 nollet
1403 3194 1477 3275 profi·

270 3305 328 3366 teri
355 3314 474 3380 psopter
502 3308 727 3372 conscientian.
756 3315 786 3366 et
809 3313 907 3366 umen
929 3309 1000 3366 istos
1016 3308 1149 3367 honines
1169 3301 1223 3385 (do
1245 3307 1369 3365 illaesi
1391 3302 1479 3362 simili·

270 3407 324 3466 bus
346 3403 488 3482 tquiturl
517 3409 644 3470 beurere
672 3411 703 3468 in
726 3427 759 3470 se
780 3410 859 3484 quod
880 3411 933 3470 illa
954 3427 1012 3470 non
1035 3409 1225 3484 profiteaturf
1268 3409 1307 3467 Et
1329 3411 1362 3467 in
1384 3406 1476 3468 eudem

271 3511 458 3570 mentuenda
479 3514 602 3586 epistole
624 3513 741 3572 scribit:
771 3514 876 3579 ,Immo
897 3516 955 3574 nisi
976 3513 1136 3588 iireberga
1156 3521 1217 3574 un
1237 3515 1339 3587 procul
1361 3513 1478 3571 abfflt

270 3630 329 3672 mm
358 3613 537 3674 cutiam
565 3617 641 3676 istuc
670 3614 813 3689 melich-i
840 3617 905 3678 dies
930 3620 1057 3691 aliquot.
1083 3635 1148 3677 cun
1178 3617 1309 3676 luthero
1339 3623 1370 3675 et
1392 3623 1478 3674 tecum

270 3719 552 3780 summissim*
607 3719 747 3780 &militer
775 3723 838 3794 jusu
872 3735 961 3782 ntea
992 3723 1088 3782 eidem
1121 3720 1313 3795 scripserat¹
1369 3721 1478 3780 ffinoero

268 3825 368 3882 uiuo
401 3831 430 3881 et
453 3821 562 3882 demere
585 3832 614 3882 et
637 3823 736 3883 duxeri
763 3834 884 3898 paratus
904 3842 971 3886 nme
993 3826 1049 3884 sbi
1071 3825 1233 3884 vilet-ru.
1276 3824 1354 3882 h'u
1375 3835 1477 3883 mter&

268 3929 295 3986 si
321 3927 481 4002 l'itetnuzre
507 3928 627 4002 plautius
656 3927 811 3990 musae.
840 3930 909 3988 illuc
938 3927 1081 4003 mmsis-i
1113 3947 1202 3988 ausus
1229 3935 1326 3990 esset.
1353 3928 1476 3987 dubitus

268 4031 411 4104 qusqua-
432 4032 550 4104 puerit

355 4133 415 4194 Sel
443 4134 496 4194 tali
519 4137 788 4194 inmunis-athenis
816 4147 847 4196 et
867 4138 1064 4196 tumueras
1085 4137 1233 4196 exul-erin
1255 4137 1403 4196 imm
1422 4147 1476 4192 on·

269 4239 340 4296 uim)
363 4253 420 4296 ωι
442 4239 608 4300 urebatur.
651 4239 745 4311 cusu
764 4240 804 4298 aul
826 4241 994 4299 memnon
1016 4251 1046 4300 et
1068 4242 1213 4315 *ndu
1227 4241 1354 4299 minc
1368 4241 1476 4298 idmst!

269 4352 362 4404 m.
394 4341 474 4400 iuter
505 4352 547 4400 na
580 4342 750 4416 misena
777 4345 896 4414 nausia
922 4344 962 4402 aul
990 4345 1106 4402 cnihte
1127 4342 1346 4417 drmit-h
1368 4351 1475 4400 eteuu-

359 4558 387 4604 tl
405 4555 471 4618 tax
493 4555 571 4612 xlx,
590 4563 647 4608 uis
668 4563 692 4608 t
