3202 5058
774 299 940 350 Prsnrsno.

1369 389 1465 396 ——nn

342 528 407 588 Iam
432 533 516 605 peto,
546 531 580 586 ut
607 526 660 586 illn
689 525 789 585 omnia
813 543 875 584 uns
900 543 969 585 cum
998 526 1106 586 ceteris
1134 526 1205 586 libri
1235 527 1296 587 mei
1324 527 1466 604 partibus,

255 649 432 726 quibuscum
454 665 514 708 uno
536 647 701 723 eodemque
722 645 847 706 oonsilio
868 665 903 706 ac
924 648 984 706 fine
1003 664 1139 708 connexa
1161 652 1248 722 sunt,
1271 647 1370 706 denuo
1389 648 1466 723 diju-

254 769 398 832 dicentur.
434 768 515 843 Quae
537 767 700 828 adversarii
721 767 819 826 allatis
840 767 1026 844 argumentis
1049 768 1126 828 serio
1146 773 1249 828 contre
1270 787 1319 829 me
1341 769 1466 846 egerint,

255 890 416 967 ungente
436 887 638 950 examinabo}
683 887 741 962 Qu
761 907 832 948 vero
852 906 902 948 res
919 869 1117 965 gebeima
1134 889 1254 950 monuo
1276 895 1467 966 praetereunt

254 1029 290 1071 ac
321 1011 523 1085 diseimrdant,
556 1009 676 1087 singule
712 1010 881 1087 levioraque
916 1008 1043 1070 clamore
1078 1009 1179 1086 potius
1212 1015 1244 1072 et
1276 1011 1466 1073 contumeliis

254 1151 343 1210 quem
364 1132 550 1210 argumentis
571 1132 750 1208 impugnent
778 1130 828 1190 vel
849 1129 1100 1208 disputationibus
1123 1132 1186 1192 suis
1217 1132 1369 1206 ,excolant
1391 1133 1464 1193 cuii·

253 1271 332 1328 cem,
353 1253 500 1314 eemelum
521 1251 674 1330 glutiunt,‘
696 1269 748 1312 eos
770 1251 1004 1312 contemnendos
1026 1268 1092 1312 esse
1107 1249 1195 1314 multi
1216 1252 1307 1312 etiam
1321 1253 1466 1312 Romano-

253 1375 390 1436 cctholici
427 1393 545 1434 mecum
571 1373 799 1434 arbitrabuntru.
857 1372 1026 1448 Supersunt
1055 1373 1150 1447 enim,
1186 1374 1238 1452 qui
1267 1393 1286 1433 e
1312 1379 1465 1450 grassante

253 1495 317 1555 illic
337 1496 400 1556 veri
421 1495 562 1572 neglectu
584 1499 616 1554 et
636 1498 809 1570 contemptu
830 1493 997 1554 abhorrent
1042 1492 1174 1567 Quorum
1200 1511 1380 1572 quemquem
1400 1495 1465 1571 plu-

254 1616 323 1676 rimi
356 1616 471 1677 occulte
500 1621 657 1692 gementes
694 1615 849 1675 silentium
880 1619 1000 1686 tenent,
1036 1618 1138 1675 nmen
1175 1615 1320 1691 patefacte
1348 1615 1466 1691 mugitis

253 1736 358 1796 talium
380 1736 510 1814 suspiria
531 1735 565 1795 in
587 1735 806 1813 prolegomenis
828 1752 992 1795 memorare
1015 1735 1112 1813 potui;
1135 1735 1193 1796 alis
1215 1736 1352 1813 ejusdem
1373 1735 1465 1796 enimi

253 1856 378 1930 indicia,
406 1875 482 1934 quae
514 1856 632 1934 publice
667 1855 797 1933 proferre
831 1856 912 1928 nolo,
940 1855 1030 1916 etiam
1062 1856 1233 1933 nuperrime
1261 1856 1463 1916 animadverti.

255 1977 337 2036 Viris
367 1978 460 2054 igitur
481 1977 608 2038 eruditis
630 1977 683 2054 qui
706 1977 749 2036 ita
770 1976 917 2049 sentiunt,
948 1976 975 2036 si
997 1993 1057 2036 non
1079 1993 1162 2050 mee,
1183 1980 1215 2036 et
1235 1974 1353 2036 Erasini
1375 1978 1465 2037 verbe

253 2099 334 2160 heud
355 2099 472 2176 ingrate
492 2098 555 2158 fore
577 2097 701 2158 confido.
744 2097 802 2157 Hic
824 2097 905 2156 enim
927 2097 1078 2173 scepticus
1101 2095 1204 2174 (quem
1219 2096 1340 2173 quidem
1354 2097 1463 2157 Lutbe-

253 2218 472 2296 supputabat),
494 2236 587 2296 quum
607 2218 715 2278 iisdem
737 2217 840 2292 malis,
870 2220 946 2295 q'use
968 2217 1014 2276 ilii
1033 2234 1114 2276 nuno
1135 2222 1372 2294 conqueruntur,
1395 2235 1463 2277 oon·

179 2389 184 2397 .
253 2345 367 2402 stanter
394 2343 575 2412 occurreret,
604 2355 768 2416 numquam
797 2337 945 2397 dubitavit
975 2337 1048 2414 quin
1076 2337 1187 2398 veritas
1209 2337 1241 2396 in
1264 2337 1390 2397 ecclesia
1409 2355 1464 2414 per

252 2479 378 2540 eamque
408 2460 440 2520 in
470 2459 610 2558 tmiverso
639 2460 709 2520 orbe
737 2459 845 2518 victrix
872 2457 994 2519 tandem
1020 2458 1120 2518 inim
1148 2463 1244 2532 esset,
1272 2475 1371 2536 neque
1393 2475 1462 2518 vero

251 2587 365 2644 tantam
387 2599 472 2659 spem
493 2580 685 2640 inhumanis
708 2579 822 2640 viribus
845 2579 898 2640 sed
921 2579 953 2639 in
975 2578 1038 2639 solo
1059 2579 1205 2640 ecelesiae
1226 2577 1353 2640 Domino
1375 2579 1462 2640 collo-

251 2704 343 2764 cabat
389 2701 486 2777 Quare
512 2701 684 2779 quicunque
715 2701 824 2762 sinceri
847 2699 1009 2762 Christiani
1039 2704 1124 2776 sunt,
1154 2700 1217 2760 sive
1239 2700 1378 2762 catholici
1398 2699 1461 2760 sive

251 2823 418 2900 evangelici
439 2822 639 2899 cognominis,
667 2821 690 2880 ii
712 2822 739 2882 si
761 2823 842 2881 hunc
863 2822 961 2882 virum
982 2823 1072 2900 probe
1088 2821 1304 2906 perspexerint,
1327 2820 1462 2898 quamvis

251 2945 289 3004 de
325 2943 503 3022 qmbusdam
534 2943 624 3004 rebus
658 2943 726 3018 jure
762 2960 832 3002 eum
867 2941 1103 3018 reprehendant,
1134 2945 1236 3001 tamen
1266 2941 1462 3001 christianum

251 3069 357 3144 pectus
379 3082 448 3125 cum
469 3063 544 3123 miro
566 3063 688 3139 ingenio
710 3062 945 3122 numerante
966 3061 1163 3136 cunjunctam
1190 3061 1223 3120 in
1245 3079 1280 3120 eo
1299 3065 1462 3137 agnoscent

251 3186 367 3266 sibique
387 3185 524 3246 omnibus
546 3184 635 3244 etiam
658 3201 739 3244 nunc
760 3182 937 3243 discendum
958 3181 1071 3260 aliquid
1091 3182 1128 3240 ab
1149 3197 1273 3242 ecesse
1288 3181 1460 3242 concedent

337 3341 423 3400 Halis
444 3340 472 3398 d.
495 3339 518 3400 1.
542 3357 582 3400 m.
605 3338 686 3415 Sept.
709 3357 736 3400 c.
757 3335 1046 3398 ufflcccnxxxn.

1052 3517 1090 3587 0.
1112 3517 1372 3588 schlettmnnn.
1427 3519 1432 3532 ’

255 3679 508 3691 -.—---—-

339 3815 366 3882 1)
383 3813 421 3864 Gi.
439 3829 504 3880 quse
523 3815 634 3864 extremo
653 3827 708 3878 cap.
721 3812 742 3862 1.
761 3827 787 3877 p.
803 3815 835 3863 26
851 3811 920 3862 dicte
938 3813 1004 3862 sunt.
