3188 5086
243 297 296 356 130
733 295 835 348 Pharus
854 291 969 347 Paionia

243 515 387 588 patronis,
418 517 522 586 utpote
547 512 595 586 qui
618 511 806 571 christianam
828 512 982 570 ecclesiam
1004 528 1062 570 non
1084 511 1265 584 spiritualem
1288 511 1464 569 communio-

243 634 310 676 nem
337 617 390 676 sed
417 617 569 690 imperium
591 623 742 676 externum
774 633 839 674 esse
869 616 993 690 uellent,
1016 616 1068 674 aab
1091 616 1173 688 Papa
1201 617 1401 690 constitutum,
1431 616 1463 673 in

243 737 299 794 quo
321 721 359 779 ad
381 721 507 794 ipsorum
534 725 634 778 nutum
656 720 753 777 omnia
775 725 956 792 gererentur.
1001 720 1035 778 In
1058 719 1114 779 boc
1134 720 1247 778 scilicet
1268 735 1368 778 omnes
1392 734 1460 777 con·

244 825 366 898 sentire,
391 825 463 884 licet
484 825 557 882 alias
579 825 743 897 titulorum,
766 824 904 898 vestium,
932 824 1053 897 rituum,
1084 825 1293 882 sententiarum
1317 823 1459 880 varietate

244 930 322 988 inter
340 945 373 987 se
394 933 550 988 certantes.
586 927 683 998 Quare
705 927 778 1001 illos,
801 927 832 985 id
854 927 929 1000 quod
943 927 1082 986 Erasmus
1105 927 1198 1000 ipsum
1211 926 1310 1000 Papac
1326 927 1459 998 scribam,

152 1089 155 1096 .
244 1030 418 1105 Grunnium,
447 1030 605 1090 admonere
637 1027 758 1103 audet‚¹
786 1031 992 1090 auctoritatem
1015 1027 1210 1104 Pontificiam‚
1244 1031 1357 1102 quoties
1389 1030 1459 1101 ipsis

244 1135 394 1195 commoda
422 1141 508 1209 atque
539 1135 617 1193 utilis
649 1135 699 1208 sit,
730 1135 883 1194 immodice
911 1135 1008 1194 uerbis
1039 1136 1179 1194 extollere
1211 1138 1242 1193 et
1269 1149 1459 1208 exaggerare,

244 1242 357 1314 quoties
386 1238 584 1312 incommoda,
613 1239 737 1298 eandem
760 1255 813 1312 pro
836 1241 943 1311 stipula
973 1239 1083 1298 habere
1114 1245 1144 1297 et
1166 1243 1266 1296 contra
1289 1234 1459 1297 Pontificem

245 1344 373 1403 animose
390 1341 584 1417 contendero,
608 1343 725 1417 ‚edictis
748 1345 811 1418 ejus
833 1349 950 1402 strenue
973 1341 1145 1416 oppedere‚‘
1165 1343 1236 1415 ipsis
1255 1341 1378 1400 dominis
1399 1341 1459 1399 suis

244 1446 323 1506 baud
345 1463 413 1506 raro
435 1445 640 1505 formidabiles.
685 1445 766 1504 Nihil
788 1463 856 1505 vero
876 1448 967 1520 magis
990 1463 1109 1505 exosum
1128 1446 1164 1504 iis
1180 1461 1245 1504 ease
1261 1461 1347 1518 quam
1366 1444 1458 1503 bonas

245 1551 358 1609 litteras
382 1555 413 1608 ct
434 1551 598 1623 linguarum
617 1549 725 1624 studia,
748 1565 822 1622 quae
845 1549 894 1608 ubi
916 1551 993 1608 serio
1012 1555 1043 1608 et
1062 1549 1190 1608 funditus
1210 1549 1325 1608 exculta
1338 1546 1458 1620 neunt,

245 1671 328 1712 suum
349 1670 471 1726 ragnum
494 1657 572 1712 stare
595 1670 654 1712 non
675 1669 759 1726 posse
783 1653 956 1712 dirimentur.
1001 1653 1162 1727 Propterea
1190 1653 1278 1710 etiam
1299 1653 1330 1709 in
1352 1652 1457 1711 scholis

245 1757 385 1815 barbaras
414 1755 577 1830 theologiae
608 1757 815 1830 scholasticae,
842 1755 1009 1827 jamdudum
1039 1755 1253 1830 degeneratae,
1284 1755 1457 1814 traditiones

245 1860 389 1919 mordicus
412 1864 515 1919 tencre
538 1867 568 1918 et
589 1865 691 1918 contm
712 1860 930 1918 illucescentem
951 1861 1101 1919 mehorem
1124 1860 1275 1919 scientiam
1297 1859 1457 1918 deiendcrc

245 1965 436 2038 conabantur,
466 1963 542 2037 quod
571 1981 659 2037 quum
685 1964 742 2022 nisi
769 1965 875 2022 violato
896 1965 1027 2023 veritatis
1057 1970 1088 2023 ct
1110 1965 1241 2038 justitiae
1260 1979 1354 2031 vsensu
1376 1961 1459 2022 adhi-

245 2068 369 2142 bitisque
393 2068 556 2143 sophisticis
576 2067 686 2128 artibus
707 2065 771 2126 fieri
786 2068 965 2127 nullomodo
985 2074 1096 2142 posset,
1118 2069 1256 2127 Erasmus
1271 2085 1329 2126 nou
1344 2073 1457 2126 tantum

244 2171 412 2246 pharisaeos
442 2172 494 2231 sed
522 2173 610 2232 etiam
640 2172 782 2244 sophistas
812 2173 961 2231 nominare
991 2189 1041 2232 eos
1070 2173 1170 2230 solitus
1198 2178 1251 2232 est.
1297 2171 1404 2243 Quibus
1425 2173 1458 2229 in

244 2277 444 2349 oppugnandis
464 2275 567 2334 eadem
589 2276 678 2334 nimia
697 2275 842 2334 interdum
857 2277 996 2335 violentia
1010 2277 1052 2334 cti
1068 2276 1167 2334 amicis
1182 2274 1347 2350 videbatur,
1370 2291 1457 2348 quam

244 2379 306 2452 ipse
327 2385 429 2452 postea
449 2380 480 2437 in
500 2379 629 2438 Lntharo
651 2381 842 2452 vituperabat.
888 2381 920 2438 In
943 2381 1107 2438 universum
1129 2384 1227 2439 tamen
1247 2381 1334 2438 etiam
1354 2379 1457 2437 adver·

244 2483 329 2540 soriis
347 2484 456 2555 justum
478 2498 510 2540 sa
532 2483 675 2554 praebere
698 2481 849 2556 studebat3
872 2489 971 2558 erant,
993 2501 1077 2558 ‚quos
1095 2484 1300 2558 superstitione
1318 2499 1456 2556 peccasse

244 2585 336 2658 magis
355 2602 441 2658 quam
463 2585 607 2644 malitiosa
626 2586 787 2644 uoluntate‘
810 2587 1017 2661 arbitraretur3
1040 2588 1177 2661 quosdam
1192 2589 1229 2646 ad
1244 2587 1458 2660 agnoscendam

245 2689 398 2747 terimam
427 2687 547 2760 perduci
571 2703 657 2762 posse
686 2706 744 2748 non
766 2690 948 2764 desperabat.
981 2691 1038 2754 ¹,Ea
1060 2697 1157 2750 monte
1180 2691 1217 2750 ad
1239 2692 1455 2759 Hocbstratum,

244 2791 381 2866 Eckium,
404 2791 545 2867 Reddam,
569 2793 643 2851 alios
664 2793 727 2866 ipse
751 2795 887 2867 epistolas
910 2795 1032 2868 scripsit.
1088 2795 1236 2854 scotiam
1256 2797 1334 2853 inter
1355 2809 1457 2852 mona-

245 2895 314 2954 chos
342 2895 449 2954 amicos
471 2895 580 2955 habore
603 2911 672 2955 vere
695 2897 758 2970 pios
780 2903 811 2956 et
834 2898 974 2973 eruditos,
1003 2899 1132 2958 oblivisci
1158 2899 1304 2958 interdum
1326 2897 1457 2970 videtur3

244 2999 375 3058 meminit
396 3004 507 3074 tamen,
531 3001 645 3074 saepius
668 2999 777 3060 diserte
801 3017 851 3061 eoa
874 3001 1054 3074 distinguens
1078 3020 1096 3062 a
1115 3001 1384 3076 pseudomonachis,
1406 3002 1457 3074 qui

243 3103 299 3161 sibi
322 3103 391 3162 solis
412 3103 559 3177 religionis
582 3109 614 3161 et
635 3105 837 3178 religiosorum
860 3106 1000 3164 vocabula
1022 3112 1172 3181 arrogent,
1196 3107 1282 3180 ‚vitiis
1304 3104 1456 3178 indulgere

243 3208 308 3266 leve
340 3207 461 3282 ducant,
493 3213 605 3267 vestem
626 3209 754 3282 abjicere
777 3209 1021 3268 abominandum‘
1070 3211 1199 3270 Historia
1221 3210 1295 3270 duce
1318 3208 1457 3284 ostendit,

244 3315 382 3381 quantum
411 3313 586 3371 monasteria
607 3313 750 3385 quondam
778 3311 940 3387 profuerint
969 3315 1125 3389 ecclesiae,
1152 3314 1204 3374 aed
1231 3313 1340 3374 refellit
1366 3313 1456 3372 falsas

243 3413 393 3484 opiniones
416 3413 452 3472 de
475 3415 634 3488 apostolica
656 3417 843 3476 monachatus
865 3418 994 3491 origine;
1025 3418 1301 3492 augustinianorum
1330 3433 1457 3491 quorun·

244 3513 310 3572 dam
347 3515 420 3573 irarn
464 3520 591 3577 excitare
629 3535 687 3577 non
724 3526 856 3593 veretur,
896 3539 984 3594 quum
1017 3529 1148 3581 sanctum
1175 3523 1367 3596 Augustinum
1396 3536 1457 3580 uon

244 3619 350 3692 alem,
380 3620 481 3692 quales
511 3622 567 3695 ipsi
604 3623 675 3697 sint,
712 3626 882 3684 monachum
916 3627 1028 3700 pariter
1058 3629 1194 3686 vestitum
1223 3625 1312 3686 brisso
1343 3626 1456 3699 probat

244 3721 306 3780 Nec
340 3723 424 3782 modo
453 3725 628 3799 singulorum
655 3727 818 3804 hominum,
848 3743 949 3787 varum
983 3731 1072 3789 etiam
1103 3732 1230 3804 ipsarum
1253 3731 1350 3804 legum
1371 3728 1456 3787 insti·

243 3831 428 3901 tutorumque
459 3828 565 3889 damna
594 3829 734 3906 detegere
763 3850 821 3892 non
851 3833 972 3893 dubitat.
1024 3835 1158 3894 Pluribus
1188 3836 1271 3894 annis
1299 3839 1455 3906 antequam

242 3930 388 3992 Lntharns
419 3939 537 3994 exortus
570 3941 664 4011 esset,
696 3936 733 3996 ad
756 3936 916 3996 Grunnium
945 3939 1069 3997 scribam
1100 3940 1182 3998 iilum
1208 3941 1282 3998 haec
1313 3938 1455 4012 epistolae

243 4033 332 4094 verba
357 4036 446 4096 mittit
466 4038 559 4098 Leoni
579 4039 615 4100 X.
644 4041 781 4114 legenda:
817 4041 861 4118 ‚si
889 4058 958 4101 vere
984 4043 1096 4114 piorum
1119 4061 1153 4102 ac
1174 4043 1365 4118 spiritualium
1387 4057 1456 4100 sen·

125 4139 127 4143 '
242 4139 336 4196 tenda
362 4141 426 4212 plus
454 4144 569 4202 valeret
600 4161 685 4218 quam
719 4161 880 4206 crassorum
908 4147 1035 4220 judicia,
1070 4147 1180 4206 nullum
1209 4147 1329 4222 posthac
1357 4151 1457 4204 votum

242 4239 395 4303 insolubile
418 4251 537 4318 praeter
557 4253 626 4308 vota
648 4249 802 4324 baptismi‘

332 4563 356 4630 1)
376 4563 628 4628 Oi.epp.XX1Vs.
664 4567 702 4618 cf.
722 4568 785 4632 XX,
807 4577 852 4636 14;
876 4573 970 4638 XXII,
990 4581 1034 4638 293
1058 4576 1164 4641 xxm,
1184 4583 1199 4629 6
1217 4585 1264 4631 etc.
