3202 5058
718 260 810 310 Carrr
828 261 862 310 11.
1362 271 1396 322 39

182 488 235 529 suo
265 468 422 530 Helelium.
473 469 575 544 Neque
604 473 685 544 parvi
712 473 933 544 aestimabatur,
970 477 1045 550 quod
1075 479 1192 539 1111111
1223 496 1255 539 11
1282 498 1396 542 errasse

182 575 274 634 etiam
301 574 398 646 palam
425 575 495 633 licet
521 581 607 634 caute
633 575 799 636 declaravit
844 578 889 638 De
921 595 958 638 ea
987 595 1021 638 re
1043 581 1250 658 Fraucogellns
1272 585 1396 660 quidum,

181 681 232 752 qui
255 677 469 737 Constantiensi
488 680 641 738 couventui
664 678 810 757 adfuerat,
833 683 906 741 haec
928 683 1019 742 verbs
1037 687 1167 759 scripsit:
1191 689 1397 763 ,Vehementer

181 783 401 841 commiseratus
424 798 487 840 sum
511 783 589 841 hunc
616 783 780 858 episcopum
807 787 869 845 visu
896 787 1046 848 liberalem
1065 795 1097 847 et
1118 790 1231 865 mitem,
1263 809 1396 853 sermone

181 886 377 958 moderatum,
407 886 456 958 qni
483 887 619 944 uniuerso
648 887 749 946 habitu
771 905 824 947 suo
847 889 935 948 talem
958 892 1140 965 episcopatus
1161 899 1259 967 typum
1281 909 1317 954 ac
1338 895 1396 956 lor-

180 1007 260 1048 mam
293 988 463 1063 exhibebat,
505 990 619 1063 qualem
653 993 762 1064 posteri
792 1008 851 1052 uon
883 995 1006 1068 amplius
1038 993 1184 1056 videbunt
1238 997 1294 1069 Qui
1327 999 1395 1060 dum

180 1094 421 1152 retractationem
450 1109 531 1152 suam
551 1093 730 1154 balbutiebat
756 1101 788 1154 et
808 1097 974 1157 intellectus
1004 1099 1048 1158 sui
1071 1099 1281 1160 mutilationem
1308 1099 1395 1177 perfi-

181 1199 295 1272 ciebat,
329 1199 432 1256 beatus
466 1196 597 1272 proiecto
626 1205 656 1258 11
682 1199 852 1260 inridendus
877 1201 902 1259 is
927 1201 996 1260 mihi
1033 1203 1110 1262 dens
1141 1209 1201 1278 est,
1233 1207 1315 1280 cujm
1347 1207 1395 1265 vel

180 1318 288 1360 nomen
310 1301 442 1375 prolerre
465 1303 597 1362 oratione
619 1317 673 1362 sua
694 1302 745 1362 ille
767 1303 933 1379 verebatur,
954 1305 1115 1366 iohannem
1137 1307 1270 1382 Hussnm,
1292 1309 1342 1382 qni
1364 1309 1395 1368 in

183 1405 286 1466 eadem
319 1403 392 1465 urbe
419 1406 547 1464 comburi
574 1423 660 1480 qnam
690 1407 896 1468 conscientiam
919 1423 955 1468 ac
976 1407 1061 1469 fidem
1083 1409 1228 1486 denegare
1250 1409 1395 1472 maluit‘¹

181 1509 336 1583 Addimus,
365 1508 480 1568 beatam
508 1516 538 1568 et
564 1509 763 1586 invidendum,
793 1512 817 1570 si
845 1529 908 1570 cum
937 1513 1040 1572 eodem
1068 1511 1233 1573 doctissimo
1257 1515 1393 1590 episcopo

181 1619 379 1688 comparetur,
414 1615 502 1673 etiam
528 1615 672 1674 Amulium
709 1613 745 1674 de
773 1615 898 1675 Lasaulx
936 1633 1065 1677 sororem
1103 1617 1182 1678 illam
1212 1618 1394 1679 Β11111111

181 1718 265 1776 nobis
287 1717 395 1794 videri,
422 1733 511 1793 quae,
540 1736 626 1792 quum
647 1735 750 1778 novum
777 1720 882 1796 dogma
908 1727 1088 1796 repugnante
1110 1723 1288 1782 couscientia
1309 1723 1396 1785 conli-

181 1822 239 1880 teri
265 1823 370 1896 nollet,
398 1825 461 1898 jam
486 1823 615 1896 graviter
641 1829 795 1900 aegrotans
825 1841 861 1884 ex
889 1824 973 1884 domo
1002 1826 1145 1901 caritatis,
1178 1827 1225 1885 cui
1254 1843 1308 1902 per
1336 1831 1395 1888 tria

183 1923 326 1985 decennia
354 1927 505 2000 praeclare
535 1926 715 2003 praefuerat,
748 1944 767 1986 a
800 1927 935 1988 iauahcis
960 1929 1123 1989 hominibus
1153 1930 1284 2006 expulsa,
1316 1933 1394 1992 inter

184 2047 285 2088 eorum
312 2031 479 2091 vexationes
509 2038 540 2091 et
568 2031 693 2092 ludibria
714 2033 837 2107 ,bonum
859 2039 1007 2092 certarnen
1031 2033 1168 2108 certavit,
1190 2049 1303 2093 cursum
1326 2051 1394 2094 con·

184 2135 349 2209 summovit,
372 2133 459 2194 fidem
476 2135 620 2195 servavit‘

271 2237 348 2298 Satis
370 2244 440 2298 1111
462 2255 497 2298 ac
516 2239 624 2299 detrita
646 2246 727 2314 suut,
749 2255 825 2312 quac
848 2239 914 2300 ideo
933 2241 1117 2313 interponere
1134 2237 1275 2299 Pontificii
1291 2241 1395 2317 solent,

184 2347 217 2401 ut
245 2344 386 2417 episcopis
416 2341 596 2402 Germanicis
627 2344 749 2418 aliisque
773 2343 967 2404 foedissimam
1000 2345 1085 2404 istam
1111 2345 1333 2405 inconstantium
1365 2353 1396 2405 et

184 2448 328 2524 ignauiam
355 2447 435 2506 laudi
464 2454 579 2508 vertant
607 2455 637 2508 et
666 2448 831 2524 obsequii
864 2464 963 2508 eorum
999 2447 1147 2522 gloriam
1182 2449 1394 2510 concelebrent.

184 2553 287 2613 Omnia
308 2553 442 2612 nimirum
469 2552 636 2628 pendente
661 2551 735 2613 falso
758 2559 789 2613 11
810 2553 961 2612 immodico
988 2553 1108 2612 unitatis
1131 2551 1238 2628 studio,
1259 2569 1278 2612 a
1296 2553 1396 2614 morbo

182 2658 234 2716 illo
268 2657 388 2730 Latino,
420 2674 506 2731 quem
539 2663 604 2732 poet
635 2657 801 2732 Agenorem
833 2657 1025 2730 Gaspariuum
1058 2673 1146 2732 supra
1181 2657 1394 2732 descripsimus.

184 2761 322 2836 Ejusdem
345 2761 533 2836 aegritudinis
554 2763 678 2836 somnia,
702 2763 784 2836 qnasi
806 2761 915 2822 veritas
938 2767 1048 2836 essent,
1066 2761 1125 2834 jam
1142 2760 1299 2821 Caesarum
1322 2766 1394 2821 tem·

183 2867 301 2941 poribus
327 2866 595 2940 praetendebantur
625 2857 839 2926 sordidissimae
858 2867 990 2926 servituti
1017 2872 1047 2924 et
1075 2865 1242 2924 adulationi.
1293 2863 1341 2924 Sic
1362 2867 1393 2925 iu

184 2977 287 3031 senatu
309 2969 452 3044 quondam
472 2970 609 3029 nobilium
632 2971 736 3044 aliquis
758 2970 795 3030 11
818 2969 966 3029 Tiberium
987 2945 1104 3028 1111111Ι
1121 2973 1178 3029 est:
1215 2967 1296 3044 ,Tibi
1319 2985 1394 3030 sum·

184 3093 261 3134 mum
279 3091 376 3134 rerum
393 3075 534 3150 iudicium
556 3074 607 3134 Dii
629 3074 753 3147 dedere,
782 3073 865 3133 nobis
887 3073 1048 3146 obsequii
1072 3073 1185 3147 gloria
1206 3073 1309 3131 relicta
1331 3072 1395 3132 111.ι

184 3181 224 3239 Ε1
245 3179 282 3239 ed
305 3179 428 3239 eundem
450 3179 536 3238 alins:
559 3178 667 3254 ‚Unum
689 3185 736 3236 est
752 3177 929 3252 reipublicae
952 3191 1055 3248 eorpus
1078 3181 1109 3233 11
1130 3175 1167 3234 ab
1190 3175 1275 3235 unius
1298 3177 1394 3236 animo

184 3280 384 3359 regendum.‘²
433 3285 571 3344 Similiter
597 3300 673 3342 nunc
695 3282 827 3341 Jesuitae
847 3297 919 3355 prae
945 3279 1050 3338 ceteris
1072 3277 1109 3339 de
1132 3279 1258 3338 ecclesia
1277 3281 1395 3354 ejusque

184 3387 320 3448 membris
345 3387 383 3446 ad
405 3388 514 3462 Papam
540 3387 691 3462 religionis
718 3385 815 3459 specie
845 3383 1001 3442 Caesarum
1029 3382 1204 3443 imitatorem
1230 3383 1395 3458 loquuntur,

185 3491 352 3552 deridentes
371 3491 477 3551 Christi
504 3497 535 3550 11
553 3491 638 3551 Pauli
660 3489 781 3564 apostoli
804 3487 907 3562 verba,
934 3487 1038 3561 quibus
1065 3487 1210 3547 hominum
1233 3487 1309 3548 servi
1330 3485 1393 3548 fieri

185 3601 323 3656 11111111.
366 3596 407 3655 Et
433 3597 500 3655 huic
529 3596 628 3655 servili
656 3595 752 3654 animo
779 3591 916 3653 cedentes
938 3591 1067 3666 episcopi
1089 3591 1126 3650 de
1149 3592 1252 3666 quibus
1273 3593 1396 3653 diximus

185 3699 291 3760 1111111
311 3701 349 3760 ad
369 3701 524 3760 Fenelonii
544 3699 706 3774 exemplum
726 3697 939 3772 provocabant,
975 3698 1025 3771 qui
1048 3712 1117 3756 suae
1140 3696 1312 3770 debilitatis,
1339 3715 1396 3771 qun

186 3821 284 3864 errare
306 3811 453 3880 potuerat,
475 3821 586 3864 memor
596 3800 730 3862 Pontifici
753 3808 784 3861 et
797 3801 989 3875 multitudini,
1012 3800 1182 3861 aBossueti
1197 3805 1281 3874 parte
1297 3803 1396 3874 111111,

185 3927 218 3968 se
243 3909 421 3983 subjecisset.
470 3910 510 3968 At
535 3909 556 3967 ii
580 3909 682 3982 ctiam,
712 3907 761 3980 qui
788 3905 843 3965 hoc
871 3906 990 3964 nimium
1017 3905 1048 3963 in
1078 3903 1239 3964 Fenelonio
1263 3905 1395 3978 obsequii

185 4013 272 4073 inisse
306 4019 440 4086 censent,
472 4013 553 4072 illum
581 4013 666 4087 longe
692 4011 808 4070 facilius
834 4027 919 4084 qnam
943 4009 1014 4068 istos
1040 4007 1182 4068 studiosos
1210 4011 1273 4081 ejus
1296 4007 1396 4068 lauda·

185 4125 277 4191 tores,
298 4125 427 4176 ceterum
449 4116 534 4176 valde
557 4117 620 4190 ejus
642 4116 814 4189 dissimiles,
837 4115 1022 4173 excusabunt
1067 4111 1148 4172 Tunc
1171 4111 1247 4172 enim
1270 4111 1307 4172 de
1330 4113 1396 4173 sub·

184 4223 281 4282 lilibus
305 4221 474 4296 quibusdam
500 4221 716 4296 quaestionibus
741 4219 913 4292 theologicis
936 4216 1086 4294 agebatur,
1112 4215 1274 4291 dequibus
1297 4235 1396 4278 errare

273 4463 300 4524 1)
318 4461 404 4510 Revue
422 4457 574 4508 Chrecienne
594 4461 678 4519 1880,
698 4473 722 4521 p.
742 4461 801 4506 clu.

273 4549 300 4612 2)
317 4547 401 4600 taciti
418 4549 529 4600 numios
547 4543 600 4605 vl,
618 4547 649 4604 ὃς
668 4542 696 4608 Ι,
716 4549 757 4596 12.
