3144 5092
666 272 754 328 Carnu
772 273 805 327 V.
1298 273 1349 328 127
1421 259 1424 266 Α

117 474 206 552 gnari
228 478 325 550 erant,
353 474 432 552 quod
455 475 491 534 ad
515 475 665 535 doctorum
690 475 819 536 virorum
843 477 1005 537 sententias
1028 477 1168 554 pertinet,
1192 478 1350 538 dummodo

117 583 168 641 illi
191 582 377 642 extrinsecus
401 600 433 642 se
457 583 670 660 submiserunt,
694 584 881 662 aliquatenus
904 584 1074 645 interiorem
1096 584 1244 662 cogitandi
1263 585 1350 646 liber-

118 695 212 750 tatem
240 690 399 750 concedere
427 690 507 750 soliti
535 696 613 751 sunt.
660 691 710 752 Sic
737 692 936 752 Bellarminus
964 692 1001 751 ad
1029 693 1176 768 Bruuum,
1204 693 1236 751 in
1263 695 1351 771 proii-

118 798 220 858 tendis
248 798 404 858 sententiis
428 799 491 858 suis
514 799 802 875 constantissimum,
829 799 988 860 crudeliter
1011 801 1200 860 cremandum
1223 801 1350 880 adjuvit3

120 905 301 981 Galilaeum,
326 925 504 984 quamquam
527 925 596 966 eum
619 911 750 982 systema
769 907 1003 985 Copernicanum
1025 926 1129 968 verum
1151 909 1258 969 habere
1277 909 1351 969 scie·

119 1013 184 1088 bat,
211 1019 311 1072 tamen
338 1031 431 1090 quum
458 1015 671 1074 oboedientiam
699 1015 886 1092 promisisset
912 1015 1208 1077 honorificentissime
1231 1016 1351 1076 tractari

118 1120 223 1180 voluit.
278 1121 362 1180 Idem
398 1123 530 1181 sentiens
562 1121 699 1182 Urbanus
730 1123 882 1199 Pontifex,
919 1121 1093 1201 praesertim
1129 1142 1222 1202 quum
1253 1129 1349 1184 totum

120 1227 247 1288 Galilaei
270 1228 380 1288 librum
402 1247 472 1290 vere
494 1229 698 1306 admiraretur,
722 1231 787 1290 sine
810 1230 899 1290 dubio
921 1231 953 1290 in
976 1231 1105 1308 singulis
1127 1231 1203 1308 illis,
1226 1232 1263 1292 de
1286 1233 1351 1310 qui-

120 1337 179 1396 bus
201 1335 346 1410 diximus,
370 1335 444 1396 locis
467 1337 618 1396 conniveri
640 1355 729 1414 posse
751 1338 890 1415 opinatus
913 1343 966 1398 est.

231 1443 352 1504 Summo
380 1462 449 1504 vero
477 1445 536 1522 ipsi
560 1444 691 1505 Galilaeo
714 1446 817 1506 honori
841 1451 899 1522 est,
927 1447 1006 1524 quod
1028 1446 1117 1506 istam
1140 1447 1300 1506 simulandi
1323 1453 1353 1508 et

120 1551 286 1611 mentiendi
313 1551 534 1628 nenessitatem,
562 1552 632 1612 licet
659 1571 712 1638 pro
740 1557 872 1631 tempore
899 1554 1082 1614 subeundam
1109 1573 1174 1614 eam
1202 1554 1259 1615 sibi
1286 1573 1352 1615 esse

121 1659 283 1736 putaverit,
311 1663 411 1719 tamen
437 1664 473 1718 ut
499 1659 638 1736 injuriam
666 1665 727 1720 tam
754 1661 880 1721 ecclesia
907 1680 996 1739 quam
1023 1662 1175 1739 republica
1199 1663 1352 1739 indiguam

121 1771 153 1826 et
175 1766 288 1826 inuitus
310 1771 399 1844 atque
421 1767 613 1827 contristatus
632 1786 750 1846 semper
767 1769 839 1828 tulit
856 1773 886 1830 et
903 1788 1041 1847 rumpere
1058 1770 1167 1830 iterum
1185 1771 1352 1848 iterumque

121 1891 176 1950 pro
199 1873 312 1933 viribus
336 1878 459 1934 conatus
482 1879 535 1934 est.
578 1873 674 1948 Quare
697 1893 790 1954 quum
812 1895 865 1954 per
887 1877 997 1938 amicos
1021 1877 1127 1938 certior
1149 1878 1246 1938 sactus
1265 1882 1351 1952 esset,

122 1985 234 2058 quanta
265 1981 447 2058 benignitate
478 2000 496 2040 a
526 2000 603 2042 novo
633 1983 777 2043 Pontifice
809 1989 1043 2060 exspectaretur,
1075 1989 1246 2061 recuperata
1277 1985 1353 2044 bona

122 2088 295 2148 valetudiue
317 2089 440 2149 Romam
468 2069 666 2167 profecturae,
696 2090 782 2151 Cesio
804 2090 937 2168 Principi
960 2092 1092 2169 scripsit,
1122 2109 1154 2152 se
1176 2092 1275 2168 magni
1298 2092 1352 2151 ali-

123 2196 195 2273 quid
222 2213 275 2273 pro
302 2197 453 2274 republica
480 2197 623 2258 litteraria
650 2197 760 2272 moliri,
793 2199 872 2276 quod
900 2199 959 2258 nisi
986 2217 1078 2274 nunc,
1107 2203 1150 2258 tot
1176 2199 1265 2259 rebus
1291 2204 1352 2259 tam

124 2303 299 2363 mirabiliter
325 2305 556 2381 congruentibus
584 2309 614 2365 et
636 2305 886 2383 conspirantibus,
910 2307 1029 2384 assequi
1052 2307 1246 2383 contingeret,
1275 2325 1352 2366 nun-

123 2429 213 2488 quam
240 2411 303 2471 fore
330 2417 364 2471 ut
392 2412 500 2472 similis
528 2412 593 2488 ejus
620 2412 663 2473 rei
686 2411 799 2473 occasio
823 2413 879 2473 sibi
903 2414 1023 2491 quidem
1046 2413 1257 2492 praeberetur.1
1302 2415 1352 2474 In-

123 2536 244 2594 gressus
275 2519 384 2579 Urbem
416 2519 623 2596 adjuvantibus
655 2520 758 2580 amicis
790 2520 1005 2598 potentissimis
1032 2539 1192 2600 eorumque
1219 2521 1352 2582 consiliis

124 2626 263 2686 adhibitis
289 2627 398 2686 usitata
425 2645 493 2686 cum
516 2628 673 2704 prudentia
695 2628 763 2704 egit.
815 2627 874 2689 Sed
901 2647 971 2688 mox
998 2629 1086 2705 vidit,
1118 2629 1196 2690 inter
1223 2633 1267 2689 tot
1294 2630 1352 2690 (lu-

124 2733 185 2793 riae
212 2734 343 2810 negotia,
370 2735 408 2794 ad
435 2735 590 2794 ecclesiam
618 2740 648 2795 et
674 2736 899 2814 rempublicam,
931 2736 968 2796 ad
991 2736 1109 2796 Italiam
1131 2741 1162 2798 ct
1184 2737 1353 2798 rmirersam

124 2841 286 2919 Europam,
314 2842 351 2901 ad
378 2841 490 2902 bellum
518 2847 548 2902 et
574 2861 678 2920 pacem
706 2844 869 2921 spectantia
896 2844 975 2903 haud
998 2845 1126 2905 multum
1149 2845 1207 2906 loci
1229 2845 1292 2904 dari
1315 2845 1353 2905 iis

125 2948 347 3027 quaestionibus
375 2967 450 3027 qnae
477 2950 536 3028 ipsi
563 2951 644 3010 cordi
672 2955 762 3010 erant
811 2951 859 3010 Ad
885 2952 939 3011 has
966 2952 1133 3012 bactandas
1160 2952 1249 3012 etiam
1276 2952 1354 3012 inter

125 3074 187 3131 cos,
215 3056 267 3134 qui
293 3056 353 3134 ipsi
381 3057 529 3132 favebant,
558 3075 651 3134 quum
678 3057 809 3117 omnium
837 3057 899 3118 fere
926 3058 1018 3116 animi
1046 3063 1090 3118 tot
1116 3063 1236 3136 tamque
1262 3057 1353 3118 variis

124 3163 192 3224 aliis
214 3165 302 3225 rebus
325 3165 461 3242 occupati
483 3169 595 3240 essent,
620 3182 785 3225 sermonem
808 3165 935 3240 dirigere
957 3183 1017 3224 non
1035 3165 1144 3242 potuit,
1168 3183 1258 3242 quare
1276 3165 1353 3225 mui-

124 3277 189 3332 tum
211 3272 419 3350 pretiosissimi
446 3272 588 3351 temporis
616 3289 649 3332 se
675 3272 840 3350 perdidisse
868 3271 1009 3350 queritur.
1054 3271 1257 3332 Nihilominus
1284 3291 1352 3333 cau-

125 3397 189 3439 sam
210 3379 441 3457 Oopemicanam
464 3380 553 3440 etiam
575 3379 607 3438 in
629 3398 683 3440 sex
701 3379 870 3457 colloquiis,
894 3397 970 3458 quae
988 3379 1060 3440 satis
1079 3379 1168 3457 longa
1186 3398 1252 3440 cum
1274 3380 1354 3458 Papa

125 3487 229 3547 babuit
251 3487 419 3565 quibusque
441 3488 491 3548 bic
513 3487 691 3547 delectatum
714 3505 746 3547 se
769 3504 835 3547 esse
857 3491 995 3563 testatur,
1019 3487 1163 3565 attingere
1182 3489 1247 3548 siue
1265 3488 1353 3548 dubio

126 3595 248 3654 studuit
290 3593 375 3654 Nihil
397 3613 466 3655 eum
488 3595 650 3673 proiecisse
672 3612 711 3655 ex
733 3594 830 3672 ipsius
853 3595 890 3655 de
912 3613 947 3654 ea
968 3613 1002 3655 re
1024 3595 1142 3655 silentio
1166 3601 1253 3673 patet.
1296 3595 1353 3656 Sed

125 3703 296 3779 postremis,
329 3703 437 3780 quibus
464 3702 574 3763 Romae
602 3705 676 3777 erat,
708 3702 813 3762 diebus
840 3701 1029 3763 Zolleranum
1055 3703 1225 3780 Principem
1254 3702 1353 3763 Cardi-

125 3809 244 3886 nalem,
265 3810 439 3887 episcopum
463 3808 733 3886 Osnabrugensem,
761 3814 791 3869 et
818 3810 945 3870 eundem
971 3810 1004 3869 in
1033 3811 1158 3887 patriam
1181 3811 1353 3884 rediturum,

125 3916 251 3993 rogavit,
274 3921 309 3976 ut
330 3935 400 3977 cum
418 3917 561 3976 Pontifioe
583 3917 763 3995 loqueretur,
787 3935 876 3994 quem
898 3917 996 3976 virum
1019 3917 1111 3992 ,haud
1129 3917 1215 3978 valde
1234 3917 1353 3995 quidem

126 4025 309 4101 profundum
330 4023 363 4084 in
386 4024 590 4086 astronomicis
613 4024 720 4084 studiis
743 4041 822 4099 esse,
846 4024 898 4084 sed
921 4024 993 4102 quid
1015 4025 1163 4101 agendum
1187 4025 1226 4084 sit
1244 4024 1354 4102 optime

126 4131 310 4208 intellegere‘
348 4132 427 4192 dicit
480 4131 539 4192 Hic
575 4131 667 4209 igitur
698 4136 766 4192 autc
798 4131 963 4192 discessum
994 4132 1032 4190 ad
1063 4132 1175 4209 Papam
1206 4132 1354 4192 admissus

127 4238 275 4300 declarare
307 4239 335 4300 ei
362 4257 454 4299 ausus
482 4245 540 4314 est,
572 4257 674 4299 omnes
702 4240 764 4300 fere
791 4239 921 4300 eruditos
948 4239 1110 4299 haereticos
1138 4239 1170 4297 in
1198 4238 1355 4300 Germania

128 4345 283 4423 Oopernici
307 4347 485 4407 sententiam
507 4345 659 4424 amplecti,
684 4365 774 4424 quare
796 4351 831 4406 ut
852 4347 890 4406 de
910 4365 945 4407 ea
963 4347 1035 4424 quid
1052 4346 1237 4422 definiretur,
1260 4345 1354 4406 multa

236 4577 263 4646 1)
283 4559 349 4644 opp.
368 4575 408 4630 vr
427 4575 486 4629 aso.
