3176 5064
651 302 744 352 circu
762 301 821 352 XV.
1293 301 1345 355 339

117 525 186 568 una
216 526 280 568 cum
310 509 381 584 ipsis
408 509 609 570 sodalitatibus
636 527 654 570 a
681 511 853 586 magistratu
876 511 1006 571 tollenda
1028 515 1103 570 snut.
1163 509 1242 570 Nihil
1265 513 1343 570 enim

122 612 211 672 aliud
231 619 313 688 anui,
336 631 420 688 quam
442 613 522 674 Comi
544 621 574 673 et
596 615 704 673 Bacchi
727 615 945 674 conventicula‘
991 617 1144 675 Deiectum
1167 616 1294 676 ciborum
1314 621 1346 674 et

118 719 239 791 jejunis
258 734 316 776 nou
339 718 477 778 indixisse
500 719 541 778 ait
565 719 718 780 ecclesiam
740 719 796 778 nisi
818 718 856 778 ad
878 721 1033 779 sanitatem
1056 719 1182 792 corporis
1203 726 1234 779 et
1248 721 1344 780 animi.

122 821 211 880 Haec
231 839 288 880 uon
305 823 367 897 jugi
389 824 481 882 instar
503 821 677 896 imponenda
699 839 763 882 esse
784 823 883 882 variae
899 823 1003 882 indolis
1018 824 1188 884 homiuibus.
1226 825 1344 898 ,Nullus

123 925 217 984 alium
246 925 398 1000 dijudicct;
428 943 548 986 vescens
578 943 636 986 uon
663 927 785 986 insultet
812 927 1041 1000 abstinentibus,
1080 928 1261 988 abstinentes
1287 945 1345 987 uon

124 1029 322 1088 condemnent
343 1036 507 1090 vescentes:
534 1047 585 1090 suo
606 1030 731 1090 Domino
754 1037 832 1090 stant
855 1037 905 1090 aut
925 1031 1049 1091 cedunt‘
1110 1032 1144 1090 In
1166 1031 1259 1092 Missa
1282 1049 1345 1090 cum

122 1133 256 1192 Lnthero
287 1139 316 1192 et
347 1135 515 1208 mysterium
542 1135 707 1208 praesentis
736 1135 767 1192 in
798 1142 980 1194 sacramento
1003 1134 1124 1210 christi,
1158 1143 1189 1196 et
1210 1137 1287 1209 piam
1310 1152 1346 1195 ac

125 1237 324 1296 venerandam
346 1243 476 1298 veterum
499 1239 634 1312 liturgiae
656 1240 780 1312 partium
802 1239 945 1298 rationem
968 1240 1113 1314 agnoscit,
1144 1241 1255 1299 inserta
1277 1255 1346 1298 vero

123 1343 221 1401 multu
243 1343 444 1416 superstitiosa
466 1359 501 1402 ac
522 1358 752 1418 supervacanea,
775 1343 881 1402 condas
904 1342 1072 1418 verbomm,
1095 1359 1166 1418 quas
1188 1350 1288 1418 vocat,
1311 1360 1346 1402 ac

125 1447 220 1505 mulas
243 1445 466 1506 consuetudines
488 1446 580 1506 bbere
603 1452 700 1522 taxat3
722 1447 851 1522 ,sordida
881 1447 967 1507 turbu
990 1448 1229 1506 conductitiorum
1258 1448 1346 1506 sacri·

124 1549 291 1609 ficulonrm‘
315 1548 422 1610 offendi
443 1551 506 1623 pios
527 1551 659 1611 homines
681 1557 835 1626 memorat,
857 1553 902 1626 iis,
925 1552 974 1625 qui
996 1567 1095 1611 omues
1118 1551 1224 1612 Missas
1246 1553 1344 1627 priva·

125 1659 175 1712 tas
194 1653 356 1726 improbant
380 1659 410 1712 et
431 1655 584 1728 requirnnt
607 1656 637 1713 in
660 1657 738 1714 omni
761 1655 852 1714 Missa
874 1657 1117 1731 communionem,
1148 1656 1283 1716 concedit
1304 1655 1346 1713 sic
1455 1681 1460 1688 =

124 1757 217 1816 fuisse
236 1775 254 1816 a
276 1755 391 1817 Christo
413 1759 576 1818 institutum
598 1765 628 1818 et
650 1759 718 1818 olim
741 1760 783 1818 sic
799 1759 915 1819 solitum
930 1775 994 1819 esse
1010 1761 1184 1819 conservari.
1208 1759 1345 1819 Ceterum

122 1863 217 1920 iterat
238 1861 313 1935 qnod
335 1869 423 1921 antea
443 1861 595 1936 docuerat,
617 1862 739 1922 firmiter
762 1863 939 1922 eredendum
962 1880 1026 1923 esse
1040 1862 1187 1923 Christum
1202 1865 1232 1922 in
1248 1879 1347 1922 sacra-

123 1971 227 2024 mento
248 1973 446 2040 praesentem,
478 1966 514 2025 de
536 1966 620 2026 ruodo
643 1972 740 2026 autem
763 1968 949 2040 praesentiae
974 1969 1036 2040 ejus
1067 1969 1161 2027 varim
1184 1969 1346 2027 sententias

125 2085 207 2127 nunc
229 2085 293 2129 esse
317 2069 520 2130 admittendas.
564 2071 639 2130 Item
660 2068 825 2144 coufirmat,
849 2087 923 2145 qnae
946 2071 982 2130 de
1007 2072 1215 2163 superstitiosis
1237 2073 1348 2146 opinio-

124 2173 213 2232 nibus
242 2179 273 2232 et
296 2174 484 2248 religionibus
513 2175 543 2232 in
570 2176 752 2234 invocatione
783 2183 948 2236 sanctorum
973 2177 1133 2250 conspicuis
1156 2192 1244 2250 saepe
1268 2177 1348 2236 dixe·

124 2283 190 2350 rat,
219 2279 281 2351 ,qui
307 2295 376 2337 vero
409 2279 483 2338 citra
513 2280 745 2352 superstitionem
766 2280 923 2354 implorent
952 2281 1087 2354 sanctos,
1117 2286 1149 2339 nt
1170 2297 1273 2354 preces
1295 2297 1347 2354 pro

124 2398 163 2440 se
190 2379 312 2440 fundant
343 2383 418 2455 apud
445 2383 553 2458 Deum,
584 2400 684 2442 eorum
709 2384 788 2458 pium
818 2399 853 2442 ac
884 2385 1042 2458 supplicem
1070 2383 1206 2444 allectum
1228 2385 1346 2444 interim

125 2484 307 2544 tolerandum
330 2502 409 2560 esse,
432 2487 547 2546 etiamsi
568 2487 606 2545 sit
628 2504 690 2546 cum
714 2487 811 2561 aliquo
836 2490 1004 2562 ecnjnnctus
1028 2504 1137 2548 errore.
1183 2489 1224 2548 Ut
1246 2493 1347 2548 nostra

124 2595 195 2648 vota
224 2606 281 2650 non
310 2591 438 2648 sentiant
467 2591 548 2664 Divi,
580 2591 689 2650 sentire
717 2596 815 2650 tumen
845 2589 990 2651 Christum
1021 2592 1070 2664 qui
1101 2599 1179 2652 amet
1202 2593 1347 2666 simplices

126 2693 259 2752 animosi
304 2692 441 2754 Praehito
465 2693 635 2754 Sanctorum
657 2694 831 2769 imaginibus
853 2695 964 2755 bonore
985 2695 1071 2754 iacile
1094 2694 1159 2756 lieri
1182 2693 1343 2764 confitetur,
1410 2775 1413 2780 Ι

127 2803 163 2856 nt
184 2797 295 2857 incauti
317 2797 448 2856 homines
470 2798 657 2858 revolventur
679 2799 717 2858 ed
740 2799 879 2858 horribile
902 2799 1086 2859 idololatriae
1110 2801 1233 2874 crimen3
1256 2817 1346 2873 quare

127 2903 176 2975 qui
199 2902 359 2962 saevierint
380 2904 411 2960 in
435 2903 501 2961 illas
524 2903 678 2977 imagines,
702 2903 781 2962 baud
802 2921 919 2977 prorsus
940 2903 992 2963 abs
1015 2921 1046 2963 re
1070 2906 1228 2964 concitatos
1249 2904 1346 2978 inisse,

127 3005 199 3064 licet
227 3005 378 3065 immodice
404 3022 457 3065 sne
486 3006 602 3079 quidem
629 3008 784 3067 sententia
844 3008 962 3068 Etenim
992 3013 1085 3068 artem
1115 3009 1285 3067 statuariam
1317 3015 1347 3065 et

127 3111 269 3184 picturam
291 3116 372 3170 recte
394 3109 509 3170 habitas
532 3127 596 3170 esse
620 3113 738 3170 tacitam
758 3113 874 3186 poesin,
903 3112 969 3186 plus
999 3111 1144 3171 interdum
1173 3126 1347 3185 repraesen-

127 3220 238 3274 tantem
261 3213 410 3273 affectibus
433 3215 592 3289 hominnm,
622 3231 709 3288 quam
739 3217 825 3275 homo
857 3216 1107 3289 eloquentissimus
1136 3216 1228 3289 possit
1250 3215 1347 3273 verbis

127 3319 298 3392 exprimere.
344 3317 381 3377 Se
404 3319 495 3392 ipsum
518 3325 636 3393 optare,
655 3325 687 3377 nt
709 3319 739 3377 in
761 3320 876 3394 templis
893 3320 974 3378 nulla
996 3319 1034 3378 sit
1055 3320 1170 3393 pictura
1190 3319 1246 3378 nisi
1265 3321 1347 3393 cujus

127 3427 329 3495 argumentum
351 3423 381 3479 in
405 3423 550 3482 canonicis
571 3423 720 3495 scripturis
747 3424 938 3483 contineatur.
998 3421 1056 3482 Sed
1087 3422 1213 3483 dandum
1237 3421 1347 3497 aliquid

126 3542 192 3584 esse
215 3527 280 3600 piae
304 3525 518 3600 consuetudini,
552 3526 601 3584 ubi
625 3527 750 3585 innocua
772 3527 817 3585 sit.
876 3527 1006 3601 ,Iteque,
1039 3529 1086 3586 cni
1109 3544 1278 3602 persuasum
1299 3529 1346 3601 sit,

126 3629 257 3688 divorum
278 3630 465 3704 imaginibus,
487 3630 622 3704 quoniam
645 3647 703 3688 non
726 3631 869 3705 sentiant,
891 3631 963 3690 nihil
986 3630 1150 3690 habendum
1173 3649 1238 3691 osee
1253 3633 1344 3690 huno-

125 3736 167 3793 ris
196 3733 310 3793 fruatur
337 3751 388 3793 suo
419 3749 522 3808 sensu,
551 3751 588 3793 ne
611 3739 709 3793 temen
732 3733 881 3808 obstrepat
899 3736 950 3808 iis,
981 3737 1030 3808 qui
1061 3736 1135 3794 citre
1161 3736 1344 3809 superstitio-

126 3856 194 3898 nem
218 3838 282 3897 illas
305 3843 482 3898 venerentur
505 3854 606 3898 eorum
629 3853 727 3896 amore
749 3855 819 3910 quos
840 3843 1078 3912 repraesentant,
1101 3838 1243 3911 quomodo
1272 3853 1348 3896 nova

126 3949 220 4018 nupta
240 3943 336 4018 spousi
358 3943 486 4002 absentis
505 3957 604 4002 amore
627 3943 810 4001 exosculetur
832 3941 947 4000 anulnm
980 3947 1031 4000 ant
1053 3942 1210 4015 strophium
1233 3941 1269 3999 eb
1292 3941 1344 3998 illo

127 4048 261 4106 relietum
280 4053 332 4107 aut
345 4045 481 4106 missum!
515 4047 563 4120 ,In
578 4045 645 4120 his,‘
668 4045 775 4118 iuquit,
796 4045 931 4120 ,Paulus‚
952 4045 1067 4119 opinor,
1090 4044 1282 4114 concederet,
1314 4049 1347 4102 ut

126 4153 157 4210 in
188 4167 240 4212 suo
269 4153 389 4224 quisque
420 4166 507 4210 sensu
535 4148 717 4224 acquiescat‘
777 4149 853 4224 ,Hoc
881 4155 967 4223 pacto
992 4146 1043 4207 liet
1066 4155 1097 4208 ut
1119 4164 1175 4209 nec
1198 4147 1348 4207 scindatur

127 4256 220 4314 omnis
242 4256 400 4314 christiana
422 4253 588 4322 concordia,
612 4270 666 4312 nec
689 4269 784 4313 mores
806 4251 982 4312 infirm0rum
1004 4253 1034 4311 iu
1057 4269 1171 4312 omnem
1193 4253 1342 4312 licentiam

128 4359 287 4432 proruant}
339 4359 432 4434 ‚Ergo
453 4357 609 4418 moderatis
630 4358 759 4416 consiliis
782 4355 989 4430 affectibusque
1019 4357 1144 4430 sedetis,
1175 4355 1344 4414 incubemus

129 4463 164 4522 ad
187 4463 369 4523 sarciendam
392 4463 535 4522 ecclesiae
558 4461 749 4536 concordiam,
773 4468 841 4521 tunc
863 4460 923 4536 liet,
945 4461 1020 4536 qnod
1033 4461 1208 4521 vaticinatur
1222 4459 1343 4519 Esaius:

129 4567 167 4625 Et
189 4567 304 4626 sedebit
324 4568 443 4642 populus
466 4581 546 4626 meus
568 4567 599 4624 in
623 4565 838 4640 pulchritudine
861 4567 957 4640 pacis3
988 4569 1105 4640 jamque
1136 4565 1221 4624 simul
1243 4581 1343 4624 omnes

1061 4662 1128 4729 22*
