3144 5092
659 272 746 327 Csrur
764 272 810 326 IV.
1310 272 1344 326 67

109 479 254 552 proterva
275 475 487 552 mendaciaque
508 475 625 535 decreta
647 479 677 534 et
699 473 868 548 decretalia,
892 477 926 532 ut
944 477 1146 551 contemptum
1170 491 1258 533 suum
1276 491 1346 550 prae
1428 551 1431 558 Ι

111 601 150 642 se
177 583 264 658 ferat,
297 583 464 660 germanice
491 582 628 642 dracketa
655 586 685 642 et
711 581 890 642 dreclretalia
917 579 1018 660 (quasi
1045 585 1163 641 excreta
1189 584 1220 641 et
1246 598 1346 640 exore-

110 690 201 768 talia)
229 690 299 767 plus
327 690 420 750 semel
446 695 538 750 vocat
585 689 802 750 Similitudines
829 688 909 748 haud
937 687 1066 748 suaviter
1088 687 1215 763 olentes,
1243 687 1346 765 quales

111 797 259 857 Erasmus
286 816 374 875 parce
400 797 520 857 adhibet
547 794 650 875 (quum
677 796 760 856 verbi
787 814 876 856 causa
902 796 987 870 dicit,
1015 795 1174 856 monachos
1202 795 1347 872 oppedere

111 905 193 982 ipsis
215 904 305 982 Papis
329 905 508 983 simulatque
530 922 580 965 eos
604 904 742 964 sibinen
765 904 900 964 oboedire
923 901 1051 981 videant)
1078 903 1229 962 Lutherus
1256 901 1346 962 nimis

112 1012 250 1089 copiosas
283 1012 348 1072 sine
380 1012 468 1072 dubio
501 1011 662 1089 profundit.
712 1010 866 1086 Ejusmodi
899 1009 980 1084 stilo,
1013 1028 1071 1088 quo
1103 1011 1192 1070 etiam
1222 1027 1277 1069 nos
1308 1026 1347 1068 ne

112 1119 240 1180 minime
269 1120 389 1197 quidem
420 1119 611 1194 delectamur,
643 1118 730 1178 illum
762 1118 891 1193 veritati,
924 1135 1013 1200 quam
1045 1118 1155 1194 scripto
1187 1135 1240 1176 suo
1272 1115 1346 1176 alias

114 1227 235 1304 egregie
258 1227 403 1302 defendit,
427 1227 506 1304 apud
529 1226 639 1286 multos
662 1231 692 1286 et
715 1243 768 1285 suo
791 1231 922 1303 tempore
944 1225 1076 1286 obfuisse
1099 1229 1129 1286 et
1147 1242 1226 1283 nuuc
1244 1223 1347 1283 obesse

114 1335 314 1394 concedimus
358 1333 561 1394 Nihilominus
589 1334 739 1410 superabit
765 1333 883 1394 veritas.
929 1332 976 1392 Ex
1000 1333 1109 1410 scripto
1136 1331 1189 1391 illo
1212 1331 1346 1408 singulos

114 1442 197 1501 locos
220 1442 365 1516 duriores,
388 1442 567 1518 incomptos,
590 1441 761 1500 indecentes
784 1459 941 1517 excerpere
963 1440 1140 1500 facillimum
1162 1443 1220 1514 est,
1248 1437 1347 1498 exiis

115 1554 214 1608 cetera
245 1549 344 1608 omnia
372 1549 505 1625 judicare
536 1554 567 1608 et
597 1549 791 1609 condemnare
822 1547 1051 1625 ineptissimum.
1101 1547 1209 1606 Enant
1236 1545 1288 1623 qui
1315 1544 1347 1604 in

115 1657 247 1716 Luthero
274 1656 401 1716 rusticos
429 1656 498 1716 illos
525 1673 560 1716 ao
582 1655 719 1731 foetidos,
746 1661 781 1714 ut
802 1655 844 1714 ita
866 1655 974 1730 dicam,
1003 1672 1153 1714 sermones
1180 1658 1251 1712 hinc
1273 1657 1348 1712 tem-

116 1765 198 1841 poris
221 1764 347 1824 inauditi
370 1763 484 1842 aliquid
506 1764 600 1824 luisse
622 1768 740 1841 putant,
768 1762 874 1837 iisdem
900 1763 980 1822 enim
1003 1761 1159 1822 uberrimis
1182 1760 1260 1820 haud
1283 1778 1348 1819 raro

116 1872 206 1932 etiam
229 1871 383 1948 Principes
407 1872 529 1948 scripta,
553 1871 661 1948 quibus
684 1870 866 1930 seinvicem
889 1869 1115 1946 impugnabant,
1139 1885 1258 1928 ornasse
1279 1885 1347 1927 con-

117 1977 205 2038 stat1
250 1978 379 2038 Facilius
403 1979 533 2056 profecto
556 1997 653 2038 coram
677 1979 847 2054 incorrupta
869 1976 1050 2037 conscientia
1072 1976 1144 2034 haec
1166 1993 1257 2051 prava
1278 1992 1347 2034 con-

117 2087 243 2146 suetudo
265 2104 372 2163 magno
390 2086 453 2144 viro
474 2085 635 2146 adhaerens
655 2084 851 2158 excusabitur,
876 2101 965 2162 quam
988 2081 1170 2142 incredibilis
1192 2081 1279 2140 Pauli
1292 2081 1347 2140 HI.

118 2194 315 2272 intemperies,
335 2192 459 2268 fallacia,
478 2193 664 2270 perversitas,
682 2193 791 2270 quibus
805 2191 933 2268 eleganti
948 2189 1094 2250 latinitate
1109 2188 1260 2264 involutis,
1279 2206 1348 2248 eum

119 2301 266 2361 scribendi
288 2319 391 2360 ansam
413 2301 459 2359 illi
483 2300 601 2360 dedisse
623 2299 760 2359 vidimus,
802 2299 882 2358 Dicit
904 2299 969 2375 ipse
992 2297 1155 2357 Lutherus:
1180 2295 1235 2370 ,Mi
1258 2296 1348 2355 trater

118 2411 150 2467 in
175 2409 304 2484 Christo,
333 2409 402 2468 boni
425 2407 563 2468 consulas
591 2407 736 2485 quidquid
763 2406 812 2466 vel
834 2407 883 2466 hic
906 2405 954 2466 rol
981 2404 1049 2464 aliis
1076 2403 1150 2464 locis
1172 2403 1296 2468 liberius
1319 2407 1349 2462 et

119 2516 361 2576 contumeliosius
384 2517 421 2576 de
443 2515 596 2594 pestilenti
619 2515 676 2575 isto
699 2519 829 2575 monstro
852 2513 968 2591 loquor;
993 2512 1045 2572 sed
1066 2511 1151 2570 nulla
1174 2509 1265 2569 animi
1287 2510 1348 2586 agi·
1409 2547 1410 2550 κ

119 2625 229 2684 tatione
255 2623 411 2701 complecti
438 2623 551 2701 possim
578 2623 751 2683 sceleratam
773 2622 1015 2700 desperatumque
1038 2620 1103 2696 ejus
1126 2617 1348 2695 blasphemiam,

120 2751 178 2810 qua
200 2731 330 2791 abutitur
353 2732 440 2792 verbo
463 2736 493 2791 et
515 2731 635 2791 nornine
653 2730 773 2791 Domini
796 2735 826 2789 et
845 2729 1007 2790 Servatoris
1029 2726 1123 2787 nostri
1146 2725 1218 2786 lesu
1238 2723 1349 2784 Christi

121 2844 279 2916 posteaque
301 2857 365 2912 eos,
389 2839 440 2916 qui
463 2838 572 2914 glossis
596 2838 659 2898 suis
682 2839 771 2896 fidem
793 2837 903 2896 habent
925 2837 1083 2913 ipsumque
1107 2834 1259 2894 Christum
1283 2850 1349 2892 sua-

121 2947 196 3006 viter
211 2944 332 3006 'deridet
354 2946 476 3022 risuque
498 2945 619 3021 gaudet,
647 2945 718 3003 dum
741 2963 848 3020 magna
872 2961 980 3020 pompa
1007 2941 1175 3019 praedicare
1197 2958 1230 3000 se
1252 2939 1350 3016 pergit

123 3053 239 3114 chrisu-
255 3053 410 3128 ricarium,
433 3052 485 3129 qui
509 3070 563 3112 sua
585 3052 740 3111 sanctitate
762 3067 864 3110 omnes
887 3049 1021 3108 homines
1044 3048 1142 3107 salvos
1164 3046 1269 3105 faciat‘

228 3159 342 3235 Quanto
361 3160 435 3220 haec
449 3159 516 3236 jure
534 3158 612 3218 dicta
630 3163 731 3218 essent
749 3157 899 3216 neminem
917 3155 1057 3232 fugiebat,
1078 3154 1130 3231 qui
1145 3151 1271 3212 Paulum
1285 3149 1348 3224 ΠΙ.,

123 3269 319 3346 pharisaicum
347 3267 481 3328 Caesaris
508 3265 695 3339 monitorem,
723 3264 770 3324 sui
797 3263 881 3323 nothi
908 3261 964 3321 filii
990 3266 1191 3338 nepotumque
1218 3263 1350 3318 astutum

123 3395 156 3436 uc
177 3381 347 3455 protervum
365 3376 521 3449 fautorem,
544 3372 633 3450 paulo
655 3370 820 3432 accuratius
843 3373 972 3430 noverat.
1010 3367 1074 3442 Qua
1095 3367 1132 3428 de
1155 3384 1244 3426 causa
1266 3364 1350 3426 libel·

123 3483 184 3543 lum
212 3484 298 3544 illum
326 3483 413 3544 multi
441 3487 512 3542 tnnc
539 3481 596 3540 viri
623 3479 739 3557 optimi,
768 3479 856 3538 etiam
884 3477 935 3556 qui
963 3495 1022 3536 non
1049 3475 1147 3536 omnia
1173 3474 1204 3534 in
1228 3492 1261 3534 eo
1284 3491 1350 3551 pro·

125 3593 241 3668 babent,
279 3592 363 3669 quasi
396 3588 574 3650 laudabilem
603 3587 737 3664 justitiae
768 3586 903 3664 publicae
933 3589 1033 3644 actum
1064 3601 1131 3644 esse
1161 3585 1350 3643 censuerunt.

126 3699 268 3777 Scapham
301 3699 420 3758 tandem
451 3697 609 3775 aliquando
642 3695 781 3773 scapham
812 3693 910 3753 vocari
942 3693 1071 3768 ajebant;
1104 3689 1290 3749 immodicam
1317 3706 1352 3746 ac

127 3807 262 3866 servilem
284 3806 367 3882 vrrlgi
391 3823 461 3881 erga
482 3804 656 3864 Pontificem
678 3803 830 3879 pietatem,
857 3800 928 3860 licet
955 3799 1050 3860 saevis
1077 3797 1190 3875 passim
1217 3801 1247 3856 et
1269 3795 1351 3855 inde-

126 3913 200 3972 coris
222 3913 332 3986 sarbia,
360 3917 459 3972 minen
487 3929 539 3988 pro
568 3911 671 3970 merito
697 3908 842 3984 redargui.
887 3907 1014 3968 loannes
1038 3905 1204 3965 thidericus
1226 3903 1351 3977 Elector,

127 4020 203 4096 quod
230 4019 379 4080 Lutherus
407 4018 547 4092 ,securim
570 4016 756 4094 arripuisset‘
784 4015 870 4075 valde
897 4013 1017 4090 gavisus
1045 4017 1099 4073 est.
1145 4013 1172 4071 Α
1195 4009 1353 4088 bibliopola

127 4126 230 4202 viginti
259 4124 360 4203 scripti
389 4123 527 4200 exempla
554 4123 637 4197 emit,
670 4122 749 4182 haud
776 4139 870 4199 pauca
897 4121 929 4180 in
957 4121 1090 4198 ejusdem
1117 4119 1188 4178 anni
1217 4117 1352 4178 Comitiis

128 4231 293 4292 Vormatiae
324 4231 508 4308 congregatis
540 4229 678 4290 distribui
707 4230 806 4306 jussit.
857 4228 925 4288 Illic
956 4228 1021 4306 ipse
1048 4225 1251 4287 Ferdinandus
1278 4224 1352 4299 Rex,

129 4340 176 4419 qui
196 4341 258 4418 jam
281 4344 352 4400 tuno
375 4339 490 4400 Vicelio
512 4338 684 4398 Emsmiano
707 4337 792 4397 valde
815 4337 913 4396 favere
935 4335 1098 4408 dicebatur,
1126 4338 1221 4393 totum
1244 4333 1353 4392 librum

233 4573 259 4642 1)
279 4571 318 4626 Cl.
338 4571 496 4640 Koldowoy,
516 4569 602 4624 Hoinz
621 4585 674 4624 von
687 4567 881 4623 Woltonbiittel
904 4584 929 4636 p.
946 4567 979 4620 14
994 4581 1029 4620 ss.

1158 4671 1194 4727 5*
