3202 5058
241 333 293 372 vm
762 321 932 372 Pnssrarro.

496 409 815 416 ...βψ-*-

242 547 356 626 incepti
384 547 569 627 poenituisse
592 547 775 608 crediderim
821 548 957 609 Fortasse
979 549 1070 609 etiam
1092 547 1246 622 nonnulli,
1275 547 1454 626 siquidem,

244 686 320 747 quae
351 669 389 729 de
418 669 487 728 libri
513 668 574 730 mei
601 668 716 744 origine
746 669 880 730 diotimo
909 687 991 743 sum,
1018 668 1129 730 sedatis
1157 669 1266 729 animis
1287 668 1454 730 oonsidera-

244 789 357 863 verint,
390 788 428 848 de
453 788 577 850 oonsilio
611 807 678 849 meo
710 807 742 850 se
779 790 857 850 male
890 790 1063 850 informatos
1099 787 1193 849 fuisse
1228 789 1453 848 eonfitebuntrn.

244 910 332 971 Certo
353 909 410 968 viri
432 909 516 986 probi
538 927 715 970 merorum
738 910 915 988 simpliciter
936 909 1050 970 dixisse
1072 908 1159 970 facile
1181 909 1367 984 intellegent

348 1028 473 1106 Semper
509 1029 641 1105 juounda
679 1031 754 1090 mihi
795 1031 892 1092 fueret
931 1029 1094 1091 accuratior
1132 1029 1249 1090 illorum
1288 1033 1455 1105 temporum

242 1150 464 1227 oontemplntio,
494 1149 602 1227 quibus
627 1152 862 1226 renascentium,
891 1169 967 1229 quae
997 1151 1151 1225 diduntur,
1190 1151 1359 1210 litterarum
1392 1149 1453 1210 611-

243 1275 339 1344 tores,
383 1288 491 1347 magne
534 1271 678 1346 paulatim
725 1275 814 1350 etque
862 1272 956 1332 libera
999 1271 1140 1332 eoeietate
1183 1269 1329 1331 litteraria
1373 1270 1453 1347 apud

244 1409 349 1452 omnes
379 1392 443 1452 fere
469 1391 605 1469 Ernopae
635 1397 742 1468 gentes
771 1393 905 1469 66111116,
938 1393 976 1452 ad
1006 1411 1113 1452 novam
1142 1397 1174 1452 et
1203 1383 1455 1452 eoelesiee'ehri-

246 1511 359 1572 stianne
385 1516 417 1572 et
442 1513 599 1573 universae
626 1512 759 1573 erdturae
789 1514 936 1573 humanae
966 1519 1095 1574 aetatem
1122 1513 1354 1591 praeparandam
1375 1511 1455 1572 haud

246 1649 351 1708 parum
382 1632 579 1692 oontulenmt.
636 1633 741 1711 Itaque
770 1635 833 1710 jam
867 1633 988 1694 Bonnae
1021 1635 1170 1712 quendem
1201 1635 1275 1693 duas
1306 1650 1455 1694 commen·

246 1752 373 1813 tationes
395 1754 561 1830 oomposui,
589 1754 714 1815 alteram
734 1755 772 1814 de
795 1755 975 1831 reipublicae
997 1755 1081 1814 illius
1098 1755 1259 1815 litterariae
1282 1753 1454 1830 originibus,

245 1872 369 1932 alteram
404 1873 442 1933 de
477 1873 705 1934 Melanohthone
740 1875 876 1952 ejusdem
915 1876 1114 1935 reformatore.
1180 1873 1216 1933 In
1253 1873 1360 1952 prioris
1397 1875 1456 1932 fine

243 1992 360 2054 11166111
397 1994 580 2054 mentionem
618 1995 690 2068 feci,
726 1999 828 2073 utpote
865 2015 883 2054 a
916 2013 975 2074 quo
1004 2012 1115 2054 novum
1154 1994 1236 2054 illius
1273 1993 1454 2072 reipublicae

154 2093 159 2101 ’
246 2114 382 2176 seculum
421 2120 595 2175 exorturum
632 2116 747 2177 fuisset.
816 2116 853 2176 In
890 2117 984 2177 altera
1020 2116 1153 2190 ostendi,
1190 2114 1457 2188 Melanohthonem‚

246 2253 338 2312 quum
370 2236 403 2294 in
433 2236 678 2296 universitatibus
712 2242 743 2296 et
776 2237 886 2297 sobolis
919 2237 1029 2296 nostris
1057 2241 1236 2312 perpetuum
1262 2235 1458 2293 humanarum

246 2355 411 2415 litterarum
439 2363 470 2415 et
494 2356 648 2432 religionis
678 2357 857 2417 christianae
879 2357 984 2417 foedus
1003 2357 1131 2430 feneret,
1160 2355 1287 2432 vestigia
1308 2354 1456 2430 pressisse

246 2475 372 2535 Erasini.
429 2475 590 2552 Reliquum
626 2481 703 2549 eret,
736 2482 770 2535 ut
807 2477 845 2536 de
875 2477 932 2537 hoe
959 2477 1040 2553 ipso,
1075 2476 1269 2553 ,reipublicae
1297 2475 1457 2534 litterariae

248 2595 405 2673 prinoipe‘‚
428 2596 616 2656 dissererem.
655 2596 752 2670 Quare
772 2599 835 2674 jam
855 2603 928 2658 tuno
949 2598 1043 2657 multa
1065 2615 1104 2657 ex
1127 2597 1193 2673 ejus
1215 2596 1299 2656 libris
1320 2600 1460 2674 exeerpta

246 2715 368 2792 eollegi,
401 2716 458 2775 alia
483 2721 587 2794 postea
615 2735 670 2794 per
699 2724 867 2796 temporum
894 2718 1051 2779 intervalla
1079 2715 1205 2794 edjeni1
1250 2716 1297 2777 Ad
1327 2735 1362 2776 ea
1388 2733 1458 2776 vero

247 2837 345 2897 omnia
374 2837 552 2913 digerenda,
581 2838 762 2916 supplenda,
793 2840 963 2916 effingenda
989 2857 1085 2917 nuper
1107 2839 1243 2914 demum,
1276 2855 1369 2915 quum
1390 2853 1458 2913 pro-

247 2977 379 3035 gramma
399 2957 475 3018 illud
498 2959 626 3020 seribere
649 2977 749 3020 meum
771 2961 903 3021 officium
925 2967 1019 3035 esset,
1041 2977 1180 3020 reversus
1203 2977 1277 3020 sum

353 3077 470 3138 11166111
504 3098 564 3138 161
605 3080 697 3140 vitam
726 3098 844 3141 nauare
878 3081 931 3142 sed
975 3083 1041 3158 ejus
1069 3080 1247 3156 inmginem,
1276 3078 1461 3138 diversarum

247 3199 377 3277 partium
399 3199 590 3278 opinionibus
612 3206 643 3261 et
664 3201 820 3262 affectibus
843 3201 1044 3276 deformatam,
1068 3219 1170 3260 veram
1191 3204 1221 3260 et
1243 3198 1328 3276 quasi
1350 3197 1460 3256 redivi·

247 3339 316 3380 vam
343 3329 567 3399 repraesentare
589 3323 678 3382 volui.
730 3323 826 3398 Quem
854 3324 892 3384 ad
921 3325 1013 3383 finem
1043 3341 1132 3400 quam
1162 3320 1340 3382 ereberrime
1361 3319 1461 3396 ipsum

250 3428 303 3501 suo
333 3443 451 3518 proprio
482 3460 618 3503 sermone
646 3443 738 3503 latino
770 3445 943 3521 loquentem
972 3442 1174 3503 induoendum
1209 3441 1336 3519 ideoque
1367 3443 1462 3499 totum

249 3563 359 3622 librum
382 3563 474 3623 latine
497 3563 716 3624 oonfidendum
737 3563 847 3640 putavi
886 3563 987 3641 Ipsius
1009 3563 1108 3624 verbis
1129 3562 1271 3624 adhibitis
1291 3560 1323 3620 id
1345 3577 1462 3640 quoque

248 3684 368 3762 assequi
398 3683 514 3757 studui,
546 3683 625 3761 quod
656 3683 766 3744 summi
785 3685 930 3745 momenti
952 3691 1028 3760 erat,
1054 3690 1089 3744 ut
1110 3685 1359 3756 demonstrarem,
1389 3699 1460 3760 quo-

247 3805 334 3866 modo
371 3803 439 3877 ille,
476 3803 627 3882 praeclaro
668 3805 792 3865 oonsilio
829 3805 952 3881 duobis,
986 3807 1067 3880 lioet·
1090 3823 1152 3866 non
1190 3805 1255 3865 sine
1289 3801 1462 3862 infirmitate
1591 3851 1592 3904 ἦ

246 3927 391 4000 humana,
419 3924 545 3985 Lutheri
574 3942 694 3986 eausam
719 3930 839 4003 propter
865 3927 1054 4003 evangelium
1081 3926 1203 3999 foverit,
1230 3928 1351 4002 propter
1371 3920 1461 3981 fatale

247 4045 407 4107 disoidium
441 4063 495 4124 per
528 4046 629 4106 secula
663 4045 837 4106 dmabrrum
868 4047 1097 4124 impugnaverit.
1154 4045 1267 4119 Quibus
1303 4043 1341 4103 de
1374 4042 1464 4102 rebus

246 4166 428 4228 eoourntiore
457 4173 488 4228 et
510 4167 652 4245 justiora,
683 4187 772 4248 quam
803 4187 879 4248 quae
908 4169 1063 4248 hueusque
1096 4167 1203 4227 tradita
1226 4169 1310 4240 sunt,
1332 4163 1464 4242 proferre

398 4312 509 4319 ————-

336 4422 363 4488 1)
382 4420 413 4470 11
432 4421 500 4471 notis
520 4421 580 4471 huie
603 4420 670 4471 libro
689 4420 785 4472 additis
809 4420 925 4482 ,Erasini
944 4423 1020 4486 Opp‘
1039 4421 1092 4470 sire
1112 4419 1203 4485 ,Opp‘
1225 4419 1354 4484 signifieat
1373 4418 1464 4469 editio·

247 4523 302 4557 1611
323 4508 430 4570 Clerici,
458 4507 530 4572 eujus
548 4513 617 4557 tomo
636 4507 685 4559 111.
710 4507 801 4572 (‚Opp.
822 4505 891 4572 mr)
911 4507 1035 4572 epistolae
1053 4507 1226 4568 continentrn;
1253 4503 1368 4568 ,Erasmi
1385 4505 1465 4568 Epp‘

318 4595 410 4660 ,Epp‘
432 4595 530 4659 priores
549 4593 716 4658 epistolarum
735 4591 867 4644 editiones.
