3194 5042
689 257 776 311 Carur
795 257 827 312 V.
1320 262 1369 316 161

144 459 290 538 quidquid
321 477 390 519 vero
423 478 492 520 cum
523 460 575 520 illo
607 460 744 536 congruit
775 465 805 520 et
835 478 1023 520 concrescere
1054 467 1164 538 potest,
1196 469 1372 524 conservent

143 573 233 645 atque
255 567 437 628 confirment
612 554 616 566 ’

251 674 334 749 Quod
349 676 380 734 in
399 675 524 735 ecclesia
538 674 669 734 Romana
686 676 797 734 bonum
811 675 1004 752 superfuerat,
1023 676 1055 736 id
1068 695 1171 754 nuper,
1189 695 1265 737 nova
1283 683 1372 756 atque

144 782 291 842 audaciori
312 782 475 842 Gurialium
494 783 694 858 conjuratione
712 783 789 842 faeta
808 782 960 842 Vaticanis
979 784 1105 844 decretis
1125 784 1173 844 rel
1191 785 1372 846 exstinctum

143 890 193 950 vel
215 890 318 949 durius
342 908 431 967 quam
454 907 585 967 unquam
607 895 694 950 antea
716 907 891 967 oppressum
915 895 968 950 est.
1010 891 1179 967 Iansenius,
1201 892 1371 968 Tebronius,

144 997 354 1074 Wessenberg,
382 997 520 1072 Hermen,
549 997 701 1060 Guenther
725 997 787 1074 jam
814 1003 882 1058 ante
905 998 1092 1058 condemnati
1114 1000 1238 1060 fuerant.
1284 999 1372 1060 Nunc

144 1104 297 1165 Vaticanis
319 1105 445 1165 decretis
468 1105 557 1164 etiam
579 1105 743 1165 Bossuetus
768 1123 836 1165 cum
859 1105 927 1165 aliis
949 1106 1065 1182 magnis
1089 1105 1257 1168 Gallicanae
1280 1107 1372 1168 eccle-

145 1213 206 1272 siae
223 1213 382 1289 theologis,
406 1213 495 1274 etiam
514 1212 619 1288 Sailer,
643 1212 767 1288 Baader,
790 1213 935 1288 Moehler,
958 1214 1087 1292 deniqne
1108 1233 1210 1274 omnes
1233 1216 1285 1294 qui
1304 1234 1372 1276 cum

145 1320 288 1380 catholica
309 1320 419 1397 pietate
441 1319 644 1380 humaniorem
666 1320 828 1380 doctrinam
856 1325 886 1380 et
908 1321 1038 1381 nobilius
1061 1322 1126 1382 veri
1149 1323 1281 1382 studium
1304 1342 1372 1383 oon-

142 1427 245 1504 jrmota
272 1445 338 1488 esse
360 1427 530 1502 1010611011,
559 1445 597 1486 ex
620 1427 820 1488 neocotholica
842 1427 967 1488 ecclesia
989 1429 1105 1488 exclusi
1128 1435 1206 1490 sunt
1253 1429 1372 1491 Similes

144 1535 205 1594 11118
223 1535 309 1607 viris,
333 1536 359 1595 si
378 1541 478 1595 manet
497 1535 594 1613 qualis
612 1553 694 1596 nunc
712 1541 769 1610 est,
793 1554 945 1613 nunquam
963 1535 995 1595 in
1017 1536 1071 1596 illa
1088 1537 1206 1614 prodire
1224 1543 1371 1615 poterunt.

108 1627 109 1631 ¹
251 1642 359 1702 Dicent
385 1643 509 1703 fortasse
536 1643 685 1703 Romanae
713 1643 818 1704 Curiae
846 1643 989 1719 asseclae,
1017 1643 1099 1721 ipsos
1126 1645 1195 1705 illos
1222 1645 1372 1722 praeteriti

144 1751 285 1828 temporis
302 1749 382 1810 viros
404 1751 576 1826 catholicos,
599 1751 771 1812 Pontificius
792 1751 959 1827 tyrannidis
981 1770 1074 1830 aeque
1096 1757 1185 1830 atque
1205 1753 1372 1830 Cyprianus

145 1863 175 1917 et
196 1858 384 1934 Augustinus
407 1865 637 1935 oppugnatores,
666 1859 692 1918 si
715 1877 795 1918 nunc
821 1865 1021 1934 resurgerent,
1051 1859 1164 1938 Spiritu
1192 1867 1292 1920 sancto
1319 1878 1373 1936 per

144 1965 322 2025 Vaticanum
339 1965 499 2025 concilium
516 1965 655 2043 loquente
673 1965 780 2025 melius
803 1966 922 2026 edoctos
940 1965 1014 2025 81108
1032 1967 1149 2026 futuros
1167 1985 1241 2026 6886.
1288 1965 1372 2040 Quod

144 2073 196 2150 qui
228 2073 445 2148 contenderint,
477 2072 534 2132 nisi
564 2073 639 2132 forte
670 2078 722 2132 801
748 2091 870 2150 0101808
901 2073 1007 2132 leviter
1034 2079 1063 2134 81
1095 2073 1309 2134 inconsiderate
1341 2074 1372 2134 id

145 2181 338 2256 effutiverint,
366 2187 417 2239 801
445 2180 519 2239 10118
545 2180 743 2257 imprudentia
770 2185 800 2239 et
826 2181 991 2256 ignorantia
1018 2181 1163 2254 laborent,
1182 2161 1228 2240 'se
1256 2180 1372 2240 veritati

144 2288 293 2348 audaciter
321 2287 446 2348 illudere
473 2288 584 2365 optime
611 2288 713 2347 801601.
760 2287 831 2347 Tale
858 2287 938 2347 enim
965 2288 1096 2372 profecto
1124 2288 1182 2347 fuit
1205 2287 1371 2348 Concilium

143 2395 333 2472 Vaticanum,
362 2401 396 2455 ut
418 2413 540 2472 magnos
563 2395 632 2455 11108
655 2399 685 2454 61
707 2395 841 2472 egregios
868 2395 947 2455 viros
978 2413 1016 2454 ne
1038 2395 1162 2454 minime
1185 2395 1304 2473 quidem
1326 2415 1371 2456 re·
1442 2384 1447 2396 ’

144 2503 286 2564 movisset
308 2522 326 2562 a
349 2503 496 2562 sententia
519 2521 585 2578 sua,
609 2503 660 2563 sed
685 2521 800 2562 summo
824 2503 923 2562 dolore
945 2507 1034 2580 atque
1056 2503 1175 2563 horrore
1197 2521 1248 2562 608
1266 2503 1371 2580 imple-

144 2611 244 2670 visset.
299 2609 364 2684 Qua
396 2611 433 2671 de
465 2611 550 2670 foeda
577 2610 766 2670 Tridentinae
798 2611 904 2686 synodi
933 2611 1075 2671 servitute
1101 2611 1371 2688 praestantissimos

144 2720 208 2794 ejus
232 2719 326 2778 socios
349 2723 469 2796 questos
492 2736 558 2778 esse
581 2718 675 2778 multo
698 2717 793 2794 magis
816 2719 852 2777 de
866 2717 1009 2778 Vaticano
1032 2717 1156 2778 concilio
1178 2719 1373 2796 praedicanda

144 2843 210 2886 esse
232 2831 366 2904 apparet,
395 2825 509 2886 scilicet
531 2825 609 2885 nihil
632 2825 739 2886 Sancto
762 2825 880 2904 spiritui
903 2844 972 2886 cum
999 2826 1052 2885 illa
1074 2827 1241 2887 commercii
1269 2826 1371 2900 fuisse,

145 2933 197 2993 sed
223 2939 315 2993 totam
342 2952 407 2993 eam
429 2933 608 3011 pependisse
629 2935 666 2992 ab
689 2933 827 2993 humanis
852 2933 958 2994 Curiae
985 2933 1133 3008 conciliis,
1161 2934 1269 3011 quibus
1297 2934 1370 2992 haec

143 3041 330 3102 immodicam
352 3041 530 3101 Pontificum
556 3040 799 3115 dominationem,
827 3041 928 3117 adjuta
955 3041 1069 3116 ingenti
1093 3039 1266 3100 ficticiorum
1290 3039 1369 3116 epis·

144 3166 284 3225 caporum
325 3167 461 3224 numero,
508 3147 640 3208 stabilire
681 3147 747 3206 nisa
783 3147 902 3224 fuisset;
950 3147 1085 3206 homines
1127 3151 1266 3206 tractatos
1305 3146 1371 3206 illic

144 3274 210 3316 6886
245 3261 280 3316 01
310 3256 433 3316 Daedali
465 3255 623 3316 simulacra
653 3254 760 3314 8116018
791 3255 891 3314 nervis
926 3254 1077 3314 movenda.
1137 3252 1256 3312 Etenim
1287 3252 1369 3312 istud

144 3363 303 3424 concilium
326 3363 352 3423 si
375 3381 443 3423 cum
467 3363 639 3424 Tridentino
661 3362 823 3437 confertur,
851 3362 907 3420 hoc
934 3359 1100 3420 admirabili
1122 3360 1258 3420 libertate
1280 3377 1369 3420 usum

144 3489 210 3532 esse
228 3471 323 3530 videri
341 3475 446 3548 001681
482 3469 598 3548 Quippe
617 3469 750 3529 Tridenti
769 3469 846 3529 inter
864 3468 1081 3528 eruditissimos
1099 3467 1250 3544 theologos
1274 3467 1369 3526 diver-

145 3597 194 3639 sae
222 3580 385 3640 sententiae
407 3579 477 3655 plus
501 3578 594 3638 semel
616 3577 693 3638 serio
720 3577 872 3637 discussae
900 3581 983 3654 sunt,
1012 3577 1045 3635 in
1068 3575 1211 3636 Vaticano
1239 3575 1284 3634 nil
1311 3575 1369 3634 nisi

144 3687 242 3746 fucata
269 3686 492 3764 disceptationis
519 3685 634 3763 species
666 3684 800 3758 emicuit,
838 3689 900 3744 tota
928 3683 1059 3760 synodus
1087 3683 1173 3761 quasi
1200 3689 1370 3760 praeparata

144 3813 250 3870 magna
281 3794 417 3854 machina
448 3799 522 3869 erat,
551 3794 674 3870 jubente
705 3811 782 3870 papa
813 3791 1010 3868 praescriptos
1037 3795 1123 3850 80168
1150 3807 1237 3849 80008
1265 3789 1368 3866 edens;

143 3901 234 3960 immo
271 3907 373 3962 contra
409 3907 529 3962 cenam
561 3903 622 3960 fere
654 3899 820 3977 episcopos,
857 3899 909 3976 qui
940 3903 1001 3958 tam
1033 3897 1172 3974 indignae
1203 3895 1369 3956 comoediae

143 4009 241 4069 larvas
269 4027 301 4070 86
327 4011 467 4088 01861616
495 4007 666 4082 0010611101,
699 4007 797 4066 101086
823 4025 858 4066 88
885 4005 1004 4066 fraudes
1030 4011 1091 4065 tam
1119 4004 1218 4080 largae
1245 4002 1369 4080 abipso

143 4117 224 4194 Papa
250 4117 398 4178 adhibitae
425 4121 508 4194 sunt,
536 4121 571 4175 ut
597 4115 699 4193 plures
728 4133 828 4175 eorum
856 4115 985 4174 famosae
1009 4112 1115 4188 synodi
1138 4111 1222 4171 illius
1244 4109 1369 4188 Ephesi-

142 4243 212 4300 nae,
225 4241 311 4303 ,quae
333 4225 482 4285 latronum
505 4228 668 4284 conventus
690 4223 871 4296 nominatur,
893 4221 1122 4282 recordarentur.
1160 4217 1241 4294 Quae
1263 4217 1369 4293 omnia,

143 4331 223 4410 quod
249 4333 288 4392 ad
315 4333 412 4410 capita
437 4350 538 4392 rerum
565 4331 706 4409 pertinet,
734 4349 753 4389 a
780 4328 902 4404 Quirino
929 4333 959 4388 et
986 4327 1133 4388 Frideu’co
1159 4329 1294 4386 accurate
1320 4325 1370 4384 de-

144 4440 255 4518 scripta
273 4445 351 4500 sunt
395 4439 613 4500 confirmantur
630 4455 683 4516 per
700 4437 895 4514 Pomponium
914 4435 1034 4510 Letum,
1058 4435 1110 4512 qui
1133 4433 1229 4512 ipsius
1247 4432 1370 4492 Vitelle-

143 4547 208 4608 schi
224 4547 388 4608 0801108118
406 4547 498 4607 diano
517 4547 562 4606 uti
582 4549 702 4624 poterat.
740 4543 837 4619 Quare
854 4543 1009 4603 veritatem
1027 4541 1197 4602 historicam
1215 4541 1370 4602 obscurare

188 4649 399 4694 Schlcttrnanni
413 4649 516 4693 1110810118
529 4647 642 4692 redivivus
655 4646 684 4691 11.
1176 4645 1207 4698 11
