3134 5054
267 312 319 368 278
754 314 857 364 Panum
879 313 990 365 Parosta

266 530 343 588 illius
376 545 443 602 spes
476 528 538 586 sola
569 526 628 587 fide
663 532 693 586 et
726 527 849 587 caritate
877 527 1048 587 christiana
1063 528 1221 589 nitebatur.
1275 529 1332 588 Pro
1359 529 1478 587 hnmano

262 633 372 707 judicio
392 632 428 691 de
449 632 631 692 restituenda
653 632 806 692 eoncordia
827 647 947 706 prorsus
969 632 1183 708 desperandum
1203 649 1286 708 esse,
1316 649 1403 692 nemo
1425 634 1478 691 cla·

265 739 326 796 rins
347 741 417 796 tunc
439 753 524 810 qnam
547 737 611 810 ipsa
634 737 790 810 perspexit.
835 736 971 810 Inprimis
994 743 1132 796 accurate
1151 737 1239 812 vidit,
1262 737 1349 798 stiam
1366 737 1479 796 seditio

265 839 362 915 nibus,
403 857 478 914 quae
508 841 540 899 in
570 839 728 899 Germania
758 845 931 914 eruperant,
965 840 1044 899 hand
1072 857 1174 915 pamm
1204 843 1331 901 crevisse
1360 841 1477 900 alterim

266 945 358 1017 partis
392 943 530 1002 adversus
564 945 686 1002 alteram
722 943 921 1018 inimicitiam,
963 944 1019 1002 etsi
1050 945 1082 1002 iu
1115 944 1250 1004 sedandis
1277 945 1335 1003 illis
1366 945 1477 1018 utrique

266 1050 410 1122 conjuncti
433 1047 549 1107 inerint
593 1049 696 1122 Neque
720 1064 785 1106 eum
808 1047 883 1123 iugit
902 1048 1079 1122 Lntherum,
1101 1047 1195 1108 turbis
1214 1049 1273 1106 illis
1294 1047 1479 1108 vehementer
1547 1030 1548 1055 ³

266 1159 451 1228 commotum,
492 1154 554 1227 jam
592 1153 680 1212 aliter
713 1152 749 1212 de
788 1151 961 1226 quibusdam
990 1153 1078 1212 rebus
1107 1169 1193 1226 quam
1225 1159 1315 1212 antea
1341 1153 1478 1227 iudicare.
1546 1153 1547 1170 ¹

265 1257 386 1332 Equites
422 1257 570 1331 Sickingio
603 1257 677 1316 duce
711 1256 889 1318 rebellantes
924 1257 1069 1332 evangelii
1103 1273 1221 1316 canmm
1252 1273 1326 1331 prae
1358 1273 1391 1316 se
1426 1273 1477 1314 non
1546 1257 1547 1260 ’

265 1362 401 1421 tnlorant
460 1360 517 1420 Sed
553 1361 652 1434 plures
696 1376 798 1419 eorum
834 1359 966 1420 Luthero
1011 1359 1149 1419 auxilinm
1190 1377 1270 1420 sunm
1308 1361 1477 1420 obtulerant

154 1475 155 1478 ’
266 1467 361 1538 Atque
399 1465 514 1523 illorum
543 1465 668 1523 tumultu
704 1479 843 1537 oppresso
872 1463 1033 1539 Huttenus,
1066 1465 1149 1538 quasi
1176 1451 1374 1539 propugnator
1405 1469 1478 1524 esset

267 1564 424 1642 evangelii,
459 1585 516 1642 quo
548 1568 632 1627 valde
661 1567 811 1641 indignum
830 1569 860 1627 in
883 1569 944 1626 vita
966 1584 998 1628 se
1021 1567 1200 1643 praebebat,
1228 1569 1380 1629 Erasmum
1401 1568 1476 1627 velot

266 1673 397 1732 veritatis
417 1676 580 1746 apostatam
600 1678 743 1732 venenato
773 1671 872 1732 libello
894 1688 1050 1747 aggressus
1073 1677 1125 1732 est
1170 1673 1205 1731 In
1226 1673 1304 1732 bello
1326 1673 1477 1745 rusticano,

266 1794 439 1852 quamquam
474 1779 574 1836 variae
602 1778 665 1852 ejus
698 1793 803 1837 causae
836 1775 967 1852 fuerant,
997 1779 1084 1837 etiam
1119 1778 1306 1851 evangelicae
1339 1777 1479 1838 libertatis

264 1883 358 1958 patuit
381 1881 501 1941 abusum
521 1879 630 1940 iactum
653 1897 726 1941 ease.
771 1881 817 1941 De
839 1881 975 1942 nefandis
996 1879 1129 1957 flagitiis,
1151 1887 1221 1941 tunc
1242 1899 1297 1955 per
1315 1883 1475 1941 universam

266 1989 328 2047 tere
351 1986 536 2046 Gennaniam
565 1986 748 2062 propagatis,
779 1985 917 2046 Erasmus
942 2003 960 2045 a
992 1987 1152 2061 propinquo
1182 1988 1289 2046 certior
1310 1985 1407 2046 iactus
1427 1993 1475 2045 est

265 2092 336 2152 Post
363 2093 430 2150 illas
453 2091 555 2150 turbas
577 2090 654 2149 haud
675 2106 783 2164 pancos
805 2107 824 2150 a
846 2090 993 2166 Luthero,
1027 2091 1065 2150 ad
1088 2105 1174 2165 quem
1195 2089 1348 2166 hucusqne'
1364 2091 1479 2150 inclina·
1546 2165 1547 2170 ἵ

264 2202 381 2271 verant,
410 2211 529 2270 prorsus
551 2209 668 2253 aversos
696 2210 760 2254 esse
782 2194 863 2256 vidit.
907 2196 974 2270 Ipse
997 2195 1168 2254 recordatus
1191 2201 1251 2270 est,
1277 2197 1390 2269 quoties
1407 2194 1479 2268 peri-
1546 2173 1547 2206 ἶ

265 2301 360 2360 eninm
392 2301 430 2358 ab
460 2300 587 2359 excitata
617 2299 801 2358 multitudine
832 2297 990 2358 timendum
1020 2299 1129 2358 mustra
1160 2297 1326 2359 indicasset
1377 2299 1473 2371 Neque

266 2411 364 2464 muron
387 2420 511 2478 unquam
533 2402 693 2463 Lnthemm
715 2419 769 2462 sua
789 2408 890 2478 sponte
913 2403 1085 2463 seditionem
1108 2404 1294 2463 commovisse
1318 2404 1404 2478 dixit,
1428 2401 1475 2462 sed

265 2507 443 2568 sermonibus
476 2508 599 2567 incautis
627 2512 658 2565 et
690 2508 844 2581 paradoxis
879 2508 999 2567 invitum
1032 2509 1113 2566 illum
1140 2507 1220 2567 rudis
1249 2507 1343 2582 plebis
1372 2509 1475 2566 animos

265 2612 419 2684 instigasse
441 2611 560 2684 putavit
595 2611 687 2670 Immo
711 2612 800 2671 etiam
821 2611 852 2670 id
872 2613 903 2670 in
923 2611 1097 2671 oblivionem
1114 2611 1259 2672 adducere
1272 2617 1404 2685 poterat,
1425 2610 1475 2669 nisi

267 2715 369 2775 eodem
397 2732 487 2789 anno,
514 2715 569 2789 qod
599 2714 707 2774 bellum
736 2717 914 2776 rusticanum
944 2721 1110 2788 exarserat,
1139 2715 1285 2776 Lntherus
1316 2723 1347 2776 et
1369 2717 1477 2775 suiset

265 2819 379 2878 Erasmi
407 2820 536 2879 hostibus
556 2837 697 2880 summum
717 2821 852 2895 gaudium
875 2837 910 2880 eo
931 2825 1078 2895 parasset,
1102 2819 1178 2894 quod
1199 2821 1295 2896 huno,
1316 2837 1401 2895 quem
1420 2824 1476 2896 jam

266 2929 355 2984 antea
375 2925 486 3000 pluries
514 2926 654 2996 laeserat,
684 2925 879 2999 injustissimis
902 2941 938 2984 ex
958 2929 1043 2998 parte
1066 2925 1298 2999 saevissimisquo
1321 2924 1477 3000 opprobriis

265 3030 358 3105 petiit
410 3029 548 3089 Erasmus
578 3045 666 3088 unum
697 3030 759 3102 eJ'us
785 3029 905 3104 dogma,
939 3029 1015 3102 quod
1042 3028 1079 3088 de
1107 3029 1377 3104 praedest'matione
1408 3033 1477 3102 erat,

266 3134 353 3208 idque
374 3151 433 3194 non
455 3134 612 3207 hostiliter,
634 3133 687 3192 sed
711 3133 841 3192 velutin
863 3132 1031 3206 quaerenda
1051 3134 1223 3207 evangelica
1237 3133 1362 3192 veritate
1377 3135 1477 3198 meina

264 3240 493 3314 impugnaverat
529 3237 673 3296 Lutherus
695 3237 776 3299 illum
802 3243 834 3296 ut
856 3238 1014 3310 scepticum
1028 3236 1240 3296 Christianismi
1255 3242 1477 3310 contemptorem

266 3347 297 3400 et
321 3359 497 3415 eversorem,
517 3342 566 3400 rix
589 3341 695 3400 additis
717 3341 883 3400 lenimentis
905 3340 1091 3416 quibusdam,
1113 3341 1309 3416 increpitavit
1348 3340 1478 3400 Eundem

265 3445 335 3502 iude
358 3446 396 3504 ab
420 3463 455 3505 eo
477 3451 626 3520 tempore,
649 3445 719 3504 licet
739 3462 880 3519 generoso
902 3447 998 3504 animo
1019 3446 1100 3518 pacis
1115 3446 1290 3520 studiosum,
1311 3445 1376 3519 plus
1390 3444 1478 3505 semei

266 3549 406 3608 atrociter
437 3549 564 3623 reppulit
597 3554 629 3608 et
659 3550 772 3623 reJeeit
821 3549 870 3609 Sic
903 3565 963 3609 una
1000 3567 1066 3609 cunr
1104 3566 1141 3610 oo
1172 3550 1277 3608 multos
1305 3551 1379 3610 alios
1404 3551 1479 3608 viros

266 3653 411 3728 eruditos,
448 3653 497 3726 qui
527 3653 556 3710 in
587 3653 762 3726 gravissimis
782 3655 870 3714 rebus
891 3671 955 3713 cum
974 3653 1232 3728 Vitebergensibus
1253 3653 1479 3724 consentiebant

265 3759 370 3817 invitos
399 3758 560 3833 papisticao
586 3757 771 3832 tyrannides,
800 3761 862 3834 jam
891 3757 1087 3818 decrescentis
1117 3763 1203 3832 atque
1225 3759 1365 3834 labantis,
1400 3757 1479 3833 adju-

265 3869 346 3922 tores
366 3861 503 3923 reddidit.

352 3967 434 4028 Haec
466 3973 564 4028 tamen
599 3983 657 4027 non
679 3967 755 4026 'sine
787 3967 883 4040 aliqua
915 3965 1006 4039 ipsius
1038 3966 1154 4025 Eraami
1189 3965 1274 4039 culpa
1306 3964 1386 4026 iacta
1415 3983 1478 4025 esse
1546 4003 1547 4006 =

266 4079 397 4146 apparet.
450 4072 545 4132 Erant
575 4073 606 4131 in
636 4073 698 4145 ejus
729 4071 826 4130 indole
857 4076 888 4130 et
916 4071 1022 4146 agendi
1052 4071 1179 4145 ratione,
1209 4087 1284 4144 quae
1312 4069 1424 4130 firmum
1451 4077 1480 4128 et
1547 4052 1548 4067 ¹

266 4183 378 4236 rectum
400 4177 508 4252 virum,
531 4179 624 4250 qualis
646 4175 794 4235 Lnthems
818 4181 896 4249 erat,
921 4193 980 4236 non
1001 4177 1118 4235 irritare
1142 4193 1200 4236 non
1222 4181 1367 4250 poterant.
1412 4175 1479 4233 Ani-

266 4299 343 4340 mum
367 4286 449 4340 tanto
472 4283 590 4355 ingenio
614 4281 732 4354 dignum
754 4283 800 4341 vel
823 4281 952 4341 sinceros
974 4281 1113 4354 quosdam
1136 4280 1327 4340 admiratores
1355 4287 1385 4340 et
1410 4280 1480 4338 ami·

265 4401 315 4444 eos
343 4385 488 4445 interdum
519 4387 550 4443 in
580 4401 616 4446 eo
646 4385 829 4445 desiderasse
858 4385 991 4444 vidimus.
1037 4384 1082 4443 Er
1109 4385 1155 4444 his
1181 4385 1321 4444 hibertus
1342 4384 1479 4456 Durerns,

265 4503 394 4546 summus
423 4487 561 4561 pingendi
591 4487 709 4560 muter,
743 4505 831 4560 quum
863 4489 895 4546 in
923 4487 1077 4547 Hellandia
1110 4489 1302 4562 peregrinans
1336 4503 1479 4547 mmorem

266 4587 423 4647 audivisset
444 4589 481 4648 de
503 4589 632 4648 Lnthero
654 4596 719 4662 post
740 4591 859 4649 comitia
877 4591 1103 4651 wormatiensis
1124 4609 1142 4651 a
1160 4591 1391 4652 Romanensibus
1411 4592 1476 4650 snb-
