3176 5064
669 263 756 317 Carur
774 264 823 317 Ill.
1327 267 1360 319 41

172 358 426 364 ——--------
441 359 461 364 -.
479 359 506 364 --
520 359 628 364 ------
638 359 836 364 --...-..—...
889 359 941 365 -....
953 359 1363 368 ..—-·-..---.—-—.-..-—.—-—

135 467 284 542 putabant.
331 465 451 525 Frustra
474 465 685 526 Germanorum
709 466 828 526 nomine
851 466 1052 526 Fordirrandus
1075 467 1222 544 poposcit,
1246 473 1279 527 ut
1298 485 1362 528 ver-

134 573 241 632 nacula
264 574 419 649 linguam
443 574 534 633 saeris
558 574 758 649 adhiberetur,
782 579 816 632 ut
833 573 916 634 laicis
935 575 1128 634 eucharistiae
1148 581 1361 636 sacramentum

135 682 191 740 sub
227 685 352 758 utraque
390 681 488 757 specie
520 681 762 758 impertiendum,
801 681 917 741 clericis
949 682 1168 741 matrimonium
1199 683 1363 743 ineundum

135 789 355 863 concederetur,
388 795 422 847 ut
449 789 525 848 liber
552 789 682 848 missalis
710 795 740 848 et
767 789 957 861 breviarium,
989 789 1098 849 fabulis
1130 795 1219 867 atque
1241 791 1363 868 ineptiis

135 867 247 972 passim
275 897 452 973 squalentia,
481 897 740 973 emendareritur3l
774 897 882 955 frustra
915 897 1015 955 melem
1043 897 1105 956 fere
1131 897 1271 961 Poloniae
1298 899 1363 958 Rex

134 1010 223 1081 atque
246 1008 354 1078 status,
383 1003 492 1062 similia
515 1003 593 1064 Galli
617 1004 778 1081 petieruut;
807 1005 917 1063 trustra
939 1003 1064 1081 Hispani
1093 1003 1239 1082 episeopis
1267 1007 1363 1082 priora

131 1112 199 1186 jura
221 1131 239 1170 a
261 1112 454 1171 Pontificibus
477 1111 621 1188 paulatim
644 1111 806 1188 intercepta
824 1130 997 1188 recuperare
1016 1112 1113 1171 annisi
1133 1117 1210 1172 sunt.
1257 1111 1363 1174 Omnia

134 1220 207 1280 haec
229 1217 381 1296 multaque
409 1219 466 1278 alia
494 1219 604 1278 similia
628 1220 689 1295 jam
718 1220 831 1296 pridem
856 1220 998 1280 Erasmus
1021 1225 1050 1278 et
1073 1220 1124 1297 qui
1148 1239 1215 1279 eum
1239 1239 1273 1280 eo
1296 1239 1362 1280 sen·

133 1327 247 1386 tiebant
269 1327 450 1386 emendanda
473 1327 521 1385 vel
544 1328 672 1402 ingenue
696 1327 823 1386 confessi
843 1333 926 1386 eraut
944 1327 992 1386 vel
1012 1333 1096 1387 caute
1116 1327 1361 1403 significaverant.

135 1433 332 1494 Gravissimas
360 1453 436 1511 quae
464 1433 689 1511 postulabantur
716 1452 763 1493 res
791 1435 857 1510 ipsa
881 1434 970 1494 Curia
993 1433 1114 1494 Graecis
1142 1453 1243 1494 seeum
1271 1435 1363 1494 unitis

133 1547 331 1618 correesserat3
369 1542 527 1618 quominus
563 1542 681 1600 easdem
715 1540 952 1601 occidentalibus
988 1543 1071 1602 daret
1107 1542 1190 1601 nulla
1221 1541 1364 1618 religione

133 1649 342 1726 prohibebatur
370 1650 421 1709 scd
449 1649 512 1710 solo
535 1655 629 1724 metu,
658 1667 696 1708 nc
723 1649 852 1708 cedendo
880 1655 910 1708 et
936 1649 1049 1726 aliquid
1071 1649 1255 1709 reformando
1280 1668 1362 1709 suam
1429 1627 1434 1639 ⁸

132 1757 336 1816 auctoritatem
360 1763 389 1816 et
412 1757 574 1834 potentiam
597 1757 788 1832 diminueret,
811 1757 901 1816 immo
924 1757 960 1815 ad
984 1775 1017 1816 se
1034 1757 1131 1834 ipsam
1149 1757 1363 1816 reformandam

133 1871 294 1940 cogeretur.
350 1865 391 1923 At
421 1883 490 1923 vero
522 1865 666 1940 ejusmodi
700 1865 906 1924 rotomnatiene
939 1883 971 1924 se
998 1883 1084 1940 egere
1111 1865 1176 1942 ipsu
1207 1864 1363 1942 aliquoties

132 1977 258 2048 urgente
286 1971 465 2030 conscientia
488 1972 640 2030 latendum
664 1972 766 2031 fuerat.
814 1971 863 2032 Sic
881 1972 1030 2031 Adrianus
1049 1972 1099 2031 VI.
1124 1972 1205 2049 Papa
1227 1973 1258 2031 in
1282 1991 1363 2031 man-

132 2079 226 2153 datis,
250 2097 325 2156 quae
348 2079 453 2138 urrntio
473 2073 511 2137 'ad
532 2079 657 2138 Comitia
674 2079 933 2154 Norimbergensia
951 2080 1083 2154 dederat,
1107 2079 1155 2138 his
1173 2079 1271 2138 verbis
1290 2097 1363 2139 usus

131 2191 208 2245 erat:
233 2185 364 2260 ,Scimus
387 2185 418 2244 in
441 2186 496 2244 hae
520 2192 621 2246 sancta
643 2187 712 2246 sede
735 2186 848 2263 aliquot
868 2187 928 2262 jam
952 2187 1039 2245 annis
1058 2187 1152 2246 multa
1170 2187 1364 2246 abominanda

131 2294 240 2368 luisse,
263 2295 374 2353 abusus
398 2293 429 2352 in
453 2293 670 2370 spiritualibus,
698 2312 840 2353 excessus
863 2294 895 2352 in
922 2294 1081 2368 mandatis,
1109 2295 1209 2352 omnia
1236 2295 1363 2372 denique

130 2403 163 2460 in
188 2419 360 2478 perversum
383 2406 508 2477 mutata;
538 2419 592 2460 nec
620 2401 742 2474 mirum,
775 2401 801 2460 si
829 2401 980 2476 aegritudo
1008 2401 1144 2478 acupile
1170 2401 1202 2460 in
1225 2403 1362 2476 membra,

130 2529 148 2568 a
169 2509 295 2568 summis
309 2508 501 2568 Pontificibus
520 2509 549 2566 in
570 2508 643 2567 alios
662 2509 817 2568 inferiores
835 2509 981 2585 praelatos
999 2509 1222 2568 descenderit.‘2
1258 2509 1363 2568 Postea

130 2617 245 2676 Paulus
268 2616 323 2675 ΙΙΙ.
347 2617 420 2675 viris
443 2615 619 2693 quibusdam
643 2633 776 2675 summae
803 2616 1031 2676 existimationis
1059 2621 1088 2675 et
1116 2617 1301 2692 prudentiae,
1330 2623 1364 2676 ut

131 2743 209 2801 quae
236 2724 267 2781 in
292 2723 381 2783 Craris
407 2723 591 2782 reformanda
618 2729 731 2797 esseut,
763 2727 1019 2800 perscrutarentur
1046 2723 1267 2800 mandaverat.³)
1323 2724 1363 2783 Hi

131 2831 164 2889 in
197 2831 308 2907 scripto
340 2831 377 2890 ‹le
408 2849 442 2889 ea
473 2848 505 2890 re
537 2830 660 2890 consilio
693 2831 802 2908 Papam
835 2831 1019 2908 alloquentes
1051 2832 1087 2890 ab
1119 2830 1203 2890 initio
1235 2831 1364 2906 ingenue

131 2938 362 3012 admonuerunt,
386 2938 579 3016 ,principium
603 2939 747 2998 malorum
770 2938 840 2997 inde
863 2938 969 3012 luisse,
999 2939 1077 3016 quod
1100 2937 1238 2996 nonnulli
1261 2938 1362 2997 Ponti-

131 3047 205 3105 fices
227 3047 467 3122 praedecessores
485 3046 550 3122 ejus
569 3046 736 3123 prurientes
754 3046 874 3104 auribus
894 3045 1068 3122 (secundum
1087 3046 1207 3104 verbum
1225 3045 1362 3122 apostoli)

132 3159 355 3214 coacervassent
378 3154 434 3212 sibi
458 3154 616 3230 magistros
638 3154 675 3212 ad
698 3153 842 3230 desideria
866 3169 931 3226 sua,
959 3170 1017 3212 nou
1042 3157 1075 3210 ut
1097 3152 1133 3210 ab
1156 3151 1193 3210 iis
1215 3152 1363 3211 discerent

132 3261 207 3339 quid
234 3261 330 3320 lacere
357 3261 509 3336 deberent,
538 3261 590 3320 sed
617 3265 776 3320 uteorum
804 3259 902 3318 studio
930 3263 959 3318 et
990 3257 1149 3318 calliditate
1180 3258 1363 3317 inveniretur

132 3368 220 3442 ratio,
244 3387 303 3445 qua
324 3368 427 3428 liceret
449 3368 479 3426 id
503 3368 582 3445 quod
604 3368 725 3428 liberet‘
776 3365 891 3426 Deinde
917 3366 1036 3442 longam
1063 3370 1236 3426 enumerant
1258 3365 1362 3425 tollen-

132 3476 238 3534 dorum
260 3476 407 3534 abusuum
430 3475 550 3550 seriem,
574 3475 625 3552 qui
648 3493 687 3534 ex
709 3474 887 3534 Pontificum
910 3473 1060 3550 superbia,
1083 3472 1218 3546 avaritia,
1241 3473 1363 3549 profana

133 3587 233 3642 mente
265 3581 474 3642 emanaverint.
529 3581 648 3641 Primus
681 3582 791 3659 scripto
827 3599 934 3640 nomen
972 3579 1140 3640 subnotavit
1172 3580 1361 3655 contarenus,

134 3695 202 3767 post
224 3709 292 3750 eum
318 3689 444 3765 Oaraffa,
465 3689 632 3764 SadcletuS,
656 3689 716 3748 alii.
768 3689 824 3748 llle
853 3689 959 3748 andito
983 3689 1080 3766 Papae
1108 3687 1209 3747 libello
1236 3705 1297 3746 rem
1325 3687 1363 3745 ad

135 3797 280 3856 Calendas
313 3796 438 3857 Graecas
470 3797 592 3856 relatam
624 3815 690 3856 esse
722 3797 804 3855 vidit.
862 3796 919 3869 Qui
952 3796 977 3854 si
1010 3799 1078 3872 post
1110 3794 1235 3854 Comitia
1266 3793 1361 3853 Ratis-

134 3904 275 3964 bonensia
307 3905 373 3976 tali,
410 3904 497 3981 quale
529 3904 673 3978 diximuS,
711 3903 843 3963 Concilio
875 3901 1037 3962 universali
1069 3900 1264 3975 interfuisset,
1297 3901 1362 3960 sine

134 4010 235 4085 dubio,
263 4015 296 4070 ut
324 4017 386 4071 erat
412 4011 459 4069 vir
485 4010 656 4086 religiosus,
688 4010 726 4069 ad
753 4009 895 4086 pristinas
923 4009 959 4069 de
988 4009 1076 4068 Curia
1104 4008 1238 4086 querelas
1266 4025 1362 4068 rever-

134 4119 227 4178 tisset
274 4118 328 4179 Sin
351 4135 419 4178 vero
442 4123 556 4178 eeteros
579 4118 732 4196 episcopos
755 4115 900 4194 plurimos
922 4121 1043 4193 propter
1064 4115 1187 4174 nimiam
1206 4115 1286 4174 sedis
1304 4115 1362 4175 Rc-

243 4385 268 4452 1)
288 4383 326 4437 Cl.
346 4381 494 4450 Friedrich,
515 4381 673 4436 Gcschiehtc
692 4383 740 4435 des
758 4381 843 4435 Velie.
864 4379 968 4436 concils
986 4381 1011 4448 l,
1031 4380 1151 4448 p.13ss.

242 4473 269 4540 2)
288 4472 404 4542 Conriug
422 4471 439 4524 l.
455 4489 477 4526 c.
498 4489 522 4540 p.
538 4472 598 4525 348.

242 4563 269 4630 3)
288 4561 389 4615 Ibidem
409 4577 433 4630 p.
452 4561 502 4614 159
513 4577 548 4614 ss.
