<?xml version="1.0" encoding="UTF-8"?>
<!DOCTYPE html PUBLIC "-//W3C//DTD XHTML 1.0 Transitional//EN"
    "http://www.w3.org/TR/xhtml1/DTD/xhtml1-transitional.dtd">
<html xmlns="http://www.w3.org/1999/xhtml" xml:lang="en" lang="en">
 <head>
  <title>
</title>
<meta http-equiv="Content-Type" content="text/html;charset=utf-8" />
  <meta name='ocr-system' content='tesseract 3.04.00' />
  <meta name='ocr-capabilities' content='ocr_page ocr_carea ocr_par ocr_line ocrx_word'/>
</head>
<body>
  <div class='ocr_page' id='page_1' title='image "./erasmusredivivu00schlgoog_0478.png"; bbox 0 0 3144 5092; ppageno 0'>
   <div class='ocr_carea' id='block_1_1' title="bbox 646 267 1327 323">
    <p class='ocr_par' dir='ltr' id='par_1_1' title="bbox 646 267 1327 323">
     <span class='ocr_line' id='line_1_1' title="bbox 646 267 1327 323; baseline -0.003 0"><span class='ocrx_word' id='word_1_1' title='bbox 646 267 734 323; x_wconf 73' lang='lat' dir='ltr'>urm</span> <span class='ocrx_word' id='word_1_2' title='bbox 751 267 785 320; x_wconf 88' lang='lat' dir='ltr'>V.</span> <span class='ocrx_word' id='word_1_3' title='bbox 1293 267 1327 322; x_wconf 79' lang='lat'>97</span> 
     </span>
    </p>
   </div>
   <div class='ocr_carea' id='block_1_2' title="bbox 76 468 1338 2592">
    <p class='ocr_par' dir='ltr' id='par_1_2' title="bbox 76 468 1338 2592">
     <span class='ocr_line' id='line_1_2' title="bbox 76 468 1329 548; baseline -0.006 -13"><span class='ocrx_word' id='word_1_4' title='bbox 76 473 268 534; x_wconf 79' lang='lat' dir='ltr'>mortalium</span> <span class='ocrx_word' id='word_1_5' title='bbox 300 473 333 531; x_wconf 91' lang='grc'>111</span> <span class='ocrx_word' id='word_1_6' title='bbox 364 471 476 530; x_wconf 80' lang='lat' dir='ltr'>divinis</span> <span class='ocrx_word' id='word_1_7' title='bbox 503 469 734 547; x_wconf 78' lang='lat' dir='ltr'><strong>perfectionibus</strong></span> <span class='ocrx_word' id='word_1_8' title='bbox 761 469 899 529; x_wconf 89' lang='lat' dir='ltr'>collatam</span> <span class='ocrx_word' id='word_1_9' title='bbox 924 468 1034 528; x_wconf 88' lang='lat' dir='ltr'>mirum</span> <span class='ocrx_word' id='word_1_10' title='bbox 1061 473 1205 548; x_wconf 88' lang='lat' dir='ltr'>quantum</span> <span class='ocrx_word' id='word_1_11' title='bbox 1232 469 1329 529; x_wconf 90' lang='lat' dir='ltr'>firma-</span> 
     </span>
     <span class='ocr_line' id='line_1_3' title="bbox 78 576 1329 658; baseline -0.004 -17"><span class='ocrx_word' id='word_1_12' title='bbox 78 587 159 641; x_wconf 87' lang='lat' dir='ltr'>tum</span> <span class='ocrx_word' id='word_1_13' title='bbox 191 580 242 656; x_wconf 88' lang='lat' dir='ltr'>iri,</span> <span class='ocrx_word' id='word_1_14' title='bbox 270 598 329 658; x_wconf 90' lang='lat' dir='ltr'>qua</span> <span class='ocrx_word' id='word_1_15' title='bbox 355 577 609 657; x_wconf 88' lang='lat' dir='ltr'>pulchritudinem</span> <span class='ocrx_word' id='word_1_16' title='bbox 636 576 765 638; x_wconf 84' lang='lat' dir='ltr'>civitatis</span> <span class='ocrx_word' id='word_1_17' title='bbox 787 576 857 651; x_wconf 86' lang='lat' dir='ltr'>Dei,</span> <span class='ocrx_word' id='word_1_18' title='bbox 884 577 1060 654; x_wconf 79' lang='lat' dir='ltr'>praecipuae</span> <span class='ocrx_word' id='word_1_19' title='bbox 1082 576 1214 636; x_wconf 88' lang='lat' dir='ltr'>universi</span> <span class='ocrx_word' id='word_1_20' title='bbox 1236 577 1329 654; x_wconf 89' lang='lat' dir='ltr'>partis</span> 
     </span>
     <span class='ocr_line' id='line_1_4' title="bbox 78 683 1330 765; baseline -0.005 -17"><span class='ocrx_word' id='word_1_21' title='bbox 78 691 154 765; x_wconf 87' lang='lat' dir='ltr'>jam</span> <span class='ocrx_word' id='word_1_22' title='bbox 186 689 219 747; x_wconf 90' lang='lat' dir='ltr'>in</span> <span class='ocrx_word' id='word_1_23' title='bbox 246 688 303 748; x_wconf 85' lang='lat' dir='ltr'>hac</span> <span class='ocrx_word' id='word_1_24' title='bbox 329 687 391 746; x_wconf 87' lang='lat' dir='ltr'>vita</span> <span class='ocrx_word' id='word_1_25' title='bbox 417 687 615 760; x_wconf 77' lang='lat' dir='ltr'>intuerentur,</span> <span class='ocrx_word' id='word_1_26' title='bbox 642 685 803 762; x_wconf 87' lang='lat' dir='ltr'>perfectius</span> <span class='ocrx_word' id='word_1_27' title='bbox 830 685 978 762; x_wconf 89' lang='lat' dir='ltr'>quondam</span> <span class='ocrx_word' id='word_1_28' title='bbox 1005 684 1139 760; x_wconf 89' lang='lat' dir='ltr'>ejusdem</span> <span class='ocrx_word' id='word_1_29' title='bbox 1166 683 1330 761; x_wconf 91' lang='lat' dir='ltr'>pulchritu-</span> 
     </span>
     <span class='ocr_line' id='line_1_5' title="bbox 83 790 1331 870; baseline -0.004 -16"><span class='ocrx_word' id='word_1_30' title='bbox 83 797 201 856; x_wconf 83' lang='lat' dir='ltr'>dinem</span> <span class='ocrx_word' id='word_1_31' title='bbox 232 794 411 854; x_wconf 79' lang='lat' dir='ltr'>mortalitate</span> <span class='ocrx_word' id='word_1_32' title='bbox 441 793 576 870; x_wconf 87' lang='lat' dir='ltr'>deposita</span> <span class='ocrx_word' id='word_1_33' title='bbox 606 791 724 852; x_wconf 88' lang='lat' dir='ltr'>divinae</span> <span class='ocrx_word' id='word_1_34' title='bbox 755 791 866 868; x_wconf 89' lang='lat' dir='ltr'>gloriae</span> <span class='ocrx_word' id='word_1_35' title='bbox 897 791 1012 852; x_wconf 89' lang='lat' dir='ltr'>lumine</span> <span class='ocrx_word' id='word_1_36' title='bbox 1043 790 1268 868; x_wconf 77' lang='lat' dir='ltr'>contemplaturi</span> <span class='ocrx_word' id='word_1_37' title='bbox 1301 795 1331 850; x_wconf 90' lang='lat' dir='ltr'>et</span> 
     </span>
     <span class='ocr_line' id='line_1_6' title="bbox 84 900 287 980; baseline 0.015 -43"><span class='ocrx_word' id='word_1_38' title='bbox 84 900 287 980; x_wconf 61' lang='lat' dir='ltr'>mgnjmrjfl</span> 
     </span>
     <span class='ocr_line' id='line_1_7' title="bbox 208 1006 1331 1087; baseline -0.004 -18"><span class='ocrx_word' id='word_1_39' title='bbox 208 1009 314 1087; x_wconf 89' lang='lat' dir='ltr'>ltaque</span> <span class='ocrx_word' id='word_1_40' title='bbox 341 1008 465 1069; x_wconf 77' lang='lat' dir='ltr'>eandem</span> <span class='ocrx_word' id='word_1_41' title='bbox 492 1025 647 1068; x_wconf 73' lang='lat' dir='ltr'>musarum</span> <span class='ocrx_word' id='word_1_42' title='bbox 675 1006 868 1080; x_wconf 79' lang='lat' dir='ltr'>efficientium</span> <span class='ocrx_word' id='word_1_43' title='bbox 895 1011 925 1066; x_wconf 90' lang='lat' dir='ltr'>et</span> <span class='ocrx_word' id='word_1_44' title='bbox 947 1006 1095 1080; x_wconf 88' lang='lat' dir='ltr'>finalium,</span> <span class='ocrx_word' id='word_1_45' title='bbox 1123 1023 1223 1065; x_wconf 90' lang='lat' dir='ltr'>rerum</span> <span class='ocrx_word' id='word_1_46' title='bbox 1246 1010 1331 1064; x_wconf 83' lang='lat' dir='ltr'>nahr-</span> 
     </span>
     <span class='ocr_line' id='line_1_8' title="bbox 88 1111 1331 1204; baseline -0.006 -26"><span class='ocrx_word' id='word_1_47' title='bbox 88 1136 147 1178; x_wconf 87' lang='lat' dir='ltr'>rae</span> <span class='ocrx_word' id='word_1_48' title='bbox 173 1122 205 1178; x_wconf 90' lang='lat' dir='ltr'>et</span> <span class='ocrx_word' id='word_1_49' title='bbox 227 1116 357 1176; x_wconf 86' lang='lat' dir='ltr'>civitatis</span> <span class='ocrx_word' id='word_1_50' title='bbox 376 1116 432 1204; x_wconf 75' lang='lat' dir='ltr'>Dei</span> <span class='ocrx_word' id='word_1_51' title='bbox 455 1115 704 1190; x_wconf 86' lang='lat' dir='ltr'>convenientiam,</span> <span class='ocrx_word' id='word_1_52' title='bbox 727 1133 816 1192; x_wconf 86' lang='lat' dir='ltr'>quam</span> <span class='ocrx_word' id='word_1_53' title='bbox 839 1119 942 1191; x_wconf 84' lang='lat' dir='ltr'>postea</span> <span class='ocrx_word' id='word_1_54' title='bbox 959 1113 1126 1174; x_wconf 80' lang='lat' dir='ltr'>leibnitius</span> <span class='ocrx_word' id='word_1_55' title='bbox 1149 1111 1331 1190; x_wconf 87' lang='lat' dir='ltr'>praestabili·</span> 
     </span>
     <span class='ocr_line' id='line_1_9' title="bbox 91 1219 1331 1298; baseline -0.006 -12"><span class='ocrx_word' id='word_1_56' title='bbox 91 1231 146 1286; x_wconf 85' lang='lat' dir='ltr'>tas</span> <span class='ocrx_word' id='word_1_57' title='bbox 188 1224 358 1285; x_wconf 85' lang='lat' dir='ltr'>harmoniae</span> <span class='ocrx_word' id='word_1_58' title='bbox 394 1223 514 1282; x_wconf 90' lang='lat' dir='ltr'>nomine</span> <span class='ocrx_word' id='word_1_59' title='bbox 545 1222 711 1282; x_wconf 75' lang='lat' dir='ltr'>accuratius</span> <span class='ocrx_word' id='word_1_60' title='bbox 743 1221 893 1298; x_wconf 86' lang='lat' dir='ltr'>explicare</span> <span class='ocrx_word' id='word_1_61' title='bbox 925 1221 1052 1296; x_wconf 86' lang='lat' dir='ltr'>studuit,</span> <span class='ocrx_word' id='word_1_62' title='bbox 1082 1221 1145 1298; x_wconf 87' lang='lat' dir='ltr'>jam</span> <span class='ocrx_word' id='word_1_63' title='bbox 1176 1219 1331 1297; x_wconf 86' lang='lat' dir='ltr'>Keplerus,</span> 
     </span>
     <span class='ocr_line' id='line_1_10' title="bbox 92 1325 1333 1405; baseline -0.006 -13"><span class='ocrx_word' id='word_1_64' title='bbox 92 1333 172 1393; x_wconf 89' lang='lat' dir='ltr'>licet</span> <span class='ocrx_word' id='word_1_65' title='bbox 208 1331 316 1392; x_wconf 87' lang='lat' dir='ltr'>iisdem</span> <span class='ocrx_word' id='word_1_66' title='bbox 347 1331 445 1391; x_wconf 84' lang='lat' dir='ltr'>verbis</span> <span class='ocrx_word' id='word_1_67' title='bbox 477 1347 536 1389; x_wconf 88' lang='lat' dir='ltr'>non</span> <span class='ocrx_word' id='word_1_68' title='bbox 567 1329 721 1404; x_wconf 82' lang='lat' dir='ltr'>adhibitis,</span> <span class='ocrx_word' id='word_1_69' title='bbox 757 1329 910 1405; x_wconf 86' lang='lat' dir='ltr'>ingeniose</span> <span class='ocrx_word' id='word_1_70' title='bbox 942 1328 1128 1405; x_wconf 83' lang='lat' dir='ltr'>significarit.</span> <span class='ocrx_word' id='word_1_71' title='bbox 1183 1325 1233 1388; x_wconf 87' lang='lat' dir='ltr'>Sic</span> <span class='ocrx_word' id='word_1_72' title='bbox 1264 1345 1333 1387; x_wconf 90' lang='lat' dir='ltr'>eum</span> 
     </span>
     <span class='ocr_line' id='line_1_11' title="bbox 94 1434 1333 1516; baseline -0.006 -16"><span class='ocrx_word' id='word_1_73' title='bbox 94 1443 198 1501; x_wconf 85' lang='lat' dir='ltr'>facem</span> <span class='ocrx_word' id='word_1_74' title='bbox 230 1439 339 1499; x_wconf 90' lang='lat' dir='ltr'>mentis</span> <span class='ocrx_word' id='word_1_75' title='bbox 370 1437 548 1516; x_wconf 87' lang='lat' dir='ltr'>praetulisse</span> <span class='ocrx_word' id='word_1_76' title='bbox 579 1436 766 1515; x_wconf 80' lang='lat' dir='ltr'>aequalibus,</span> <span class='ocrx_word' id='word_1_77' title='bbox 802 1435 971 1512; x_wconf 87' lang='lat' dir='ltr'>gratissimo</span> <span class='ocrx_word' id='word_1_78' title='bbox 1003 1435 1102 1495; x_wconf 88' lang='lat' dir='ltr'>animo</span> <span class='ocrx_word' id='word_1_79' title='bbox 1133 1435 1213 1494; x_wconf 86' lang='lat' dir='ltr'>haud</span> <span class='ocrx_word' id='word_1_80' title='bbox 1245 1434 1333 1512; x_wconf 86' lang='lat' dir='ltr'>pauci</span> 
     </span>
     <span class='ocr_line' id='line_1_12' title="bbox 96 1542 1334 1623; baseline -0.006 -14"><span class='ocrx_word' id='word_1_81' title='bbox 96 1566 204 1609; x_wconf 87' lang='lat' dir='ltr'>eorum</span> <span class='ocrx_word' id='word_1_82' title='bbox 224 1546 454 1620; x_wconf 79' lang='lat' dir='ltr'>confessisunt,</span> <span class='ocrx_word' id='word_1_83' title='bbox 478 1545 530 1623; x_wconf 90' lang='lat' dir='ltr'>qui</span> <span class='ocrx_word' id='word_1_84' title='bbox 549 1545 685 1623; x_wconf 83' lang='lat' dir='ltr'>quamvis</span> <span class='ocrx_word' id='word_1_85' title='bbox 704 1543 830 1604; x_wconf 90' lang='lat' dir='ltr'>sublime</span> <span class='ocrx_word' id='word_1_86' title='bbox 848 1543 1018 1604; x_wconf 82' lang='lat' dir='ltr'>Aristotelis</span> <span class='ocrx_word' id='word_1_87' title='bbox 1037 1543 1192 1620; x_wconf 85' lang='lat' dir='ltr'>ingenium</span> <span class='ocrx_word' id='word_1_88' title='bbox 1210 1542 1334 1602; x_wconf 90' lang='lat' dir='ltr'>minime</span> 
     </span>
     <span class='ocr_line' id='line_1_13' title="bbox 98 1651 1334 1733; baseline -0.006 -17"><span class='ocrx_word' id='word_1_89' title='bbox 98 1659 291 1733; x_wconf 84' lang='lat' dir='ltr'>spernerent,</span> <span class='ocrx_word' id='word_1_90' title='bbox 318 1659 419 1713; x_wconf 88' lang='lat' dir='ltr'>tamen</span> <span class='ocrx_word' id='word_1_91' title='bbox 445 1652 655 1713; x_wconf 82' lang='lat' dir='ltr'>intellexerant</span> <span class='ocrx_word' id='word_1_92' title='bbox 677 1651 883 1712; x_wconf 84' lang='lat' dir='ltr'>scholasticam</span> <span class='ocrx_word' id='word_1_93' title='bbox 906 1651 1123 1728; x_wconf 89' lang='lat' dir='ltr'>philosophiam</span> <span class='ocrx_word' id='word_1_94' title='bbox 1146 1651 1183 1710; x_wconf 90' lang='lat' dir='ltr'>ab</span> <span class='ocrx_word' id='word_1_95' title='bbox 1205 1668 1240 1710; x_wconf 92' lang='lat' dir='ltr'>eo</span> <span class='ocrx_word' id='word_1_96' title='bbox 1262 1667 1334 1728; x_wconf 91' lang='lat' dir='ltr'>pcn-</span> 
     </span>
     <span class='ocr_line' id='line_1_14' title="bbox 100 1757 1334 1838; baseline -0.004 -16"><span class='ocrx_word' id='word_1_97' title='bbox 100 1764 225 1822; x_wconf 90' lang='lat' dir='ltr'>dentem</span> <span class='ocrx_word' id='word_1_98' title='bbox 246 1779 306 1821; x_wconf 91' lang='lat' dir='ltr'>non</span> <span class='ocrx_word' id='word_1_99' title='bbox 328 1761 457 1838; x_wconf 90' lang='lat' dir='ltr'>amplius</span> <span class='ocrx_word' id='word_1_100' title='bbox 480 1761 650 1820; x_wconf 80' lang='lat' dir='ltr'>satisfacere</span> <span class='ocrx_word' id='word_1_101' title='bbox 672 1778 761 1838; x_wconf 88' lang='lat' dir='ltr'>posse</span> <span class='ocrx_word' id='word_1_102' title='bbox 782 1759 880 1821; x_wconf 85' lang='lat' dir='ltr'>altiori</span> <span class='ocrx_word' id='word_1_103' title='bbox 901 1759 1035 1819; x_wconf 79' lang='lat' dir='ltr'>veritatis</span> <span class='ocrx_word' id='word_1_104' title='bbox 1057 1757 1203 1818; x_wconf 88' lang='lat' dir='ltr'>desiderio</span> <span class='ocrx_word' id='word_1_105' title='bbox 1226 1757 1279 1817; x_wconf 90' lang='lat' dir='ltr'>sed</span> <span class='ocrx_word' id='word_1_106' title='bbox 1297 1758 1334 1817; x_wconf 91' lang='lat' dir='ltr'>ad</span> 
     </span>
     <span class='ocr_line' id='line_1_15' title="bbox 102 1865 1335 1946; baseline -0.004 -17"><span class='ocrx_word' id='word_1_107' title='bbox 102 1869 246 1930; x_wconf 84' lang='lat' dir='ltr'>solvenda</span> <span class='ocrx_word' id='word_1_108' title='bbox 268 1886 321 1946; x_wconf 93' lang='lat' dir='ltr'>pro</span> <span class='ocrx_word' id='word_1_109' title='bbox 344 1868 484 1928; x_wconf 87' lang='lat' dir='ltr'>humanis</span> <span class='ocrx_word' id='word_1_110' title='bbox 506 1867 620 1928; x_wconf 86' lang='lat' dir='ltr'>viribus</span> <span class='ocrx_word' id='word_1_111' title='bbox 642 1867 775 1928; x_wconf 87' lang='lat' dir='ltr'>universi</span> <span class='ocrx_word' id='word_1_112' title='bbox 797 1868 963 1944; x_wconf 86' lang='lat' dir='ltr'>aenigmata</span> <span class='ocrx_word' id='word_1_113' title='bbox 979 1885 1057 1926; x_wconf 84' lang='lat' dir='ltr'>nova</span> <span class='ocrx_word' id='word_1_114' title='bbox 1074 1884 1133 1944; x_wconf 89' lang='lat' dir='ltr'>qua</span> <span class='ocrx_word' id='word_1_115' title='bbox 1150 1865 1335 1926; x_wconf 86' lang='lat' dir='ltr'>incederetur</span> 
     </span>
     <span class='ocr_line' id='line_1_16' title="bbox 102 1971 1334 2054; baseline -0.001 -21"><span class='ocrx_word' id='word_1_116' title='bbox 102 1977 154 2036; x_wconf 80' lang='lat' dir='ltr'>via</span> <span class='ocrx_word' id='word_1_117' title='bbox 181 1994 256 2054; x_wconf 91' lang='lat' dir='ltr'>opus</span> <span class='ocrx_word' id='word_1_118' title='bbox 284 1993 357 2037; x_wconf 70' lang='lat' dir='ltr'>ease·</span> <span class='ocrx_word' id='word_1_119' title='bbox 402 1976 451 2036; x_wconf 78' lang='lat' dir='ltr'>For</span> <span class='ocrx_word' id='word_1_120' title='bbox 477 1993 603 2054; x_wconf 91' lang='lat' dir='ltr'>quorum</span> <span class='ocrx_word' id='word_1_121' title='bbox 630 1993 753 2036; x_wconf 89' lang='lat' dir='ltr'>numero</span> <span class='ocrx_word' id='word_1_122' title='bbox 775 1975 903 2035; x_wconf 82' lang='lat' dir='ltr'>loannes</span> <span class='ocrx_word' id='word_1_123' title='bbox 925 1973 1050 2052; x_wconf 90' lang='lat' dir='ltr'>Papius,</span> <span class='ocrx_word' id='word_1_124' title='bbox 1078 1971 1215 2050; x_wconf 87' lang='lat' dir='ltr'>egregius</span> <span class='ocrx_word' id='word_1_125' title='bbox 1242 1972 1334 2032; x_wconf 90' lang='lat' dir='ltr'>medi-</span> 
     </span>
     <span class='ocr_line' id='line_1_17' title="bbox 77 2079 1335 2161; baseline -0.005 -17"><span class='ocrx_word' id='word_1_126' title='bbox 77 2085 192 2144; x_wconf 83' lang='lat' dir='ltr'>&#39;cinae</span> <span class='ocrx_word' id='word_1_127' title='bbox 223 2083 371 2161; x_wconf 83' lang='lat' dir='ltr'>professor</span> <span class='ocrx_word' id='word_1_128' title='bbox 397 2083 661 2160; x_wconf 87' lang='lat' dir='ltr'>Regiomcntanus,</span> <span class='ocrx_word' id='word_1_129' title='bbox 693 2083 873 2143; x_wconf 87' lang='lat' dir='ltr'>anatomicae</span> <span class='ocrx_word' id='word_1_130' title='bbox 903 2081 976 2142; x_wconf 89' lang='lat' dir='ltr'>artis</span> <span class='ocrx_word' id='word_1_131' title='bbox 1003 2080 1215 2159; x_wconf 88' lang='lat' dir='ltr'>peritissimus,</span> <span class='ocrx_word' id='word_1_132' title='bbox 1248 2079 1335 2139; x_wconf 92' lang='lat' dir='ltr'>illum</span> 
     </span>
     <span class='ocr_line' id='line_1_18' title="bbox 105 2188 1335 2269; baseline -0.002 -19"><span class='ocrx_word' id='word_1_133' title='bbox 105 2192 274 2269; x_wconf 89' lang='lat' dir='ltr'>alloquens,</span> <span class='ocrx_word' id='word_1_134' title='bbox 298 2191 395 2266; x_wconf 85' lang='lat' dir='ltr'>,Grata</span> <span class='ocrx_word' id='word_1_135' title='bbox 417 2193 542 2265; x_wconf 84' lang='lat' dir='ltr'>mente‘,</span> <span class='ocrx_word' id='word_1_136' title='bbox 565 2191 676 2268; x_wconf 90' lang='lat' dir='ltr'>inquit,</span> <span class='ocrx_word' id='word_1_137' title='bbox 700 2208 853 2268; x_wconf 84' lang='lat' dir='ltr'>,agnosoc,</span> <span class='ocrx_word' id='word_1_138' title='bbox 875 2195 906 2250; x_wconf 90' lang='lat' dir='ltr'>te</span> <span class='ocrx_word' id='word_1_139' title='bbox 928 2189 1058 2267; x_wconf 90' lang='lat' dir='ltr'>primum</span> <span class='ocrx_word' id='word_1_140' title='bbox 1081 2193 1111 2248; x_wconf 89' lang='lat' dir='ltr'>et</span> <span class='ocrx_word' id='word_1_141' title='bbox 1134 2188 1231 2248; x_wconf 90' lang='lat' dir='ltr'>solum</span> <span class='ocrx_word' id='word_1_142' title='bbox 1249 2189 1335 2248; x_wconf 88' lang='lat' dir='ltr'>nobis</span> 
     </span>
     <span class='ocr_line' id='line_1_19' title="bbox 107 2293 1337 2376; baseline -0.002 -18"><span class='ocrx_word' id='word_1_143' title='bbox 107 2299 231 2360; x_wconf 90' lang='lat' dir='ltr'>medicis</span> <span class='ocrx_word' id='word_1_144' title='bbox 254 2303 285 2358; x_wconf 90' lang='lat' dir='ltr'>et</span> <span class='ocrx_word' id='word_1_145' title='bbox 306 2298 492 2376; x_wconf 88' lang='lat' dir='ltr'>philosophis</span> <span class='ocrx_word' id='word_1_146' title='bbox 514 2317 615 2358; x_wconf 84' lang='lat' dir='ltr'>veram</span> <span class='ocrx_word' id='word_1_147' title='bbox 637 2298 758 2358; x_wconf 86' lang='lat' dir='ltr'>videndi</span> <span class='ocrx_word' id='word_1_148' title='bbox 779 2298 923 2358; x_wconf 90' lang='lat' dir='ltr'>rationem</span> <span class='ocrx_word' id='word_1_149' title='bbox 945 2298 1213 2357; x_wconf 60' lang='lat' dir='ltr'>commonstrarem}</span> <span class='ocrx_word' id='word_1_150' title='bbox 1255 2293 1337 2369; x_wconf 86' lang='lat' dir='ltr'>Quae</span> 
     </span>
     <span class='ocr_line' id='line_1_20' title="bbox 108 2404 1336 2484; baseline -0.002 -20"><span class='ocrx_word' id='word_1_151' title='bbox 108 2407 209 2481; x_wconf 83' lang='lat' dir='ltr'>rerba,</span> <span class='ocrx_word' id='word_1_152' title='bbox 241 2406 298 2466; x_wconf 89' lang='lat' dir='ltr'>etsi</span> <span class='ocrx_word' id='word_1_153' title='bbox 330 2407 466 2484; x_wconf 88' lang='lat' dir='ltr'>proxime</span> <span class='ocrx_word' id='word_1_154' title='bbox 496 2407 534 2466; x_wconf 89' lang='lat' dir='ltr'>ad</span> <span class='ocrx_word' id='word_1_155' title='bbox 560 2405 682 2484; x_wconf 87' lang='lat' dir='ltr'>Keplen&#39;</span> <span class='ocrx_word' id='word_1_156' title='bbox 714 2406 751 2466; x_wconf 91' lang='lat' dir='ltr'>de</span> <span class='ocrx_word' id='word_1_157' title='bbox 777 2406 875 2484; x_wconf 87' lang='lat' dir='ltr'>optica</span> <span class='ocrx_word' id='word_1_158' title='bbox 901 2405 1034 2465; x_wconf 84' lang='lat' dir='ltr'>doctrina</span> <span class='ocrx_word' id='word_1_159' title='bbox 1060 2404 1166 2465; x_wconf 87' lang='lat' dir='ltr'>merita</span> <span class='ocrx_word' id='word_1_160' title='bbox 1192 2407 1336 2482; x_wconf 82' lang='lat' dir='ltr'>spectant,</span> 
     </span>
     <span class='ocr_line' id='line_1_21' title="bbox 110 2511 1338 2592; baseline -0.003 -18"><span class='ocrx_word' id='word_1_161' title='bbox 110 2520 209 2574; x_wconf 90' lang='lat' dir='ltr'>tamen</span> <span class='ocrx_word' id='word_1_162' title='bbox 240 2514 329 2574; x_wconf 86' lang='lat' dir='ltr'>etiam</span> <span class='ocrx_word' id='word_1_163' title='bbox 359 2513 451 2574; x_wconf 89' lang='lat' dir='ltr'>latius</span> <span class='ocrx_word' id='word_1_164' title='bbox 483 2519 602 2591; x_wconf 87' lang='lat' dir='ltr'>sumpta</span> <span class='ocrx_word' id='word_1_165' title='bbox 633 2532 672 2574; x_wconf 86' lang='lat' dir='ltr'>ex</span> <span class='ocrx_word' id='word_1_166' title='bbox 704 2513 856 2592; x_wconf 75' lang='lat' dir='ltr'>scipturis</span> <span class='ocrx_word' id='word_1_167' title='bbox 888 2517 987 2574; x_wconf 89' lang='lat' dir='ltr'>mente</span> <span class='ocrx_word' id='word_1_168' title='bbox 1014 2531 1084 2573; x_wconf 89' lang='lat' dir='ltr'>vera</span> <span class='ocrx_word' id='word_1_169' title='bbox 1110 2529 1176 2572; x_wconf 88' lang='lat' dir='ltr'>esse</span> <span class='ocrx_word' id='word_1_170' title='bbox 1203 2511 1338 2588; x_wconf 87' lang='lat' dir='ltr'>ejusdem</span> 
     </span>
    </p>
   </div>
   <div class='ocr_carea' id='block_1_3' title="bbox 95 2619 1340 3345">
    <p class='ocr_par' dir='ltr' id='par_1_3' title="bbox 95 2619 1340 3345">
     <span class='ocr_line' id='line_1_22' title="bbox 111 2619 1337 2699; baseline -0.002 -19"><span class='ocrx_word' id='word_1_171' title='bbox 111 2621 224 2682; x_wconf 89' lang='lat' dir='ltr'>litterae</span> <span class='ocrx_word' id='word_1_172' title='bbox 251 2621 418 2682; x_wconf 87' lang='lat' dir='ltr'>ostendunt</span> <span class='ocrx_word' id='word_1_173' title='bbox 469 2619 527 2695; x_wconf 85' lang='lat' dir='ltr'>Qui</span> <span class='ocrx_word' id='word_1_174' title='bbox 553 2620 730 2699; x_wconf 88' lang='lat' dir='ltr'>permoleste</span> <span class='ocrx_word' id='word_1_175' title='bbox 757 2637 790 2681; x_wconf 88' lang='lat' dir='ltr'>sc</span> <span class='ocrx_word' id='word_1_176' title='bbox 816 2620 893 2680; x_wconf 81' lang='lat' dir='ltr'>lenc</span> <span class='ocrx_word' id='word_1_177' title='bbox 919 2619 1062 2696; x_wconf 85' lang='lat' dir='ltr'>declarat,</span> <span class='ocrx_word' id='word_1_178' title='bbox 1095 2619 1175 2699; x_wconf 91' lang='lat' dir='ltr'>quod</span> <span class='ocrx_word' id='word_1_179' title='bbox 1202 2619 1337 2678; x_wconf 85' lang='lat' dir='ltr'>divinum</span> 
     </span>
     <span class='ocr_line' id='line_1_23' title="bbox 95 2725 1338 2806; baseline -0.006 -12"><span class='ocrx_word' id='word_1_180' title='bbox 95 2728 231 2806; x_wconf 78' lang='lat' dir='ltr'>,Keplen&#39;</span> <span class='ocrx_word' id='word_1_181' title='bbox 253 2728 419 2806; x_wconf 84' lang='lat' dir='ltr'>ingenium,</span> <span class='ocrx_word' id='word_1_182' title='bbox 442 2728 622 2789; x_wconf 78' lang='lat' dir='ltr'>carminibus</span> <span class='ocrx_word' id='word_1_183' title='bbox 645 2746 762 2806; x_wconf 92' lang='lat' dir='ltr'>quoque</span> <span class='ocrx_word' id='word_1_184' title='bbox 784 2733 818 2788; x_wconf 92' lang='lat' dir='ltr'>ut</span> <span class='ocrx_word' id='word_1_185' title='bbox 842 2727 1016 2790; x_wconf 83' lang='lat' dir='ltr'>Germaniae</span> <span class='ocrx_word' id='word_1_186' title='bbox 1038 2728 1129 2789; x_wconf 90' lang='lat' dir='ltr'>decus</span> <span class='ocrx_word' id='word_1_187' title='bbox 1151 2726 1221 2805; x_wconf 89' lang='lat' dir='ltr'>plus</span> <span class='ocrx_word' id='word_1_188' title='bbox 1244 2725 1338 2787; x_wconf 88' lang='lat' dir='ltr'>semel</span> 
     </span>
     <span class='ocr_line' id='line_1_24' title="bbox 115 2833 1339 2914; baseline 0 -20"><span class='ocrx_word' id='word_1_189' title='bbox 115 2837 150 2895; x_wconf 84' lang='lat' dir='ltr'>ab</span> <span class='ocrx_word' id='word_1_190' title='bbox 170 2835 222 2896; x_wconf 93' lang='lat' dir='ltr'>illo</span> <span class='ocrx_word' id='word_1_191' title='bbox 245 2835 436 2911; x_wconf 66' lang='lat' dir='ltr'>celebrem,</span> <span class='ocrx_word' id='word_1_192' title='bbox 459 2855 520 2896; x_wconf 91' lang='lat' dir='ltr'>non</span> <span class='ocrx_word' id='word_1_193' title='bbox 542 2836 574 2895; x_wconf 92' lang='lat' dir='ltr'>in</span> <span class='ocrx_word' id='word_1_194' title='bbox 597 2835 847 2914; x_wconf 88' lang='lat' dir='ltr'>speculationibus</span> <span class='ocrx_word' id='word_1_195' title='bbox 870 2835 1067 2913; x_wconf 86' lang='lat' dir='ltr'>gravissimis,</span> <span class='ocrx_word' id='word_1_196' title='bbox 1090 2841 1254 2896; x_wconf 92' lang='lat' dir='ltr'>ceterorum</span> <span class='ocrx_word' id='word_1_197' title='bbox 1277 2833 1339 2894; x_wconf 82' lang='lat' dir='ltr'>tere</span> 
     </span>
     <span class='ocr_line' id='line_1_25' title="bbox 116 2939 1338 3022; baseline -0.002 -19"><span class='ocrx_word' id='word_1_198' title='bbox 116 2944 244 3004; x_wconf 88' lang='lat' dir='ltr'>omniurn</span> <span class='ocrx_word' id='word_1_199' title='bbox 257 2944 378 3020; x_wconf 82' lang='lat' dir='ltr'>ingenia</span> <span class='ocrx_word' id='word_1_200' title='bbox 390 2944 615 3020; x_wconf 81' lang='lat' dir='ltr'>excedentibus,</span> <span class='ocrx_word' id='word_1_201' title='bbox 634 2961 700 3004; x_wconf 87' lang='lat' dir='ltr'>esse</span> <span class='ocrx_word' id='word_1_202' title='bbox 714 2949 902 3022; x_wconf 89' lang='lat' dir='ltr'>occupatum,</span> <span class='ocrx_word' id='word_1_203' title='bbox 921 2945 974 3006; x_wconf 91' lang='lat' dir='ltr'>sed</span> <span class='ocrx_word' id='word_1_204' title='bbox 987 2944 1123 3004; x_wconf 88' lang='lat' dir='ltr'>distineri</span> <span class='ocrx_word' id='word_1_205' title='bbox 1137 2939 1338 3002; x_wconf 88' lang='lat' dir='ltr'>calculationi-</span> 
     </span>
     <span class='ocr_line' id='line_1_26' title="bbox 116 3047 1339 3130; baseline -0.004 -19"><span class='ocrx_word' id='word_1_206' title='bbox 116 3053 181 3126; x_wconf 90' lang='lat' dir='ltr'>bus,</span> <span class='ocrx_word' id='word_1_207' title='bbox 204 3069 280 3130; x_wconf 88' lang='lat' dir='ltr'>quae</span> <span class='ocrx_word' id='word_1_208' title='bbox 301 3051 447 3111; x_wconf 88' lang='lat' dir='ltr'>industrio</span> <span class='ocrx_word' id='word_1_209' title='bbox 469 3056 559 3130; x_wconf 88' lang='lat' dir='ltr'>atque</span> <span class='ocrx_word' id='word_1_210' title='bbox 580 3052 613 3112; x_wconf 92' lang='lat' dir='ltr'>in</span> <span class='ocrx_word' id='word_1_211' title='bbox 635 3052 743 3113; x_wconf 90' lang='lat' dir='ltr'>iisdem</span> <span class='ocrx_word' id='word_1_212' title='bbox 765 3051 873 3112; x_wconf 89' lang='lat' dir='ltr'>studiis</span> <span class='ocrx_word' id='word_1_213' title='bbox 895 3051 1082 3112; x_wconf 85' lang='lat' dir='ltr'>mediocriter</span> <span class='ocrx_word' id='word_1_214' title='bbox 1104 3047 1264 3108; x_wconf 87' lang='lat' dir='ltr'>exercitato</span> <span class='ocrx_word' id='word_1_215' title='bbox 1286 3047 1339 3106; x_wconf 92' lang='lat' dir='ltr'>ho-</span> 
     </span>
     <span class='ocr_line' id='line_1_27' title="bbox 116 3153 1338 3237; baseline -0.006 -19"><span class='ocrx_word' id='word_1_216' title='bbox 116 3159 186 3218; x_wconf 89' lang='lat' dir='ltr'>mini</span> <span class='ocrx_word' id='word_1_217' title='bbox 220 3159 320 3236; x_wconf 87' lang='lat' dir='ltr'>potius</span> <span class='ocrx_word' id='word_1_218' title='bbox 351 3160 577 3220; x_wconf 87' lang='lat' dir='ltr'>committendae</span> <span class='ocrx_word' id='word_1_219' title='bbox 608 3165 721 3237; x_wconf 89' lang='lat' dir='ltr'>essent;</span> <span class='ocrx_word' id='word_1_220' title='bbox 760 3160 788 3220; x_wconf 89' lang='lat' dir='ltr'>si</span> <span class='ocrx_word' id='word_1_221' title='bbox 818 3159 901 3220; x_wconf 86' lang='lat' dir='ltr'>illius</span> <span class='ocrx_word' id='word_1_222' title='bbox 933 3156 1071 3218; x_wconf 89' lang='lat' dir='ltr'>audiendi</span> <span class='ocrx_word' id='word_1_223' title='bbox 1102 3173 1156 3232; x_wconf 89' lang='lat' dir='ltr'>per</span> <span class='ocrx_word' id='word_1_224' title='bbox 1187 3153 1338 3214; x_wconf 89' lang='lat' dir='ltr'>octiduum</span> 
     </span>
     <span class='ocr_line' id='line_1_28' title="bbox 118 3260 1340 3345; baseline -0.007 -19"><span class='ocrx_word' id='word_1_225' title='bbox 118 3267 266 3326; x_wconf 67' lang='lat' dir='ltr'>domarat</span> <span class='ocrx_word' id='word_1_226' title='bbox 296 3267 381 3345; x_wconf 89' lang='lat' dir='ltr'>copia</span> <span class='ocrx_word' id='word_1_227' title='bbox 411 3267 468 3328; x_wconf 89' lang='lat' dir='ltr'>sibi</span> <span class='ocrx_word' id='word_1_228' title='bbox 495 3268 626 3343; x_wconf 85' lang='lat' dir='ltr'>darehrr,</span> <span class='ocrx_word' id='word_1_229' title='bbox 659 3268 690 3328; x_wconf 92' lang='lat' dir='ltr'>id</span> <span class='ocrx_word' id='word_1_230' title='bbox 718 3268 776 3328; x_wconf 90' lang='lat' dir='ltr'>sibi</span> <span class='ocrx_word' id='word_1_231' title='bbox 802 3273 919 3344; x_wconf 88' lang='lat' dir='ltr'>gratum</span> <span class='ocrx_word' id='word_1_232' title='bbox 946 3263 1190 3340; x_wconf 87' lang='lat' dir='ltr'>commodumque</span> <span class='ocrx_word' id='word_1_233' title='bbox 1217 3261 1280 3320; x_wconf 81' lang='lat' dir='ltr'>fore</span> <span class='ocrx_word' id='word_1_234' title='bbox 1306 3260 1340 3318; x_wconf 91' lang='lat' dir='ltr'>in</span> 
     </span>
    </p>
   </div>
   <div class='ocr_carea' id='block_1_4' title="bbox 119 3369 1342 4313">
    <p class='ocr_par' dir='ltr' id='par_1_4' title="bbox 119 3369 1340 3560">
     <span class='ocr_line' id='line_1_29' title="bbox 119 3369 1340 3454; baseline -0.006 -20"><span class='ocrx_word' id='word_1_235' title='bbox 119 3375 252 3435; x_wconf 67' lang='lat' dir='ltr'>naumis</span> <span class='ocrx_word' id='word_1_236' title='bbox 279 3375 516 3451; x_wconf 83' lang='lat' dir='ltr'>difficultatibus,</span> <span class='ocrx_word' id='word_1_237' title='bbox 544 3395 583 3436; x_wconf 84' lang='lat' dir='ltr'>cx</span> <span class='ocrx_word' id='word_1_238' title='bbox 609 3375 718 3454; x_wconf 92' lang='lat' dir='ltr'>quibus</span> <span class='ocrx_word' id='word_1_239' title='bbox 746 3376 859 3436; x_wconf 89' lang='lat' dir='ltr'>nesciat</span> <span class='ocrx_word' id='word_1_240' title='bbox 884 3393 923 3434; x_wconf 86' lang='lat' dir='ltr'>an</span> <span class='ocrx_word' id='word_1_241' title='bbox 950 3389 1082 3451; x_wconf 85' lang='lat' dir='ltr'>unquam</span> <span class='ocrx_word' id='word_1_242' title='bbox 1109 3369 1174 3430; x_wconf 87' lang='lat' dir='ltr'>sine</span> <span class='ocrx_word' id='word_1_243' title='bbox 1196 3369 1262 3445; x_wconf 88' lang='lat' dir='ltr'>ejus</span> <span class='ocrx_word' id='word_1_244' title='bbox 1283 3385 1340 3444; x_wconf 90' lang='lat' dir='ltr'>ope</span> 
     </span>
     <span class='ocr_line' id='line_1_30' title="bbox 120 3482 403 3560; baseline -0.004 -18"><span class='ocrx_word' id='word_1_245' title='bbox 120 3482 209 3560; x_wconf 88' lang='lat' dir='ltr'>possit</span> <span class='ocrx_word' id='word_1_246' title='bbox 231 3483 403 3560; x_wconf 85' lang='lat' dir='ltr'>emergere.²</span> 
     </span>
    </p>

    <p class='ocr_par' dir='ltr' id='par_1_5' title="bbox 123 3581 1342 4313">
     <span class='ocr_line' id='line_1_31' title="bbox 221 3581 1341 3668; baseline -0.008 -19"><span class='ocrx_word' id='word_1_247' title='bbox 221 3589 336 3650; x_wconf 85' lang='lat' dir='ltr'>Addam</span> <span class='ocrx_word' id='word_1_248' title='bbox 367 3590 512 3650; x_wconf 88' lang='lat' dir='ltr'>nonnulla</span> <span class='ocrx_word' id='word_1_249' title='bbox 542 3609 582 3652; x_wconf 87' lang='lat' dir='ltr'>ex</span> <span class='ocrx_word' id='word_1_250' title='bbox 613 3609 704 3668; x_wconf 88' lang='lat' dir='ltr'>supra</span> <span class='ocrx_word' id='word_1_251' title='bbox 734 3589 902 3650; x_wconf 87' lang='lat' dir='ltr'>memoratis</span> <span class='ocrx_word' id='word_1_252' title='bbox 930 3585 1124 3648; x_wconf 87' lang='lat' dir='ltr'>Zchntmairii</span> <span class='ocrx_word' id='word_1_253' title='bbox 1149 3583 1272 3656; x_wconf 83' lang='lat' dir='ltr'>litteris,</span> <span class='ocrx_word' id='word_1_254' title='bbox 1303 3581 1341 3641; x_wconf 90' lang='lat' dir='ltr'>ad</span> 
     </span>
     <span class='ocr_line' id='line_1_32' title="bbox 123 3689 1341 3776; baseline -0.007 -20"><span class='ocrx_word' id='word_1_255' title='bbox 123 3715 204 3774; x_wconf 89' lang='lat' dir='ltr'>quem</span> <span class='ocrx_word' id='word_1_256' title='bbox 227 3703 347 3776; x_wconf 89' lang='lat' dir='ltr'>propter</span> <span class='ocrx_word' id='word_1_257' title='bbox 364 3698 540 3758; x_wconf 81' lang='lat' dir='ltr'>Ferdinandi</span> <span class='ocrx_word' id='word_1_258' title='bbox 558 3699 746 3775; x_wconf 84' lang='lat' dir='ltr'>tyrannidem</span> <span class='ocrx_word' id='word_1_259' title='bbox 764 3697 954 3758; x_wconf 86' lang='lat' dir='ltr'>vehementer</span> <span class='ocrx_word' id='word_1_260' title='bbox 971 3693 1176 3754; x_wconf 86' lang='lat' dir='ltr'>contristatum</span> <span class='ocrx_word' id='word_1_261' title='bbox 1193 3689 1341 3766; x_wconf 86' lang='lat' dir='ltr'>Keplerus</span> 
     </span>
     <span class='ocr_line' id='line_1_33' title="bbox 124 3793 1341 3881; baseline -0.008 -19"><span class='ocrx_word' id='word_1_262' title='bbox 124 3804 157 3864; x_wconf 90' lang='lat' dir='ltr'>de</span> <span class='ocrx_word' id='word_1_263' title='bbox 181 3805 318 3866; x_wconf 83' lang='lat' dir='ltr'>universa</span> <span class='ocrx_word' id='word_1_264' title='bbox 344 3825 443 3866; x_wconf 88' lang='lat' dir='ltr'>rerum</span> <span class='ocrx_word' id='word_1_265' title='bbox 470 3807 637 3866; x_wconf 87' lang='lat' dir='ltr'>divinarum</span> <span class='ocrx_word' id='word_1_266' title='bbox 665 3805 920 3881; x_wconf 88' lang='lat' dir='ltr'>humanarumque</span> <span class='ocrx_word' id='word_1_267' title='bbox 947 3799 1194 3876; x_wconf 85' lang='lat' dir='ltr'>contemplatione</span> <span class='ocrx_word' id='word_1_268' title='bbox 1223 3793 1341 3854; x_wconf 89' lang='lat' dir='ltr'>uberius</span> 
     </span>
     <span class='ocr_line' id='line_1_34' title="bbox 125 3901 1341 3991; baseline -0.012 -19"><span class='ocrx_word' id='word_1_269' title='bbox 125 3911 281 3989; x_wconf 79' lang='lat' dir='ltr'>scripserat</span> <span class='ocrx_word' id='word_1_270' title='bbox 322 3913 370 3973; x_wconf 84' lang='lat' dir='ltr'>Ad</span> <span class='ocrx_word' id='word_1_271' title='bbox 392 3914 465 3975; x_wconf 87' lang='lat' dir='ltr'>haec</span> <span class='ocrx_word' id='word_1_272' title='bbox 487 3915 539 3974; x_wconf 92' lang='lat' dir='ltr'>ille</span> <span class='ocrx_word' id='word_1_273' title='bbox 561 3913 732 3991; x_wconf 88' lang='lat' dir='ltr'>respondet:</span> <span class='ocrx_word' id='word_1_274' title='bbox 756 3911 935 3990; x_wconf 81' lang='lat' dir='ltr'>,Epistulam</span> <span class='ocrx_word' id='word_1_275' title='bbox 957 3913 1051 3981; x_wconf 84' lang='lat' dir='ltr'>tuam,</span> <span class='ocrx_word' id='word_1_276' title='bbox 1074 3905 1174 3964; x_wconf 86' lang='lat' dir='ltr'>verius</span> <span class='ocrx_word' id='word_1_277' title='bbox 1197 3901 1341 3978; x_wconf 89' lang='lat' dir='ltr'>scriptum</span> 
     </span>
     <span class='ocr_line' id='line_1_35' title="bbox 125 4006 1342 4100; baseline -0.012 -22"><span class='ocrx_word' id='word_1_278' title='bbox 125 4025 170 4078; x_wconf 87' lang='lat' dir='ltr'>aut</span> <span class='ocrx_word' id='word_1_279' title='bbox 189 4019 425 4082; x_wconf 87' lang='lat' dir='ltr'>dissertationem</span> <span class='ocrx_word' id='word_1_280' title='bbox 448 4021 696 4100; x_wconf 86' lang='lat' dir='ltr'>philosophicam,</span> <span class='ocrx_word' id='word_1_281' title='bbox 719 4019 889 4080; x_wconf 83' lang='lat' dir='ltr'>avidissime</span> <span class='ocrx_word' id='word_1_282' title='bbox 912 4035 971 4076; x_wconf 89' lang='lat' dir='ltr'>uno</span> <span class='ocrx_word' id='word_1_283' title='bbox 993 4013 1080 4093; x_wconf 86' lang='lat' dir='ltr'>quasi</span> <span class='ocrx_word' id='word_1_284' title='bbox 1103 4009 1211 4088; x_wconf 89' lang='lat' dir='ltr'>spiritu</span> <span class='ocrx_word' id='word_1_285' title='bbox 1228 4006 1342 4084; x_wconf 88' lang='lat' dir='ltr'>perlegi</span> 
     </span>
     <span class='ocr_line' id='line_1_36' title="bbox 125 4113 1342 4208; baseline -0.012 -22"><span class='ocrx_word' id='word_1_286' title='bbox 125 4131 151 4186; x_wconf 89' lang='lat' dir='ltr'>ct</span> <span class='ocrx_word' id='word_1_287' title='bbox 175 4145 288 4187; x_wconf 88' lang='lat' dir='ltr'>summa</span> <span class='ocrx_word' id='word_1_288' title='bbox 314 4129 427 4189; x_wconf 83' lang='lat' dir='ltr'>laetitia</span> <span class='ocrx_word' id='word_1_289' title='bbox 451 4129 590 4208; x_wconf 85' lang='lat' dir='ltr'>perfusus</span> <span class='ocrx_word' id='word_1_290' title='bbox 613 4147 672 4189; x_wconf 90' lang='lat' dir='ltr'>non</span> <span class='ocrx_word' id='word_1_291' title='bbox 696 4127 768 4188; x_wconf 89' lang='lat' dir='ltr'>satis</span> <span class='ocrx_word' id='word_1_292' title='bbox 791 4125 875 4204; x_wconf 89' lang='lat' dir='ltr'>potui</span> <span class='ocrx_word' id='word_1_293' title='bbox 897 4121 1076 4201; x_wconf 83' lang='lat' dir='ltr'>exquisitam</span> <span class='ocrx_word' id='word_1_294' title='bbox 1098 4124 1181 4178; x_wconf 78' lang='lat' dir='ltr'>trram</span> <span class='ocrx_word' id='word_1_295' title='bbox 1203 4113 1342 4174; x_wconf 84' lang='lat' dir='ltr'>eruditio-</span> 
     </span>
     <span class='ocr_line' id='line_1_37' title="bbox 126 4227 1342 4313; baseline -0.009 -19"><span class='ocrx_word' id='word_1_296' title='bbox 126 4251 185 4294; x_wconf 89' lang='lat' dir='ltr'>nem</span> <span class='ocrx_word' id='word_1_297' title='bbox 216 4240 247 4296; x_wconf 91' lang='lat' dir='ltr'>et</span> <span class='ocrx_word' id='word_1_298' title='bbox 274 4235 380 4313; x_wconf 84' lang='lat' dir='ltr'>judicil</span> <span class='ocrx_word' id='word_1_299' title='bbox 411 4237 615 4298; x_wconf 85' lang='lat' dir='ltr'>dexteritatem</span> <span class='ocrx_word' id='word_1_300' title='bbox 646 4233 785 4296; x_wconf 86' lang='lat' dir='ltr'>admirari</span> <span class='ocrx_word' id='word_1_301' title='bbox 816 4237 847 4293; x_wconf 90' lang='lat' dir='ltr'>et</span> <span class='ocrx_word' id='word_1_302' title='bbox 877 4231 1015 4290; x_wconf 79' lang='lat' dir='ltr'>laudibus</span> <span class='ocrx_word' id='word_1_303' title='bbox 1046 4227 1163 4298; x_wconf 76' lang='lat' dir='ltr'>efferre,</span> <span class='ocrx_word' id='word_1_304' title='bbox 1195 4239 1254 4300; x_wconf 86' lang='lat' dir='ltr'>quo</span> <span class='ocrx_word' id='word_1_305' title='bbox 1283 4237 1342 4278; x_wconf 86' lang='lat' dir='ltr'>non</span> 
     </span>
    </p>
   </div>
   <div class='ocr_carea' id='block_1_5' title="bbox 166 4473 1002 4734">
    <p class='ocr_par' dir='ltr' id='par_1_6' title="bbox 166 4473 1002 4734">
     <span class='ocr_line' id='line_1_38' title="bbox 225 4473 1002 4553; baseline -0.012 -16"><span class='ocrx_word' id='word_1_306' title='bbox 225 4485 251 4553; x_wconf 87' lang='lat'>1)</span> <span class='ocrx_word' id='word_1_307' title='bbox 270 4483 334 4538; x_wconf 83' lang='lat' dir='ltr'>Vita</span> <span class='ocrx_word' id='word_1_308' title='bbox 351 4481 459 4552; x_wconf 86' lang='lat' dir='ltr'>chleri</span> <span class='ocrx_word' id='word_1_309' title='bbox 478 4481 588 4552; x_wconf 78' lang='lat' dir='ltr'>(scripta</span> <span class='ocrx_word' id='word_1_310' title='bbox 605 4479 639 4536; x_wconf 82' lang='lat' dir='ltr'>ab</span> <span class='ocrx_word' id='word_1_311' title='bbox 658 4478 805 4548; x_wconf 83' lang='lat' dir='ltr'>Hansohio)</span> <span class='ocrx_word' id='word_1_312' title='bbox 824 4493 850 4548; x_wconf 90' lang='lat' dir='ltr'>p.</span> <span class='ocrx_word' id='word_1_313' title='bbox 869 4473 1002 4530; x_wconf 77' lang='lat' dir='ltr'>mur</span> 
     </span>
     <span class='ocr_line' id='line_1_39' title="bbox 225 4569 688 4644; baseline -0.006 -17"><span class='ocrx_word' id='word_1_314' title='bbox 225 4573 252 4642; x_wconf 83' lang='lat'>2)</span> <span class='ocrx_word' id='word_1_315' title='bbox 272 4573 380 4644; x_wconf 87' lang='lat' dir='ltr'>chlcri</span> <span class='ocrx_word' id='word_1_316' title='bbox 399 4589 458 4642; x_wconf 87' lang='lat' dir='ltr'>epp.</span> <span class='ocrx_word' id='word_1_317' title='bbox 478 4589 503 4642; x_wconf 89' lang='lat' dir='ltr'>p.</span> <span class='ocrx_word' id='word_1_318' title='bbox 519 4572 560 4626; x_wconf 81' lang='lat'>79.</span> <span class='ocrx_word' id='word_1_319' title='bbox 581 4569 624 4624; x_wconf 80' lang='lat'>87.</span> <span class='ocrx_word' id='word_1_320' title='bbox 644 4569 688 4624; x_wconf 86' lang='lat'>88.</span> 
     </span>
     <span class='ocr_line' id='line_1_40' title="bbox 166 4675 671 4734; baseline -0.008 -12"><span class='ocrx_word' id='word_1_321' title='bbox 166 4679 385 4734; x_wconf 75' lang='lat' dir='ltr'>Schlottnanoi,</span> <span class='ocrx_word' id='word_1_322' title='bbox 400 4679 502 4723; x_wconf 68' lang='lat' dir='ltr'>mma·</span> <span class='ocrx_word' id='word_1_323' title='bbox 516 4677 629 4722; x_wconf 67' lang='lat' dir='ltr'>reditium</span> <span class='ocrx_word' id='word_1_324' title='bbox 643 4675 671 4720; x_wconf 91' lang='lat' dir='ltr'>ll.</span> 
     </span>
    </p>
   </div>
   <div class='ocr_carea' id='block_1_6' title="bbox 0 0 1613 5092">
    <p class='ocr_par' dir='ltr' id='par_1_7' title="bbox 0 0 1613 5092">
     <span class='ocr_line' id='line_1_41' title="bbox 0 0 1613 5092; baseline 0 0"><span class='ocrx_word' id='word_1_325' title='bbox 0 0 1613 5092; x_wconf 95' lang='lat' dir='ltr'> </span> 
     </span>
    </p>
   </div>
  </div>
 </body>
</html>
