3134 5054
632 305 726 356 Oneon
743 306 805 357 XII.
1271 304 1321 358 291

104 522 202 596 ,Haec
227 536 409 595 nequaquam
440 520 507 580 ideo
534 519 613 578 diota
642 525 724 594 sunt,
758 524 790 577 ut
821 519 994 578 sanctissimi
1025 519 1238 593 doctissimique
1268 519 1323 577 viri

105 627 227 700 gloriam
257 627 457 700 obscuremus,
491 626 544 686 sed
579 629 610 683 ut
642 625 726 700 hujus
756 625 894 698 temporis
925 625 1076 698 episcopos
1111 640 1147 682 ae
1174 624 1324 698 theologos

106 731 326 804 admoneamus,
361 747 399 790 ne
431 730 499 804 quid
534 731 594 790 tale
629 731 726 789 sinant
756 729 826 802 ipsis
860 728 1034 803 subrepere,
1072 731 1158 802 quale
1194 729 1324 788 videmus

106 836 224 894 summis
246 836 353 909 alioqui
375 837 443 894 viria
464 833 625 894 accidisse‘
670 835 744 906 Quin
767 835 861 907 ipsum
883 833 1044 893 Adriannm
1074 849 1179 907 papam
1203 834 1326 907 epistola

108 941 258 1014 admonet,
287 956 373 1014 qnam
396 941 589 1014 perniciosum
609 940 661 1010 sit,
689 939 764 1012 quod
786 938 887 996 furiosi
907 939 1052 1012 honrines,
1078 939 1103 996 si
1126 939 1189 1012 quis
1212 955 1325 998 errasse

108 1047 146 1103 iis
169 1046 245 1104 daus
268 1046 318 1118 sit,
342 1046 439 1104 statim
461 1045 616 1118 haeretiei,
639 1044 864 1103 haeresiarchae
887 1047 984 1102 notam
1009 1044 1036 1102 ei
1051 1043 1177 1102 inurunt.
1220 1043 1326 1116 ,Quem

109 1150 259 1224 animum‘,
274 1151 379 1224 inquit,
401 1151 595 1223 ,quantumvis
612 1155 802 1223 constantem,
824 1149 898 1207 tales
913 1149 1037 1222 iniuriae
1056 1164 1114 1207 non
1129 1149 1327 1223 propellerent

110 1256 142 1312 in
164 1255 342 1314 factionem?
383 1255 430 1316 Sic
452 1256 574 1328 primum
595 1255 734 1328 impulsos
757 1258 802 1312 est
824 1253 926 1328 Arius,
948 1255 991 1312 sic
1013 1252 1227 1313 Tertullianus!

196 1359 278 1418 Haec
305 1360 401 1418 omnia
424 1361 448 1418 si
470 1360 546 1418 bene
568 1359 730 1432 ponderata
752 1358 876 1432 fuerint,
899 1359 946 1416 vix
966 1373 1088 1418 neeesse
1117 1360 1174 1418 erit
1199 1375 1327 1434 monere,

110 1468 251 1537 quantum
281 1464 458 1536 erraverint,
490 1465 539 1536 qui
568 1463 709 1536 ejusmodi
740 1463 833 1522 dicta·
848 1464 891 1522 ita
920 1463 1105 1536 interpretati
1134 1468 1215 1536 sunt,
1246 1463 1327 1536 quasi

108 1568 248 1628 Erasmus
280 1567 390 1640 deistu,
426 1585 511 1642 quem
538 1569 650 1642 dicunt,
683 1567 800 1642 fuisset,
834 1567 921 1628 corde
952 1585 1004 1627 suo
1035 1585 1052 1626 a
1080 1565 1137 1628 fide
1169 1567 1328 1627 christiana

110 1674 231 1732 alienus.
283 1672 375 1744 Quam
403 1674 518 1732 sincera
548 1679 646 1733 mente
680 1673 730 1731 ille
760 1688 877 1756 semper
902 1670 1047 1730 Christum
1077 1674 1166 1732 solam
1195 1669 1329 1732 fiduciam

45 1846 51 1855 ,
110 1792 194 1835 snam
216 1783 248 1836 ιι
270 1777 404 1836 solatium
435 1778 466 1834 in
488 1777 548 1836 vita
579 1783 609 1837 et
636 1777 668 1835 in
695 1782 788 1835 morte
809 1775 955 1850 professus
977 1774 1079 1850 fuerit,
1109 1778 1236 1850 quisquis
1267 1793 1329 1836 rem

111 1881 190 1940 serio
213 1881 423 1940 examinaverit
443 1879 531 1940 facile
556 1885 718 1954 cognoscet.
764 1881 822 1940 Sed
845 1897 912 1940 enm
934 1897 953 1940 a
975 1880 1167 1956 dogmatistis,
1195 1887 1227 1940 ut
1249 1881 1330 1954 dicit,

112 2001 246 2044 aversum
268 1985 305 2043 de
328 1985 492 2059 dogmatum
516 1985 777 2046 ecelesiasticorum
797 1983 897 2044 formis
919 1986 996 2058 plus,
1017 2001 1101 2058 quam
1122 1983 1253 2045 confiteri
1275 1986 1330 2044 sibi

111 2089 177 2162 ipsc
198 2091 335 2165 voluerit,
358 2090 506 2150 dubitasse
529 2108 587 2150 non
609 2091 786 2164 negaverim.

201 2195 396 2254 Ananismnm
427 2195 542 2269 quidem
573 2212 666 2269 seque
699 2201 787 2269 atque
814 2195 1060 2270 Pelagianismum
1091 2197 1209 2270 rejecit,
1239 2197 1331 2272 magis

111 2301 229 2358 interno
251 2299 373 2373 quedam
395 2299 514 2374 pietatis
536 2316 623 2360 sensu
645 2301 747 2360 ductus
769 2316 856 2374 qnam
879 2291 959 2360 clara
981 2301 1033 2359 illa
1063 2301 1242 2375 cognitione,
1273 2319 1331 2374 qna

112 2403 397 2463 Schleiermacherns
410 2409 533 2477 unoque
550 2421 649 2464 errore
664 2405 756 2478 ipsam
777 2404 954 2464 christianae
974 2403 1125 2478 religionis
1140 2405 1331 2464 substantiam

112 2508 178 2566 tolli
200 2509 333 2568 ostendit.
371 2508 454 2580 Quod
477 2525 542 2566 cnm
564 2508 687 2568 dirersis
710 2509 863 2568 sententiis
887 2508 1009 2568 candem
1030 2509 1172 2582 pietatem
1195 2511 1330 2586 conjungi

112 2629 198 2686 posse
233 2613 395 2687 contendit,
432 2613 509 2687 qnod
545 2614 690 2672 hominem
727 2615 816 2674 etiem
848 2613 1010 2687 periculoso
1045 2631 1096 2674 suo
1134 2631 1233 2676 errore
1271 2633 1331 2676 me·

113 2719 219 2777 liorem
246 2717 324 2777 baud
352 2735 420 2778 raro
448 2719 572 2778 inveniri
602 2719 727 2793 putavit,
756 2717 865 2778 idcirco
892 2720 1049 2792 sceptioum
1077 2735 1142 2778 eum
1174 2736 1238 2779 esse
1274 2737 1331 2780 non

113 2823 332 2896 suspicabimur.
378 2823 481 2897 Neque
508 2824 601 2882 simile
625 2823 734 2896 aliquid
757 2822 825 2882 inde
850 2825 996 2898 conjicere
1018 2824 1100 2898 licet,
1130 2823 1206 2898 quod
1227 2826 1332 2884 multos

113 2928 278 3001 scripturae
302 2929 394 3001 locos,
421 2929 471 3001 qni
494 2933 597 2986 contra
619 2927 758 2987 haereses
779 2928 846 2987 illas
860 2927 959 2987 ademi
976 2929 1122 3003 solebant,
1145 2929 1217 2987 nihil
1232 2930 1331 2988 valere

113 3037 197 3092 recte
218 3032 434 3092 demonstravit.
479 3031 543 3090 Hae
570 3048 606 3090 ex
633 3037 718 3105 parte
745 3033 842 3092 verius
872 3049 939 3091 eum
964 3033 1097 3104 jndicare
1124 3049 1210 3106 quam
1232 3049 1332 3094 omnes

113 3133 180 3195 iere
216 3137 365 3211 aequales,
404 3137 492 3196 etiam
523 3135 697 3210 bulherum,
733 3136 783 3208 qni
813 3137 874 3208 jam
906 3137 937 3195 in
970 3137 1073 3211 genesi
1105 3136 1210 3211 nbique
1234 3139 1332 3198 claris-

114 3239 191 3298 sima
218 3239 333 3300 divinae
362 3241 501 3300 trinitatis
531 3240 696 3300 testimonia
726 3238 826 3299 videre
855 3239 911 3298 sibi
940 3241 1018 3300 visus
1047 3247 1107 3315 cst,
1141 3258 1226 3302 nemo
1256 3259 1333 3301 nnnc

114 3344 204 3418 paulo
225 3343 337 3403 doctior
358 3341 536 3403 infitiabitur.
581 3344 647 3404 Jam
672 3360 723 3404 suo
746 3349 878 3418 ternpore
902 3343 1040 3403 Erasmus
1070 3344 1246 3406 adverssfiis
1266 3347 1333 3419 jure

114 3447 279 3521 respondit,
316 3464 388 3523 ,non
421 3449 499 3506 illum
532 3454 670 3508 excutere
700 3447 828 3522 gladium
863 3465 899 3508 ex
928 3449 1061 3508 manibus
1090 3449 1255 3524 orthodoxi,
1285 3451 1334 3524 qni

114 3558 235 3612 moneat
265 3557 297 3611 nt
329 3569 382 3627 pro
415 3551 509 3612 iernla
541 3557 634 3611 sumat
667 3555 812 3626 lanceam,
844 3555 869 3612 si
902 3555 973 3612 velit
1001 3554 1115 3614 hostem
1146 3554 1335 3615 interimere.‘

114 3657 252 3730 Denique
279 3657 483 3718 candidissimo
511 3657 578 3716 viro
595 3657 716 3716 Alberto
738 3657 892 3732 Fabricio,
924 3658 1081 3718 orthodoxo
1111 3659 1255 3733 qnondam
1277 3658 1335 3716 Ln-

114 3761 261 3822 theranae
289 3761 439 3822 doctrinae
467 3760 628 3836 defensori,
657 3761 783 3820 libenter
811 3762 952 3836 concedo,
980 3761 1134 3822 Erasmum
1162 3761 1336 3836 ,praecipua

114 3866 268 3940 religionis
290 3872 407 3926 nostrae
430 3866 529 3940 capita
548 3867 619 3924 locis
641 3866 801 3924 innumeris
825 3866 998 3938 scriptorum
1024 3882 1139 3924 suorum
1167 3865 1335 3936 nentiquam

114 3971 240 4030 obscure
274 3987 369 4045 neque
401 3971 549 4045 ambigue,
588 3953 640 4029 sed
677 3967 818 4043 dilucide,
855 3968 963 4042 vivide,
1001 3968 1112 4028 fervide
1151 3965 1335 4040 exposuisse!

115 4077 326 4136 Verumtamen
350 4077 381 4136 in
402 4074 501 4136 formis
524 4074 694 4149 dogmaticis
718 4073 933 4132 ecclesiasticae
957 4071 1106 4132 doetrinae
1129 4064 1226 4151 (verbi
1242 4073 1336 4147 gratia

114 4182 149 4239 in
170 4180 336 4240 notionibus
358 4181 473 4241 divinae
489 4179 640 4253 trinitatis,
664 4194 749 4252 qnam
770 4179 863 4251 ipsam
878 4177 955 4236 serio
977 4169 1144 4258 corsfitetur)
1165 4181 1210 4236 tot
1226 4181 1337 4236 unos-

114 4302 176 4358 qne
199 4285 304 4344 evolvit
326 4283 526 4356 difficultates,
557 4284 593 4343 de
615 4284 810 4358 oppositorum
831 4281 887 4341 sibi
909 4282 1033 4342 invicem
1055 4297 1185 4342 errorum
1208 4283 1337 4356 angustis

115 4387 258 4448 limitibus
280 4406 368 4465 aegre
392 4389 527 4450 tenendis
550 4394 610 4448 tam
632 4404 721 4462 saepe
748 4393 865 4460 mmque
889 4387 1034 4461 sagaciter
1056 4386 1184 4461 disserit,
1212 4390 1245 4445 ut
1268 4387 1338 4460 quin

115 4492 233 4554 formae
255 4496 324 4556 illae
346 4495 424 4556 baud
452 4495 540 4569 plane
568 4495 596 4554 ei
619 4491 827 4567 satisfecerint,
857 4493 904 4551 vix
925 4491 1053 4552 dubitari
1075 4491 1176 4565 possit.
1221 4489 1339 4565 Aliquid

115 4601 256 4660 veritatis
276 4602 308 4660 in
334 4601 371 4660 iis
393 4601 489 4660 inesse
518 4597 655 4673 credidit,
682 4597 815 4658 sednon
845 4595 1005 4671 perfectam
1033 4597 1195 4657 verimtem.
1242 4595 1323 4666 Qum

1056 4693 1120 4758 19*
