3176 5064
240 192 293 246 340
727 193 829 244 Phanas
848 192 963 244 Parente

239 419 296 461 uno
320 420 371 462 ore
400 401 483 462 nohis
508 402 632 462 invicem
662 402 841 476 gratulantes
866 401 1011 460 dicemus:
1043 400 1135 474 Quam
1165 400 1301 460 amabilia
1317 399 1459 460 taberna-

239 507 305 565 cnla
326 512 391 581 tua,
414 506 537 565 Domine
559 505 715 564 ι’ἰιιιιιιιιιι.ι

325 609 489 685 Adjnngam
516 625 591 683 qnae
613 609 673 668 illic
696 609 733 669 de
757 626 792 669 eo
814 609 948 683 dogmate
971 609 1059 684 dicit,
1089 608 1127 668 de
1151 626 1206 682 quo
1236 608 1360 668 maxime
1389 624 1457 666 cnm

237 712 365 773 Luthero
386 713 594 787 disputaverat
653 713 732 785 Quae
762 731 848 786 quum
878 713 962 787 hujus
984 713 1085 772 amieis
1117 711 1270 771 admodum
1293 711 1457 786 placerent,

238 824 413 878 erraverunt
433 819 646 892 existimantes,
669 817 820 877 Erasmum
843 818 1019 878 sententiam
1041 822 1177 876 mutasse.
1231 815 1353 890 Semper
1374 816 1456 873 enim

238 922 341 982 eadem
364 921 510 981 docuerat.
554 922 692 982 Liberum
714 922 865 981 arbitrium
884 938 1030 995 nunquam
1053 923 1095 980 ita
1117 919 1309 994 defenderat,
1332 926 1362 979 nt
1375 920 1455 978 saln-

236 1031 296 1085 tem
318 1032 445 1086 nostram
465 1042 483 1084 a
505 1026 567 1086 sola
587 1026 685 1084 dimna
708 1028 802 1101 gratia
817 1025 974 1101 petendam
996 1040 1061 1084 esse
1083 1029 1216 1098 negaret.
1261 1023 1295 1082 ld
1318 1029 1350 1082 ut
1363 1038 1455 1096 appa-

236 1135 329 1204 reret,
363 1131 451 1189 etiam
480 1129 639 1189 doctrinam
669 1113 705 1188 de
728 1129 935 1204 justificatione
965 1146 1019 1204 per
1046 1126 1133 1188 fidem
1163 1127 1357 1187 adhibendam
1386 1143 1455 1186 ease

236 1235 354 1294 monuit
405 1233 495 1306 Quam
518 1234 634 1308 saepius
655 1240 715 1292 tam
738 1235 856 1308 egregie
879 1233 1090 1308 explicaverat,
1114 1238 1162 1308 nt,
1185 1233 1315 1306 quamvis
1338 1231 1454 1303 singula

237 1341 299 1412 ejus
317 1339 459 1398 voeabula
487 1343 520 1397 ut
545 1339 638 1396 minus
658 1345 727 1412 apta
758 1339 839 1412 carpi
870 1343 1003 1412 possent,
1033 1343 1131 1398 tamen
1154 1337 1243 1397 etiam
1264 1335 1454 1394 Lntheranis·

236 1443 307 1501 simo
329 1441 489 1502 Amadorlio
511 1440 721 1502 satisfaceret.¹
767 1443 820 1501 His
842 1443 932 1518 igitur
951 1441 1049 1502 verbis
1068 1441 1207 1502 Erasmus
1229 1442 1335 1500 utitur:

322 1546 381 1619 ,De
410 1546 503 1606 libero
533 1547 653 1605 arbitrio
676 1547 791 1620 spinosa
821 1552 867 1606 est
894 1547 990 1606 verius
1014 1562 1099 1620 quam
1120 1543 1263 1619 frugifera
1284 1545 1451 1619 disputatio.

235 1649 275 1709 Et
303 1649 421 1723 siquid
451 1649 487 1709 de
517 1650 573 1708 hoc
602 1650 798 1723 quaerendum
828 1656 886 1723 est,
921 1651 951 1708 in
982 1649 1152 1722 theologicis
1190 1649 1323 1708 diatribis
1352 1649 1449 1708 sobrie

234 1752 414 1816 discadatur.
472 1753 592 1812 Interim
613 1754 690 1814 inter
713 1771 765 1814 nos
791 1754 862 1813 illnd
885 1754 1040 1814 convenire
1063 1753 1134 1812 actis
1155 1759 1218 1827 est,
1248 1753 1389 1812 hominem
1413 1769 1449 1811 ex

234 1859 293 1917 suia
314 1857 421 1918 viribus
444 1857 514 1917 nihil
536 1875 636 1934 posse,
659 1865 688 1917 et
711 1861 736 1918 si
758 1859 826 1932 qnid
848 1859 908 1918 nlla
929 1860 959 1917 in
974 1875 1007 1918 re
1026 1863 1136 1932 potest,
1158 1863 1249 1916 totum
1266 1858 1328 1930 ejus
1343 1856 1448 1916 deberi

234 1963 359 2036 gratiae,
382 1964 463 2036 eujus
485 1979 605 2024 munere
627 1979 723 2022 sumna
745 1963 884 2038 quidquid
907 1980 1020 2022 eumne:
1051 1967 1082 2021 ut
1103 1963 1135 2020 in
1154 1962 1285 2021 omnibns
1308 1977 1449 2035 agnosca·

233 2083 296 2126 mus
318 2066 545 2127 imbecillitatem
572 2073 700 2126 nostram
724 2072 755 2127 et
777 2049 968 2140 glorificemus
990 2065 1048 2125 Dei
1077 2065 1316 2126 misericordiam.
1376 2063 1449 2124 Con·

232 2170 329 2229 veniat
351 2171 429 2232 inter
450 2188 503 2230 nos
524 2169 592 2230 fidei
614 2171 767 2244 plurimum
798 2186 862 2230 esse
896 2168 1094 2245 tribuendum,
1124 2169 1209 2229 modo
1231 2167 1388 2244 fateamur,
1419 2173 1449 2226 et

232 2273 287 2332 hoc
316 2291 381 2334 essa
406 2275 554 2348 peculiare
584 2275 702 2349 spiritns
731 2275 825 2334 sanai
853 2274 957 2333 donum
986 2273 1074 2346 idque
1106 2273 1196 2332 multo
1229 2274 1318 2332 latins
1347 2278 1448 2346 patere

232 2391 318 2450 qnam
338 2379 439 2452 vulgus
460 2379 608 2437 hominum
630 2379 739 2452 credit,
769 2395 823 2438 nec
846 2377 976 2437 omnibus
1005 2377 1107 2437 messe
1132 2379 1181 2450 qui
1208 2376 1324 2436 dicunt:
1355 2375 1448 2436 Credo

232 2478 377 2540 Christum
407 2498 459 2554 pro
489 2497 535 2540 me
562 2497 677 2554 passum
701 2497 773 2541 esse.
833 2480 1031 2540 Concedamns
1059 2478 1115 2540 fide
1134 2478 1303 2555 iustificari,
1326 2481 1382 2540 boc
1404 2485 1448 2540 eat

231 2581 392 2658 purificari,
415 2584 503 2644 eorda
525 2585 721 2660 credentium,
744 2585 828 2644 modo
850 2583 995 2645 fateamur
1016 2584 1055 2644 ad
1077 2585 1310 2658 consequendam
1325 2585 1446 2644 salntem

231 2688 398 2747 necessaria
420 2688 550 2748 οιιιιιιιιι
573 2704 670 2762 opera.
722 2689 824 2762 Neque
848 2691 926 2750 enim
948 2706 1019 2750 vera
1040 2686 1112 2749 fides
1139 2695 1236 2764 potest
1258 2705 1324 2748 esse
1346 2691 1447 2760 otiosa

232 2806 319 2864 quum
341 2790 464 2851 sitiens
488 2796 518 2852 et
539 2793 726 2852 seminarium
748 2794 875 2853 omnium
907 2794 1049 2853 bonorum
1072 2791 1208 2867 operum‘
1268 2793 1366 2865 Atque
1390 2793 1446 2852 alio

232 2893 363 2970 ejnsdem
385 2895 453 2955 libri
474 2897 538 2955 loco
559 2897 644 2956 dicit:
667 2895 784 2972 ,Aditus
807 2898 839 2955 in
862 2891 1014 2956 ecclesiam
1034 2895 1107 2954 tides
1130 2903 1189 2968 est,
1210 2897 1274 2956 sine
1296 2912 1354 2970 qua
1376 2895 1447 2955 nihil

228 2998 347 3073 prodest
368 3000 537 3075 baptismus.
582 2999 729 3061 Attidem
752 3018 837 3061 nemo
860 3001 915 3060 sibi
938 3002 1074 3076 largitur:
1097 2999 1154 3060 Dei
1180 2999 1286 3060 donum
1310 3005 1371 3074 est,
1393 3015 1447 3073 quo

228 3103 308 3163 Dens
332 3121 403 3178 quos
425 3106 487 3166 rnlt
508 3108 661 3180 praevenit
687 3113 718 3166 et
739 3105 776 3165 ad
793 3105 938 3165 Christum
953 3105 1051 3165 trahit.
1096 3104 1284 3178 Namhomo,
1308 3110 1447 3178 quatenns

229 3215 274 3268 est
301 3209 398 3284 bomo,
429 3212 554 3270 carnalia
580 3217 625 3271 est
651 3215 682 3270 et
711 3211 783 3270 nihil
810 3211 867 3270 niai
897 3209 1033 3268 mnndum
1064 3211 1147 3283 sapit.
1207 3209 1301 3270 Homo
1325 3225 1360 3268 ex
1383 3224 1446 3268 sese

227 3313 300 3372 nihil
319 3318 422 3386 potest
482 3314 572 3374 Fides
599 3321 697 3374 antem
725 3316 842 3389 proprie
872 3314 962 3374 robur
990 3313 1072 3374 addit
1100 3313 1224 3387 bomini,
1250 3319 1283 3372 nt
1308 3314 1372 3387 jam
1394 3327 1446 3372 nec

227 3415 364 3475 mnndum
386 3432 443 3475 nec
465 3416 602 3476 Satanan
626 3417 756 3478 metuat‘
815 3418 918 3491 Neque
941 3417 1182 3491 improbabimns,
1214 3431 1289 3490 qnae
1312 3415 1447 3476 Erasmus

227 3517 351 3594 addidit,
383 3525 415 3578 ut
437 3520 533 3579 varios
555 3520 706 3581 doctrinae
729 3521 765 3580 de
794 3519 851 3580 fide
873 3521 977 3582 abusus
1000 3525 1130 3580 arceret:
1163 3519 1221 3594 ,De
1250 3517 1347 3579 verbis
1372 3521 1447 3580 nulla

227 3625 265 3683 sit
288 3622 475 3698 digladiatio,
497 3624 581 3684 modo
603 3625 640 3685 de
661 3641 694 3684 re
718 3626 887 3699 conueniat,
916 3641 971 3684 nec
994 3625 1114 3684 interim
1137 3625 1309 3698 ingerantur
1331 3625 1447 3683 auribus

226 3729 381 3802 imperitae
413 3727 604 3788 multitudinis
634 3729 685 3788 illa
715 3729 874 3803 paradoxa:
906 3728 985 3787 Nihil
1008 3727 1115 3802 refert,
1146 3728 1246 3801 qualia
1269 3727 1328 3786 sint
1349 3733 1447 3788 nostra

226 3849 329 3907 opera,
359 3837 472 3892 tantum
495 3831 602 3892 habeto
627 3831 713 3894 fldem
736 3839 766 3892 et
788 3832 960 3892 servaberis.
1017 3831 1070 3907 Et,
1101 3832 1185 3892 homo
1216 3831 1356 3904 quidquid
1378 3831 1445 3905 egit

227 3937 299 3995 nihil
325 3935 405 3996 aliud
427 3952 513 4010 quam
535 3942 646 4010 peccat
691 3937 772 4010 Quae
794 3941 828 3996 ut
847 3936 877 3995 in
893 3937 990 4009 aliquo
1013 3951 1099 3995 sensu
1117 3950 1188 3995 vera
1202 3935 1273 4010 sint,
1297 3935 1445 3995 tamenab

225 4039 373 4114 imperitis
396 4039 453 4099 alio
476 4041 627 4114 rapiuntur
647 4057 733 4114 qnam
756 4040 882 4114 expedit.
927 4040 974 4098 An
997 4037 1127 4098 Christus
1149 4055 1202 4112 pro
1217 4038 1300 4098 nobis
1318 4043 1446 4098 mortuns

226 4150 286 4218 eat,
316 4149 348 4202 ut
368 4160 422 4203 nos
444 4145 572 4203 vivamus
594 4145 625 4202 in
647 4145 798 4218 peccatis?
823 4160 860 4202 an
883 4144 994 4218 potins,
1023 4147 1055 4201 nt
1083 4143 1174 4202 semel
1204 4141 1281 4201 illins
1305 4143 1445 4217 sangnine

225 4249 292 4320 loti,
320 4247 517 4308 abstineamus
538 4248 575 4307 ab
598 4247 730 4307 omnibns
752 4248 998 4322 inquinamentis?
1042 4247 1098 4307 Pro
1113 4247 1196 4306 nobis
1215 4262 1332 4305 erucem
1347 4251 1445 4320 goeta-

315 4483 341 4554 ι)
359 4481 398 4532 Gi.
417 4497 495 4546 snpra
513 4498 538 4546 p.
559 4489 617 4534 284.
