3156 5056
638 315 730 366 ersus
747 315 793 366 rx.
1275 305 1327 370 ace

110 526 149 585 ab
171 525 293 586 Erasmo
318 531 348 585 et
369 523 499 588 Lntbero
529 529 639 601 pariter
667 527 843 588 vindicatam
869 545 927 589 non
949 533 1136 602 agnosceret,
1165 535 1261 588 ortum
1284 534 1329 589 est

111 631 187 704 quod
209 633 298 690 etiam
312 629 458 691 Lutberus
480 633 627 705 noluerat,
650 649 786 707 magnum
809 634 933 694 schisma
955 651 1008 708 per
1029 635 1128 692 secula
1150 633 1326 696 duraturum.

202 735 235 794 Id
258 736 296 794 ab
318 737 402 796 initio
425 737 530 796 timens
552 737 704 813 Erasmus,
731 739 905 812 simulatque
928 755 983 812 per
1004 743 1118 813 partem
1140 740 1328 798 monasticam

110 841 221 899 bullam
251 841 332 900 illam
361 840 571 900 damnatoriam
605 847 748 902 extortam
777 860 796 902 a
823 843 923 903 Leone
953 842 1045 916 ridet,
1076 842 1237 902 cunctando
1265 861 1328 904 rem

110 947 268 1005 restituere
291 947 402 1006 nititur.
447 929 607 1006 Lutherum
630 963 802 1020 quocunque
820 947 906 1008 modo
928 953 1024 1020 potest
1046 947 1083 1006 ad
1102 947 1329 1007 moderationem

111 1068 147 1110 ac
175 1053 347 1124 patientiam
377 1059 408 1111 et
438 1053 501 1126 ipse
527 1053 661 1112 bortatur
683 1059 714 1112 et
736 1070 789 1126 per
812 1055 884 1112 alios
904 1053 1078 1113 hortandum
1101 1059 1192 1114 curat.
1237 1055 1329 1114 Simul

111 1172 182 1214 voro
206 1157 337 1215 omnibus
360 1157 480 1216 intentis
503 1155 613 1216 viribus
635 1174 688 1230 per
710 1158 839 1217 eruditos
862 1159 938 1217 viros
960 1159 992 1217 in
1014 1157 1164 1232 republica
1184 1159 1329 1218 litteraria

111 1260 167 1319 sibi
192 1263 358 1335 coujunctos
382 1278 447 1320 cnm
469 1261 545 1334 apud
568 1259 697 1335 Curiam,
726 1267 787 1321 tum
810 1263 886 1337 apud
909 1261 1064 1322 Gaesarem
1087 1261 1204 1323 efficere
1224 1263 1329 1338 studet,

111 1370 145 1422 nt
171 1363 252 1423 bulla
280 1365 332 1423 illa
362 1366 555 1439 suspendatur
584 1371 614 1424 et
641 1381 729 1424 cansa
754 1367 876 1426 Lutheri
903 1369 1043 1427 attentius
1070 1383 1155 1441 qnam
1184 1373 1272 1427 antea
1299 1373 1330 1426 et

111 1469 277 1543 religiosius
307 1464 406 1547 (quam
434 1469 471 1528 ad
500 1485 563 1528 rem
590 1470 661 1528 satis
691 1471 807 1544 longum
836 1477 950 1545 tempus
978 1471 1098 1531 concedi
1128 1465 1203 1552 vult)
1233 1471 1329 1532 denuo

111 1574 302 1646 perquiratur.
349 1574 431 1633 Hace
460 1573 574 1633 Erasmi
605 1572 702 1632 studia
732 1576 763 1634 in
793 1575 915 1634 comitiis
942 1575 1202 1636 Wormatiensibus
1232 1581 1263 1634 et
1293 1575 1330 1634 ad

112 1693 252 1735 summum
274 1678 483 1751 quodammodo
506 1681 619 1741 culmen
641 1683 851 1756 pervenerunt,
879 1685 910 1738 et
934 1679 1020 1737 irrita
1044 1678 1220 1737 factasunt
1264 1677 1330 1737 Jam

113 1783 190 1840 enim
213 1782 359 1842 Lntherus
388 1785 565 1844 necessitate
588 1786 710 1859 quadam
742 1801 777 1844 eo
807 1783 964 1858 perductus
992 1789 1070 1859 erat,
1099 1789 1132 1841 ut
1153 1783 1250 1857 Papae
1273 1799 1330 1840 nou

112 1891 225 1944 tantum
247 1887 355 1946 bullam
378 1887 430 1946 sed
453 1891 541 1948 etiam
561 1890 609 1962 J'us
632 1890 801 1948 canonicum
824 1888 939 1962 publice
962 1893 1115 1960 sperneret
1138 1893 1168 1945 et
1189 1887 1329 1946 aboleret.

113 1989 242 2064 Papatns
264 2008 346 2066 vero,
374 1993 494 2065 rejectis
516 1991 690 2053 fidelissimis
712 1991 915 2066 monitoribus,
944 2007 1125 2065 nequaqnam
1147 2006 1179 2061 se
1205 1991 1329 2063 collegit,

112 2095 165 2153 scd
195 2111 243 2154 eos
274 2101 390 2155 secutus
419 2103 477 2171 est,
507 2098 650 2171 aquibus
673 2097 710 2156 ad
732 2095 951 2156 detrectandam
974 2111 1087 2154 omnem
1110 2095 1216 2153 seriam
1239 2093 1331 2154 reior-

113 2199 271 2259 mationem
293 2201 494 2274 instigabatur.
539 2201 622 2274 Quac
645 2201 785 2275 quomodo
808 2199 965 2260 laetasint
987 2199 1196 2258 enarrabimus.
1242 2199 1331 2257 Eras-

112 2319 177 2362 mus
206 2319 341 2379 magnnm
370 2305 414 2364 sui
445 2306 510 2364 aevi
539 2305 705 2378 discidium,
734 2307 843 2379 inquo
866 2303 903 2364 ab
925 2309 1047 2377 utraque
1070 2307 1155 2377 parte
1178 2308 1210 2361 et
1228 2304 1276 2375 jus
1299 2308 1330 2360 et

112 2409 249 2479 injuriam
280 2425 344 2468 esse
375 2409 526 2483 censebat,
560 2410 759 2470 Lutheranam
791 2408 973 2482 tragoediam
1005 2423 1109 2467 vocare
1143 2407 1244 2465 solitus
1275 2412 1328 2464 est

112 2513 211 2571 Etiam
234 2513 271 2572 de
293 2513 444 2573 Erasmica
464 2515 617 2588 tragoedia
639 2515 718 2588 loqui
740 2511 785 2573 fas
809 2529 873 2573 esse
896 2511 1066 2572 videbimus.

696 2771 747 2830 IX.

202 2925 349 2984 Luthcrus
370 2926 425 2984 nisi
449 2931 571 3001 urgente
595 2927 773 2987 conscientia
796 2927 938 2985 excitatus
958 2930 1049 3000 esset,
1077 2925 1205 2984 libenter
1226 2925 1257 2982 in
1280 2939 1331 2982 an-

113 3029 182 3102 gnlo
204 3045 256 3087 sno
279 3030 419 3092 latuisset
458 3030 549 3102 Quum
572 3037 692 3104 propter
707 3030 818 3088 animas
833 3029 889 3087 sibi
907 3029 1073 3087 commissas
1088 3034 1189 3087 contra
1204 3029 1331 3101 singulos
1440 3081 1443 3088 .

114 3133 221 3191 abnsns
236 3133 293 3192 illis
308 3135 566 3207 perniciosissimos
584 3135 760 3209 exoriretur,
783 3149 900 3192 cansam
916 3133 972 3206 ipsi
987 3129 1120 3190 Pontifici
1139 3131 1216 3189 haud
1234 3132 1332 3203 ingra-

114 3241 176 3294 tam
198 3238 346 3311 suscipere
369 3238 424 3297 sibi
446 3237 606 3299 videbatur.
643 3237 706 3296 Hae
723 3254 760 3297 ex
780 3242 864 3310 parte
881 3253 915 3295 se
931 3251 1045 3295 emesae
1061 3235 1199 3310 paulatim
1216 3233 1331 3292 demum

114 3355 171 3398 nec
191 3342 253 3400 sine
273 3357 378 3414 magno
397 3341 498 3402 dolore
517 3343 616 3402 sensit
653 3341 836 3416 Ailajetano
851 3339 999 3400 cardinali
1018 3339 1056 3398 nd
1069 3339 1193 3414 Papam,
1216 3356 1235 3398 a
1251 3339 1332 3413 Papa

114 3445 192 3504 male
213 3443 367 3505 informato
389 3446 427 3505 ad
449 3447 552 3506 melius
574 3445 801 3521 informandum,
821 3445 945 3519 deniqne
970 3461 988 3503 a
1010 3444 1091 3518 Papa
1113 3445 1150 3503 ad
1174 3443 1332 3504 Concilium

115 3549 279 3609 universale
309 3553 483 3623 provocavit.
528 3551 573 3612 Ne
603 3551 634 3610 id
654 3551 769 3624 quidem
797 3567 832 3610 ex
851 3549 961 3624 jndicio
982 3550 1136 3608 multorum
1159 3549 1333 3622 aequalium,

115 3652 206 3710 etiam
222 3651 370 3714 Sorbonae
386 3655 575 3730 Parisiensis,
598 3657 690 3730 ipsius
704 3656 832 3729 Papatus
848 3655 1006 3729 legitimam
1022 3653 1334 3729 dignitatemsustulit.

116 3754 189 3814 Cum
211 3759 335 3817 comitiis
350 3757 547 3834 Germanicis,
569 3761 646 3819 illius
669 3761 761 3819 seculi
783 3775 860 3818 anno
881 3765 983 3818 octavo
1000 3759 1111 3818 dommo
1124 3756 1333 3844 Norimbergae

116 3864 312 3936 congregatis,
340 3863 484 3924 Lutberus
506 3863 612 3923 Cumae
641 3870 672 3924 et
698 3864 841 3922 ecclesiae
863 3862 1011 3922 Romame
1034 3862 1189 3920 discrimen
1211 3855 1334 3933 posuit.1

116 3965 219 4039 Neque
242 3983 260 4025 a
282 3966 371 4027 Curia
390 3967 488 4042 Papae
517 3983 670 4042 personam
696 3983 755 4026 non
781 3966 927 4026 destinuit.
974 3965 1230 4026 verumenimvero
1252 3963 1287 4036 ii,
1315 3977 1334 4020 a

115 4067 218 4142 quibos
240 4075 359 4145 pmpter
380 4073 564 4148 impugnatos
585 4071 776 4130 crassissimos
797 4069 1045 4145 indulgentiamm
1060 4065 1167 4127 abusus
1183 4064 1334 4125 confestim

115 4153 274 4233 haereseos
303 4182 455 4236 accusatus
485 4182 543 4252 est,
574 4177 659 4236 simul
691 4171 840 4234 Pontificis
868 4179 1057 4249 potestatam,
1092 4177 1124 4230 ut
1154 4187 1213 4230 non
1243 4171 1334 4230 solum

116 4294 204 4352 snpra
238 4280 335 4339 omnia
368 4281 467 4341 mundi
502 4297 593 4355 regna
624 4282 780 4354 elevatam,
814 4277 867 4339 aed
899 4279 988 4338 etiam
1017 4279 1049 4336 in
1078 4277 1141 4350 ipso
1169 4275 1334 4350 purgatorio

116 4381 328 4459 dominantem,
350 4385 467 4461 stupida
485 4387 538 4446 illa
557 4385 768 4445 incontinentia
784 4383 1068 4459 intemperantiaque
1082 4379 1335 4456 praedicaverunt,

204 4602 231 4668 1)
254 4601 383 4655 Provocat
404 4603 533 4656 Lnthsrus
556 4604 588 4655 ad
609 4603 657 4655 illa
679 4602 796 4654 comitia:
824 4601 869 4652 Br.
886 4601 925 4652 ad.
943 4601 974 4651 de
992 4599 1036 4652 W.
1051 4605 1074 4663 1,
1088 4603 1147 4651 88³.

161 4702 372 4748 Schlottmanni
385 4705 489 4749 hamus
502 4704 623 4748 redivivus.
1075 4689 1116 4750 14
