3188 5086
707 322 798 373 Garun
815 323 851 374 11.
1346 328 1380 382 85

165 541 319 610 suggestus
342 537 419 596 sacri
442 536 595 608 petiissent
608 529 706 615 (quam
728 553 829 610 parum
851 538 887 596 iis
901 539 1045 611 profuisse
1065 534 1199 622 constat),
1220 542 1272 601 sed
1286 544 1381 616 potius

165 639 204 698 ad
238 654 351 700 omnem
386 640 589 700 auetontatem
621 640 736 700 civilem
773 642 804 699 in
838 643 949 702 eunctis
982 645 1069 704 terris
1098 645 1280 706 Germanicis
1306 663 1379 706 novo

166 743 293 818 dogmati
327 744 443 804 fortiter
476 750 507 804 et
540 749 708 804 constanter
739 743 946 819 derogandam.
990 747 1072 818 Quod
1105 764 1162 808 non
1190 750 1233 808 ita
1259 750 1380 809 arduum

166 853 247 922 erat,
277 863 449 921 quamquam
471 847 608 908 Borussia
629 849 730 922 paucis
752 855 820 908 ante
845 850 943 910 lustris
969 857 1158 925 praepostera
1184 853 1380 926 generositate

166 951 309 1010 Placitum
338 951 462 1026 Regium
489 951 716 1012 renuntiaverat.
768 953 880 1028 Quippe
909 954 982 1013 nihil
1012 955 1160 1029 obstabat,
1188 956 1258 1027 quin
1286 955 1380 1027 publi-

171 1072 225 1115 cae
247 1056 349 1115 salntis
372 1071 460 1115 causa
481 1055 625 1116 Vaticana
648 1055 768 1116 decreta
796 1058 947 1133 rejiceret,
975 1075 1049 1132 quae
1080 1059 1209 1117 intimam
1231 1057 1379 1119 Romanae

169 1159 312 1220 ecclesiae
328 1159 524 1219 condicionem
539 1164 692 1233 tantopere
715 1167 884 1236 novaverat,
906 1169 939 1220 ut
953 1161 1070 1222 Austria
1083 1167 1240 1235 propterea
1261 1177 1379 1222 concor-

168 1264 267 1324 datum
290 1264 400 1323 servari
422 1281 480 1324 non
501 1279 587 1338 posse
609 1263 781 1324 declararet
825 1265 991 1324 Friderious
1005 1265 1128 1336 Magnus
1150 1264 1238 1323 totins
1257 1265 1380 1325 sociota-

167 1369 205 1428 tis
233 1367 394 1428 lesuiticae
431 1369 553 1427 tutelam
579 1373 699 1442 petente
729 1368 828 1428 Riccio
858 1366 994 1428 Generali
1034 1367 1182 1440 suscipere
1211 1369 1319 1444 noluit,
1348 1371 1378 1428 in

167 1473 272 1534 Silcsia
285 1473 428 1546 leonitas,
451 1472 556 1532 scholis
576 1472 754 1546 potissimum
776 1471 915 1530 habendis
931 1468 1145 1545 incumbentes,
1167 1471 1302 1532 tutandos
1324 1473 1379 1532 sibi

170 1575 369 1652 existimabat,
389 1577 523 1650 qnoniam
545 1575 732 1648 sollemniter,
754 1579 785 1633 ut
800 1575 861 1647 ipse
876 1573 1000 1648 dicebat,
1021 1575 1205 1650 promiserat,
1227 1591 1259 1634 se
1274 1583 1380 1636 statum

167 1681 317 1755 religionis
346 1682 378 1740 in
405 1697 442 1742 ea
465 1680 613 1754 provincia
641 1679 823 1736 immutatum
850 1678 1017 1737 relicturum
1052 1693 1127 1762 esse.
1170 1679 1276 1739 Nostro
1306 1697 1379 1740 aevo

167 1785 306 1845 Bornssia
325 1785 512 1858 pronuntiare
534 1788 665 1856 poterat,
688 1797 721 1840 se
743 1787 787 1841 tot
808 1781 934 1854 insignia
954 1781 1031 1841 bona
1053 1783 1212 1842 catholicae
1236 1785 1378 1846 eeclesiae

169 1906 207 1950 ea
227 1891 293 1966 lege
318 1895 347 1949 at
362 1887 477 1948 dedisse
500 1892 531 1945 et
551 1891 730 1946 servaturam
743 1885 917 1960 promisisse,
940 1891 973 1944 nt
995 1887 1076 1945 ouria
1090 1887 1222 1946 intimam
1236 1890 1299 1962 ejus
1312 1903 1379 1948 cou-

169 1993 312 2054 dicionam
335 1995 515 2052 immutatam
529 1991 718 2064 relinqueret
763 1987 794 2050 Si
810 2005 845 2050 eo
864 1989 960 2050 animo
975 2005 1040 2048 oum
1054 1991 1178 2050 Bavaria
1193 1992 1379 2052 constitutum

169 2097 301 2171 iecisset,
320 2102 353 2155 ut
375 2095 494 2155 decreta
505 2095 647 2156 Vaticana
668 2111 727 2153 non
742 2099 945 2170 agnoscerent,
968 2109 1086 2168 sperare
1101 2094 1178 2154 haud
1193 2097 1379 2154 temerarium

170 2208 234 2262 erat
255 2201 327 2275 iore,
350 2206 382 2259 ut
401 2205 519 2260 ceterae
543 2200 675 2258 sidetes
690 2199 875 2272 Germaniae,
896 2199 1069 2271 quinetiam
1093 2199 1244 2272 imparium
1260 2198 1379 2259 Germa·

168 2307 278 2378 uicum,
307 2305 346 2364 ad
366 2303 445 2363 idem
467 2304 615 2363 consilium
640 2303 822 2364 accederent.
868 2301 944 2363 Sane
968 2302 1061 2361 simile
1083 2303 1192 2376 ahquid
1214 2303 1379 2376 singulatim

169 2414 200 2469 et
221 2409 345 2468 Bavaria
372 2413 403 2468 et
421 2407 557 2468 Borussia
584 2413 615 2466 et
637 2423 758 2482 magnus
780 2405 902 2466 ducatus
921 2406 1062 2466 Badensis
1083 2405 1199 2479 publice
1222 2405 1379 2466 constitue·

125 2489 132 2500 ’
167 2518 252 2587 runt,
272 2511 325 2571 sed
346 2527 448 2586 parum
470 2511 595 2586 fortiter,
616 2511 668 2572 sed
689 2511 838 2571 dumtaxat
859 2510 1126 2571 Palaeooatholioos
1147 2509 1261 2569 tutandi
1283 2524 1381 2586 cauea,

169 2632 219 2676 eos
256 2615 408 2704 nimirum,
445 2631 516 2690 qnos
553 2615 616 2676 sine
649 2631 758 2674 summo
793 2615 937 2675 dedecoro
972 2615 1109 2674 deserere
1145 2630 1202 2674 non
1230 2619 1381 2689 poterant;

167 2726 299 2781 ceterum
327 2720 461 2780 civimtas
491 2737 595 2779 novum
625 2719 745 2794 dogma,
779 2719 834 2778 sihi
864 2719 1079 2779 infestissimum
1112 2724 1143 2778 et
1165 2717 1380 2778 exardescentis

167 2823 320 2884 seditionis
349 2840 480 2898 cansam,
512 2839 566 2898 per
594 2823 691 2883 dolum
711 2839 747 2882 ac
767 2823 824 2882 vim
846 2824 944 2898 spargi
966 2823 1115 2898 sinebant,
1144 2823 1224 2896 quasi
1247 2827 1277 2881 et
1298 2822 1379 2895 ipsae

166 2933 250 2986 vetus
278 2927 353 2986 illud
377 2925 560 3002 proverbium
589 2927 778 2987 monasticum
807 2931 1011 3000 sequerentur:
1043 2927 1153 3001 ,sinere
1179 2924 1314 2984 mundum
1335 2925 1380 2984 ira

168 3031 310 3106 quomodo
335 3030 432 3090 vadit‘
469 3031 531 3090 .Vix
554 3029 694 3090 credibile
715 3030 860 3090 videbitur
881 3031 1020 3105 posteris,
1049 3031 1080 3088 in
1102 3028 1254 3088 Rhenania
1275 3027 1380 3086 Bores-

168 3136 231 3196 aica
259 3151 335 3195 anno
357 3119 508 3195 millesimo
531 3135 770 3210 octingentesimo
792 3151 850 3194 uno
874 3141 904 3194 et
925 3133 1136 3207 septuagesimo
1157 3130 1220 3189 lieri
1241 3131 1379 3204 potuisse,

169 3245 203 3300 nt
222 3237 393 3300 moribundo
414 3238 682 3314 Palaeooatholico,
707 3239 824 3312 egregio
846 3239 1031 3297 historiarum
1053 3234 1200 3308 scriptori,
1228 3231 1380 3292 Friderico

169 3344 314 3404 Guilelmo
340 3341 562 3418 Kampscbnlte,
595 3359 614 3402 a
640 3344 767 3418 parocho
799 3343 862 3416 ipso
890 3357 993 3401 novurn
1024 3339 1128 3413 dogma
1155 3352 1212 3396 non
1241 3335 1379 3396 medente

169 3453 249 3508 metu
271 3447 400 3522 episcopi
422 3453 605 3507 sacramenta
623 3447 851 3520 denegarentur,
873 3451 906 3504 ut
926 3445 1105 3505 sanctissima
1127 3440 1243 3517 femina,
1265 3440 1379 3500 Amalia

170 3551 207 3611 de
225 3551 369 3626 Laaaulx,
398 3557 519 3627 aegrota
547 3567 565 3610 e
587 3552 751 3611 nosocomio
782 3567 833 3610 sno
863 3551 900 3610 ab
926 3549 1034 3610 ordinis
1057 3546 1219 3620 superiore,
1252 3543 1380 3606 fanatica

170 3655 279 3714 femina
305 3656 479 3731 peregrina,
508 3671 583 3730 quae
611 3655 856 3730 eFrancogellia
883 3655 1080 3726 advolaverat,
1110 3649 1307 3710 crudelissime
1331 3664 1380 3707 ex·

169 3759 337 3832 pelleretur.
386 3759 591 3819 Resistendum
620 3765 684 3819 erat
710 3759 875 3834 principiis,
905 3755 1124 3828 declarandum,
1151 3753 1315 3826 opinionem
1342 3751 1379 3809 de

169 3861 377 3923 infallibilitate
399 3863 496 3938 papali
523 3868 557 3922 ut
578 3869 666 3923 antea
686 3864 728 3921 nil
750 3863 806 3922 nisi
828 3862 992 3937 opinionem
1014 3859 1156 3932 privatam
1179 3871 1257 3929 esso,
1284 3867 1379 3925 neque

169 3967 259 4026 licere
288 3966 327 4026 ad
357 3981 423 4026 eam
451 3967 649 4042 accipiendam
676 3983 848 4041 quemqnam
870 3965 947 4040 adigi
969 3963 1015 4022 vel
1036 3963 1241 4033 aspernantem
1267 3972 1380 4016 excom-

169 4071 324 4145 municari3
353 4071 553 4144 postulandum
577 4077 641 4130 erat
660 4070 697 4130 ab
719 4071 781 4144 ipso
802 4085 892 4144 papa,
923 4073 967 4139 ut,
996 4059 1234 4136 quemadmodum
1257 4060 1294 4119 de
1315 4058 1381 4118 Tri-

169 4173 297 4234 dentinis
318 4173 444 4234 demotis
466 4175 558 4234 taceri
581 4174 724 4248 quondam
745 4176 776 4233 iu
799 4170 966 4246 quibusdam
988 4166 1075 4224 terris
1090 4163 1260 4238 permissum
1274 4163 1380 4238 luerat,

168 4278 211 4336 ita
240 4292 318 4336 nunc
340 4278 433 4336 taceri
458 4277 496 4338 de
519 4277 668 4338 Vaticanis
696 4276 821 4336 decretis
855 4275 886 4331 in
917 4269 1074 4330 Germania
1104 4267 1320 4341 concederetur,
1350 4266 1380 4325 id

167 4379 244 4454 quod
264 4381 365 4455 primis
386 4387 452 4454 post
473 4380 627 4441 concilium
646 4379 820 4454 temporibus
844 4390 909 4434 cum
923 4370 1040 4434 Helelio
1062 4371 1144 4430 multi
1167 4371 1216 4428 alii
1232 4369 1381 4429 desidera-

168 4483 247 4544 bant
292 4483 356 4544 Hoc
385 4485 410 4542 si
436 4483 505 4544 Pius
525 4501 579 4560 pro
601 4486 708 4544 usitata
728 4479 891 4556 pertinacia
912 4477 1117 4547 detrectasset,
1149 4474 1250 4532 civitas
1272 4490 1307 4532 ex
1328 4487 1380 4530 suo

164 4589 233 4661 jore
267 4592 299 4648 et
330 4593 471 4648 aeternae
503 4589 637 4648 veritatis
672 4602 707 4645 ae
737 4583 867 4658 justitiae
898 4579 1010 4658 legibus
1036 4579 1184 4652 imponere
1218 4593 1270 4637 suo
1303 4575 1381 4636 clero
