3156 5056
254 324 306 380 242
736 323 841 378 Pas-rra
860 321 975 378 Parosta

865 415 899 428 nq-

251 543 381 616 quiescat
408 541 491 600 testis
519 541 725 614 permultorum
752 557 863 616 rernm,
893 557 963 614 quas
986 540 1092 600 vidisse
1115 543 1197 616 pejus
1221 540 1308 601 luerit
1330 538 1471 601 marta.‘¹

251 649 314 723 Ego
336 653 436 706 aman
459 646 685 706 existimaverim
704 645 881 706 Alcandrnm
902 645 981 705 seria
1002 643 1059 704 fide
1082 651 1185 706 tenera
1208 647 1262 706 sibi
1286 647 1376 705 visum
1399 660 1472 705 esse

250 755 340 811 talem
378 751 640 824 Christianismum,
677 751 791 823 qualem
824 749 916 809 Roma
951 751 1057 810 iterum
1091 751 1253 824 iterumque
1290 751 1472 824 procreavit,

250 857 362 916 seilicet
383 857 412 914 iu
435 861 513 914 muto
536 871 608 927 erga
630 853 784 913 ecclesiam
805 853 943 928 obsequio
965 839 1104 928 positum,
1127 861 1256 914 ceterum
1279 855 1316 914 de
1338 856 1472 914 varitate

249 977 305 1019 non
330 959 483 1020 admodum
505 959 667 1019 sollicitum.
713 959 814 1032 Itaque
837 973 959 1031 regnum
981 957 1108 1018 diuinum
1132 975 1150 1017 a
1174 958 1289 1018 Christo
1311 959 1473 1018 fundatum

249 1067 280 1124 in
310 1067 371 1124 solo
402 1063 523 1138 imperio
553 1061 655 1136 Papali
688 1077 829 1136 praesens
862 1061 1097 1136 conspicabatur,
1137 1063 1213 1136 qnod
1247 1065 1396 1136 imperium
1440 1071 1473 1122 nt

248 1169 424 1229 mundanum
455 1169 543 1226 etiam
572 1165 723 1225 mundanis
752 1166 905 1238 praesidiis
940 1167 1115 1226 iniciendum
1150 1166 1282 1226 credidit
1337 1167 1370 1226 Id
1393 1169 1472 1226 iude

249 1293 268 1334 a
303 1271 440 1348 pueritia,
480 1287 537 1345 qua
568 1270 725 1329 Alexandri
757 1270 806 1330 Vl.
841 1269 970 1330 lavarem
1004 1277 1106 1331 nactus
1141 1276 1218 1346 crat,
1259 1273 1346 1331 variis
1384 1274 1471 1331 vitae

250 1380 364 1436 casibus
376 1381 512 1452 jactatus,
535 1373 704 1434 adultiores
727 1375 865 1448 paulatim
882 1375 988 1449 gradus
1004 1376 1034 1433 in
1059 1377 1183 1435 ecclesia
1204 1382 1363 1450 provectus,
1386 1377 1471 1436 bene

250 1483 400 1541 didicerat.
435 1480 532 1552 Quare
548 1479 585 1539 ad
604 1478 674 1538 illud
693 1479 845 1554 imperinm
861 1479 1077 1554 propagandum
1094 1497 1112 1538 a
1128 1479 1242 1555 lrande,
1266 1481 1470 1555 comnptione,

250 1586 388 1646 violentia
408 1601 553 1658 nunquam
572 1583 729 1644 abborruit.
774 1583 871 1642 Etiam
890 1585 1019 1646 malitiae
1043 1583 1210 1644 fortitudine
1232 1590 1319 1658 atque
1341 1585 1470 1644 audacia

251 1705 319 1750 usus
348 1693 401 1750 est
446 1689 536 1750 Simul
567 1703 637 1746 vero
667 1703 733 1762 ,per
762 1695 952 1762 opportunam
982 1689 1167 1748 tolerantiam
1197 1689 1253 1748 sibi
1285 1692 1471 1762 temperare‘

251 1799 375 1870 poterat.
420 1791 556 1852 Jaetabat
578 1791 667 1850 multo
690 1796 770 1868 post,
792 1809 857 1853 sesa
880 1793 1040 1852 cohibuisse
1064 1809 1096 1852 se
1118 1799 1162 1852 tot
1182 1810 1272 1852 annos
1292 1811 1329 1853 nc
1345 1795 1471 1869 scripto-

251 1917 316 1959 rum
338 1899 499 1959 acerbitate
516 1896 698 1956 Lutberanos
717 1897 861 1973 irritaret,
884 1915 941 1971 qua
963 1899 1008 1956 usi
1031 1900 1113 1958 multi
1133 1898 1345 1959 Catholicornm
1363 1900 1472 1959 vulnus

252 2004 484 2078 exulcerassent3
507 2003 538 2062 in
561 2001 727 2074 Argustana
747 2007 903 2078 conventu,
927 2002 1064 2076 adquam
1085 2009 1205 2078 propter
1219 2003 1348 2063 morbum
1363 2005 1470 2064 missus

252 2127 310 2168 non
340 2107 456 2182 inisset,
499 2123 586 2181 quum
615 2106 777 2180 propinqua
807 2107 978 2166 concordiae
1009 2125 1076 2181 spes
1108 2123 1283 2168 evanescere
1314 2109 1471 2182 coepisset,

252 2213 508 2272 Melanchthonem
529 2211 705 2284 suspirasse:
734 2210 851 2270 Utinam
875 2211 992 2271 adesset
1014 2212 1060 2270 bic
1081 2212 1241 2288 Alcander,
1273 2229 1394 2286 quocum
1422 2219 1471 2271 sat

253 2321 312 2378 scio
343 2334 395 2378 nos
426 2310 650 2376 conventuros.²
710 2315 792 2374 Haec
821 2316 918 2374 omnia
949 2317 1061 2376 scilicet
1088 2317 1139 2375 ille
1168 2317 1348 2391 praetendit,
1381 2333 1470 2390 quum

252 2428 371 2497 propter
399 2421 566 2480 violentiam
595 2420 659 2492 eJus
681 2417 883 2478 Fordinandns
913 2437 966 2479 rex
993 2426 1110 2494 questus
1138 2428 1217 2480 essm
1243 2421 1320 2494 apud
1344 2419 1471 2479 Curiam.

252 2525 292 2584 Et
325 2541 428 2584 resera
460 2523 545 2583 homo
579 2523 739 2596 versipellis
766 2525 797 2582 in
825 2539 972 2599 semiana,
1008 2523 1122 2599 habitu,
1154 2526 1231 2584 vitae
1255 2525 1470 2584 consuetudine

253 2629 380 2689 habebat
409 2642 483 2700 qnae
514 2628 543 2686 ei
573 2627 724 2686 multorum
757 2628 866 2687 animos
896 2630 1095 2689 conciliarent.
1147 2629 1257 2689 Romae
1280 2631 1472 2703 probissimus

253 2733 397 2808 quondam
433 2733 478 2791 vir
513 2731 663 2791 Sadoletus
700 2731 852 2791 admodum
886 2733 915 2793 ei
950 2732 1076 2794 lavabat.
1132 2733 1294 2808 Episcopus
1325 2734 1472 2793 Tudensis

253 2841 283 2898 in
307 2837 430 2911 epistola
452 2836 489 2895 ad
511 2835 662 2894 Erasmum
684 2835 854 2896 modestiam
875 2839 904 2896 in
927 2839 988 2896 viro
1010 2839 1061 2897 illo
1083 2843 1142 2896 tam
1165 2839 1238 2898 mire
1261 2837 1375 2898 erudito
1398 2855 1472 2898 rere

254 2941 454 3003 admirabilem
468 2941 584 3000 sommis
604 2938 690 2999 eliert
706 2940 855 3014 laudibus3
877 2942 1032 3002 humanum
1046 2959 1081 3002 ac
1102 2943 1300 3002 suavissimum
1323 2943 1471 3001 bominem

254 3066 319 3109 enm
342 3065 408 3108 csse
432 3065 524 3121 eaque
547 3045 758 3121 moderatione,
780 3050 812 3105 ut
836 3061 894 3105 non
917 3046 1046 3106 deterius
1070 3047 1105 3106 de
1129 3049 1195 3108 aliis
1217 3048 1297 3108 dicat
1319 3065 1403 3122 quam
1427 3047 1469 3106 ds

253 3171 285 3214 se
307 3155 378 3215 velit
400 3153 509 3212 audire.
548 3153 615 3226 lpse
638 3151 776 3210 Erasmus
798 3149 874 3226 apud
889 3151 1017 3211 Venetas
1039 3168 1104 3211 cnm
1120 3153 1172 3211 illo
1187 3153 1289 3226 juveni
1306 3153 1471 3212 arctissima

253 3257 451 3318 familiaritate
486 3258 667 3331 conjunctus,
701 3256 935 3330 contubernium,
970 3272 1114 3331 mensam,
1151 3257 1257 3315 lectum
1288 3273 1470 3316 communem

253 3363 410 3435 babuerat,
434 3377 570 3436 eumque,
589 3360 670 3419 tenui
693 3365 762 3418 tunc
783 3361 846 3419 loco
869 3361 1007 3436 positum,
1030 3359 1259 3434 proficiscentem
1282 3362 1313 3419 in
1333 3359 1471 3432 Galliam,

253 3466 359 3525 litteris
382 3464 641 3522 commendaverat.
692 3463 771 3522 Dicit
793 3481 824 3521 se
849 3481 927 3538 ,cum
948 3480 984 3524 co
1009 3480 1212 3538 nonnunquam
1236 3470 1267 3523 et
1288 3465 1319 3523 in
1342 3463 1470 3522 mediam

254 3585 343 3642 usque
366 3573 480 3626 noctem
503 3566 672 3641 produxisse
693 3568 791 3626 doctas
807 3566 942 3642 tabulas‘,
965 3569 1143 3643 ,suspexisse
1158 3567 1319 3627 doctrinam
1335 3568 1471 3633 nominis.

252 3689 347 3733 moras
373 3688 498 3747 amasse,
528 3687 699 3744 quemqnam
723 3689 772 3732 eos
795 3672 903 3732 babeat
925 3674 974 3731 ills
998 3689 1079 3747 snos,
1110 3689 1165 3732 nec
1188 3673 1263 3732 male
1286 3675 1378 3732 visum
1402 3689 1470 3732 esse

252 3779 407 3839 convenire
437 3777 515 3834 inter
543 3777 692 3849 utriusque
723 3773 880 3851 genium.‘³
924 3777 1004 3836 Illius
1031 3779 1169 3850 temporis
1197 3776 1324 3836 libenter
1351 3794 1471 3850 semper

252 3885 391 3945 meminit.
437 3882 528 3940 Immo
558 3880 647 3940 etiam
675 3888 826 3955 postquam
853 3887 983 3941 veteram
1011 3883 1135 3941 amicum
1163 3882 1360 3941 abalienatum
1387 3899 1407 3940 a
1433 3899 1470 3940 se

253 4005 374 4064 cumque
397 3987 566 4046 stultissima
588 3985 792 4044 monachornm
819 3984 946 4045 factione
969 3988 1153 4060 conjunctum
1184 4003 1242 4045 non
1264 3986 1327 4045 sina
1349 3993 1470 4060 stupore

253 4095 398 4168 cognovit,
429 4092 558 4166 dicabat,
589 4091 686 4165 ,hujus
713 4091 859 4166 ingenium
889 4107 943 4166 per
969 4107 1000 4152 se
1030 4092 1186 4150 humanum
1215 4093 1271 4150 alio
1300 4091 1472 4164 perpulsum

253 4212 317 4256 esse
342 4196 520 4269 quorundam
539 4195 753 4270 instigatione‘3
782 4197 851 4272 ,nisi
874 4202 1036 4256 venenatae
1057 4197 1173 4271 linguae
1199 4196 1347 4268 utriusque
1369 4197 1474 4253 amici-

342 4443 366 4510 1)
386 4443 539 4495 Kardesos
558 4441 607 4494 οὐκ
625 4441 719 4507 ἀέκων,
743 4440 783 4495 ὅτι
805 4443 951 4514 παύσομαι
970 4443 1009 4496 ὢν
1026 4443 1179 4514 impugnes

422 4530 565 4582 mutarat·
587 4515 625 4584 ὧν
643 4548 696 4600 περ
715 4529 787 4584 idaia
805 4533 903 4600 elytos
920 4523 955 4598 ἦν
973 4532 1106 4585 θανάτου.

339 4619 366 4694 i)
384 4617 538 4672 PallavicIui
557 4617 602 4682 IV,
616 4623 642 4684 8,
655 4624 679 4672 l.
786 4613 822 4690 a)'
833 4619 899 4686 Epp.
920 4617 1046 4688 XVI,11.
