3134 5054
626 299 718 350 Cannu
738 299 812 352 XIII.
1265 299 1317 354 297

104 511 168 569 eris
196 512 295 570 nin
317 515 395 572 solet
416 512 557 572 msiuliari
601 513 684 572 Hace
705 529 763 572 uon
786 511 925 574 admoneo
949 517 981 574 ιι
1003 511 1094 574 luciae
1116 513 1168 574 sed
1190 519 1223 574 ιι
1243 515 1319 588 qnod

103 613 171 672 treis
190 628 340 690 papum
359 617 472 676 lucian*

183 720 343 795 rum,
372 739 461 796 quum
491 727 550 780 tam
579 721 689 782 urbane
712 722 871 782 Luthernm
902 723 1078 784 christianae
1108 726 1319 800 temperantiae

103 831 131 881 et
157 824 330 885 whieuris
359 825 633 901 commonefaceret,
662 842 694 886 se
727 827 819 902 ipsom
850 827 927 886 illius
958 827 1082 903 epistola
1113 829 1151 888 ad
1181 831 1320 904 maiorem

102 929 184 985 animi
208 929 417 989 lmtimdmem
438 947 497 990 non
519 931 613 988 minus
633 929 742 989 urbane
772 931 929 992 excitatum
953 929 1056 1007 luisse,
1086 931 1162 992 bene
1185 933 1320 994 recorda·

102 1029 189 1089 barm,
233 1034 373 1093 &nilide
394 1043 493 1095 tamen
515 1042 545 1094 et
574 1035 637 1093 eine
660 1035 705 1094 lna
719 1033 882 1110 'respondit
927 1035 1009 1110 Quod
1032 1035 1111 1097 clare
1131 1037 1262 1097 videmus
1283 1055 1320 1098 ex

102 1137 142 1194 lis
154 1139 257 1196 vernis
272 1139 465 1198 admonitioni
480 1137 601 1198 additis:
623 1138 796 1214 ,Degustavi
812 1139 1034 1200 commentarios
1056 1145 1121 1200 tuos
1136 1141 1167 1200 in
1181 1142 1318 1216 ριιιιιιιιε

101 1241 289 1301 venementer
314 1243 446 1302 strident
468 1247 499 1302 et
521 1259 606 1316 spero
631 1257 766 1316 magnam
797 1243 952 1304 utilitatem
980 1245 1127 1304 allaturos.
1173 1245 1228 1305 Est
1249 1246 1322 1304 Ant·

101 1346 215 1418 verpias
248 1348 340 1406 Prior
367 1351 430 1421 ejus
463 1349 646 1420 monosterii,
682 1349 726 1407 vir
759 1365 831 1422 pure
865 1347 1051 1422 chrlutienus,
1089 1349 1138 1424 qui
1172 1357 1202 1410 te
1235 1351 1320 1410 nmine

100 1445 227 1521 deam,
259 1459 331 1510 urus
361 1453 431 1510 olim
461 1451 619 1526 discipulus
649 1457 680 1510 ut
708 1451 867 1526 praedicat.
912 1453 940 1512 ie
971 1453 1097 1512 omnium
1119 1469 1214 1528 paene
1242 1456 1320 1513 solus

100 1549 242 1612 Christm
279 1555 439 1630 praedicat
500 1554 597 1616 Ceteri
636 1557 697 1616 lere
736 1563 786 1616 aut
819 1555 965 1616 hominurn
999 1555 1112 1617 lebulas
1149 1565 1201 1618 ant
1236 1575 1320 1618 snum

101 1665 252 1727 umectum
287 1659 466 1734 praedicant.
522 1659 663 1720 Dominus
694 1661 780 1721 Iesus
817 1661 869 1722 tlbl
908 1679 990 1722 suum
1028 1663 1159 1736 spiritum
1192 1663 1222 1722 in
1256 1663 1321 1722 dies

101 1760 216 1822 uberim
239 1766 394 1840 impertiat
415 1766 453 1826 ad
473 1766 563 1840 ipsius
585 1767 707 1839 gloriam
730 1773 760 1826 et
782 1763 926 1840 publloam
951 1767 1127 1828 sulutem}

185 1867 304 1928 Eodem
326 1871 422 1929 animo
445 1871 613 1944 saepissime
641 1870 679 1930 de
702 1869 884 1944 ,Lntherano
907 1865 1039 1946 negotio‘
1063 1871 1101 1931 ad
1122 1873 1226 1931 multos
1248 1873 1319 1932 alios

101 1969 189 2029 verba
210 1971 314 2034 lacere
337 1991 395 2034 non
418 1973 572 2050 dubitavit,
603 1981 634 2034 et
656 1975 693 2036 ed
714 1975 834 2050 amicos,
864 1977 912 2050 qni
935 1991 999 2034 cum
1022 1992 1058 2036 eo
1081 1977 1259 2050 sentIebant,
1289 1983 1321 2036 et

103 2073 139 2130 nd
159 2079 321 2138 acerrimos
342 2078 510 2153 pontificum
533 2085 779 2156 propugnatores,
809 2085 840 2140 ot
866 2079 903 2140 nd
927 2079 1002 2140 viros
1031 2080 1158 2140 eruditos
1186 2098 1220 2140 ac
1241 2081 1321 2156 prin·

104 2176 181 2250 cipes
201 2199 269 2241 oum
288 2183 417 2242 Luthero
439 2183 590 2243 incientes.
636 2185 710 2258 Quin
733 2185 820 2244 etiam
845 2189 948 2258 postea
970 2185 1048 2244 luter
1066 2183 1320 2259 flagrantimnm

105 2284 256 2360 uniusque
289 2290 344 2347 viri
372 2287 523 2348 discidium
552 2288 704 2365 Erasmus,
734 2287 772 2348 ad
801 2287 925 2348 laetlora
953 2289 1005 2348 ille
1039 2290 1124 2349 initia
1152 2291 1320 2364 respiciens,

104 2384 273 2450 numnam
306 2392 478 2452 concordiae
515 2393 676 2454 servantes
713 2409 794 2468 spem
830 2393 1019 2454 vehementer
1057 2393 1211 2468 deplorans
1242 2393 1321 2452 hand

105 2495 193 2552 semel
228 2497 365 2572 Lutheri,
402 2498 507 2572 qnippe
545 2499 594 2572 qui
634 2497 775 2573 ,optabile
811 2513 917 2558 nornen
955 2499 1140 2573 ersugeucee
1177 2497 1320 2556 libertatis

85 2600 300 2696 praetulerit,
322 2601 639 2662 honorificentissimam
662 2602 838 2662 mentionem
861 2601 940 2662 lectt.
985 2602 1049 2661 Hac
1071 2619 1106 2661 ex
1128 2607 1226 2678 parte,
1249 2601 1321 2660 licet

105 2713 160 2757 uon
183 2719 302 2779 semper
321 2706 376 2766 eibi
397 2707 453 2780 ipsi
484 2707 662 2782 constiterit,
694 2712 791 2768 tamen
813 2707 838 2766 ai
860 2707 957 2766 omnin
980 2713 1156 2780 spectamus,
1185 2707 1322 2782 religioso

106 2817 139 2860 ao
167 2807 260 2868 nobili
291 2811 445 2884 aequitatis
474 2809 569 2870 studio
602 2827 737 2886 magnum
766 2825 848 2870 suum
873 2809 1071 2870 adversarium
1101 2817 1229 2884 superet
1273 2809 1321 2869 Sic

105 2908 135 2966 in
156 2915 284 2985 epistola
307 2914 343 2973 ed
364 2915 571 2992 Henckellnm,
601 2917 650 2990 qui
678 2917 798 2991 regime
821 2913 969 2990 Ungariae
997 2931 1016 2974 a
1037 2913 1222 2976 concionibus
1248 2921 1321 2987 erat,

105 3013 148 3072 his
181 3019 280 3079 verbis
312 3021 420 3080 utitur:
467 3021 572 3096 ,Quam
605 3027 708 3096 potens
741 3039 789 3082 roe
827 3027 857 3081 et
890 3021 1022 3082 amabilis
1055 3022 1093 3080 sit
1130 3021 1321 3096 evangelium,

105 3117 259 3183 deomant
281 3125 355 3184 haec
377 3131 521 3202 tempora,
552 3127 654 3200 quibus
681 3127 871 3202 conspicimus
891 3125 992 3186 orbem
1013 3125 1049 3185 ob
1072 3125 1202 3184 auditum
1232 3141 1320 3184 evan-

105 3225 173 3295 gelii
200 3245 319 3304 nomen,
350 3229 430 3302 velut
461 3248 497 3290 ex
517 3230 649 3306 lethargo
677 3231 839 3304 expergIsci
867 3247 902 3289 ao
931 3237 1081 3290 veternum
1109 3236 1254 3289 excutere
1276 3261 1321 3272 —

105 3327 241 3394 Addebat
262 3335 393 3393 nonnihil
415 3335 484 3394 boni
507 3336 609 3395 omlnis
637 3336 728 3410 ipsius
750 3335 872 3396 Lntheri
900 3351 1074 3410 cognomen,
1101 3333 1178 3407 quod
1199 3332 1321 3394 Germa·

105 3449 207 3498 uorum
237 3440 336 3513 lingnn
364 3445 584 3516 repurgatorem
611 3445 703 3500 sonat.
748 3440 783 3500 Id
812 3439 900 3499 nabet
929 3457 965 3500 ex
993 3439 1085 3513 patris
1114 3435 1239 3514 opificio,
1269 3438 1320 3512 qni

105 3541 191 3603 mdes
215 3545 291 3603 aer‘us
313 3561 423 3604 massas
445 3542 561 3603 officina
584 3561 636 3604 sun
658 3541 837 3620 repurget.‘¹
881 3543 964 3616 Quod
986 3559 1092 3617 magns
1118 3542 1170 3602 illa
1197 3559 1264 3617 spes
1286 3559 1319 3600 ee

106 3647 266 3721 multosque
289 3649 361 3708 alios
384 3647 539 3724 lelellerit,
568 3665 685 3723 semper
708 3665 766 3708 non
788 3649 844 3708 soli
866 3647 996 3708 Luthero
1026 3647 1078 3706 sed
1107 3647 1222 3720 utrique
1242 3645 1320 3718 parti

107 3750 218 3810 crimini
240 3753 341 3827 vertit,
366 3769 441 3826 quae
469 3755 513 3828 ,in
528 3753 672 3814 diversum
695 3754 817 3813 traxerit
833 3751 992 3812 lunicnlum
1006 3749 1216 3810 contentionis}
1255 3749 1320 3806 Ms-

102 3854 195 3923 jorem
224 3858 336 3930 culpam
367 3873 455 3930 saepe
487 3857 583 3918 nescir
612 3857 798 3932 evangeIIcae
832 3855 976 3914 libertatis
1003 3853 1178 3912 adversariis
1208 3851 1319 3909 erema

106 3955 179 4028 Quin
192 3961 254 4034 ipse
273 3963 304 4020 in
320 3977 356 4020 ea
378 3979 411 4021 re
433 3962 599 4035 peccaverit
621 3977 678 4021 non
702 3959 772 4020 setis
788 3957 867 4018 vidit.
906 3957 940 4016 lo
960 3973 1029 4016 vero
1052 3959 1074 4014 ii
1095 3971 1184 4028 supra
1202 3953 1316 4012 modum

106 4071 295 4140 exaggerant,
325 4067 375 4139 qui
398 4071 545 4140 antonne
569 4068 600 4126 in
621 4063 788 4140 pontificiis,
816 4067 868 4122 aut
890 4077 964 4136 qnae
985 4061 1015 4118 in
1037 4059 1213 4118 Lntheranis
1235 4063 1317 4116 recte

105 4166 152 4228 ille
176 4171 351 4244 vituperavit
369 4187 529 4246 agnoscere
552 4169 662 4230 uolunt.
708 4169 767 4228 Nos
794 4173 932 4243 quantum
960 4165 1117 4240 poterium
1146 4163 1262 4222 veritati
1282 4179 1317 4221 ac

103 4272 177 4342 juste
201 4274 312 4350 judicie
340 4277 544 4350 inserviemus,
575 4275 642 4335 dum
673 4271 865 4346 ostendimus,
893 4269 1033 4345 quomodo
1062 4268 1168 4326 lactum
1198 4268 1251 4340 sit,
1284 4272 1317 4324 nt

106 4384 222 4453 uterque
245 4380 290 4438 vir
312 4385 373 4439 tum
396 4379 501 4440 indolis
522 4395 581 4438 non
603 4379 696 4438 minus
718 4393 804 4452 quam
823 4375 1033 4437 seutenfiarnm
1050 4371 1232 4444 diversitate,
1254 4377 1315 4429 uum

189 4606 216 4673 ι)
235 4604 303 4670 epp.
319 4603 424 4668 livill,
442 4607 483 4656 ιι.
500 4618 524 4653 ι.
541 4605 616 4652 usna.
