3176 5064
697 309 784 364 Curua
802 309 823 364 1.
1358 310 1375 363 3

1216 405 1376 412 —ae—

144 513 259 588 fuere,¹
281 532 379 592 neque
401 514 458 572 riri
480 513 513 572 in
535 512 748 574 diversissimis
771 511 920 573 doctrinae
942 513 1076 590 partibus
1094 512 1240 589 insignes,
1263 513 1295 571 in
1313 517 1376 574 arte

145 622 366 697 mathematica,
389 621 596 696 astronomica,
619 621 837 696 chronologica,
860 620 989 698 denique
1011 620 1043 678 in
1062 620 1100 680 iis
1119 621 1268 696 omnibus,
1292 639 1376 699 quae,

144 733 182 788 ut
204 729 272 806 quis
295 729 388 789 iniis
411 729 551 804 excellat,
575 729 771 788 eruditionem
794 728 914 806 quidem
933 728 1182 805 sagacitatemque
1201 728 1376 803 desiderant,

146 855 209 896 non
231 854 301 896 varo
323 837 415 896 animi
438 837 617 908 libertatem,
642 835 840 910 nobilitatem,
863 835 1072 895 excelsitatem.
1120 833 1216 909 Quare
1238 836 1275 895 ad
1298 853 1377 896 sum-

148 962 244 1019 mum,
267 943 346 1021 quod
369 944 542 1004 mortalibus
566 944 696 1021 positum
715 948 774 1018 est,
797 943 860 1002 veri
878 943 1038 1019 indagandi
1057 947 1087 1002 et
1104 942 1276 1002 vindicandi
1295 944 1377 1003 iasti-

146 1052 231 1127 gium
249 1051 428 1110 leonitarum
446 1070 532 1112 nemo
551 1069 682 1129 unquam
700 1051 842 1128 pervenit.
876 1050 1115 1128 Impediebantur
1133 1051 1274 1110 nimirum
1289 1052 1378 1111 ctiam

146 1159 402 1236 praestantissima
428 1159 548 1236 ingenia
573 1159 761 1219 foedissimae
787 1159 871 1218 illius
899 1159 1051 1218 servitutis
1074 1158 1181 1234 halitu,
1209 1177 1299 1236 quam
1321 1159 1379 1220 ista

147 1266 288 1341 societas,
310 1267 479 1344 ubicunque
501 1273 646 1327 terrarum
667 1266 717 1326 vel
739 1266 817 1326 clam
840 1266 933 1342 serpit
955 1266 1004 1325 vel
1026 1265 1123 1343 palam
1143 1266 1323 1342 dominatur,
1346 1267 1380 1327 in

148 1373 274 1448 scholis,
297 1374 455 1448 institutis,
477 1374 594 1450 legibus
615 1373 678 1434 suis
697 1391 814 1451 semper
832 1374 926 1451 spirat
944 1374 1089 1451 cujusque
1104 1373 1212 1450 jugum
1230 1375 1380 1436 universis

147 1482 289 1558 gentibus
316 1481 467 1560 imponere
493 1487 558 1541 tum
586 1481 728 1541 insidiosa
755 1481 966 1556 fraudulentia,
995 1485 1072 1556 tum,
1100 1482 1126 1540 si
1154 1499 1276 1542 necesse
1298 1483 1380 1542 vide·

148 1589 462 1665 batum-sanguinaria
484 1589 625 1648 violentia
646 1589 691 1650 uti
714 1607 868 1667 nunquam
890 1589 1098 1648 reformidavit.
1132 1589 1182 1650 Sic
1204 1590 1287 1649 virus
1305 1591 1381 1650 illud

146 1697 212 1772 jam
234 1697 362 1772 pridem,
384 1701 419 1756 ut
441 1697 484 1756 ita
505 1697 615 1771 dicam,
638 1696 765 1756 aOuria
786 1714 844 1756 usu
867 1701 1000 1773 captum,
1023 1697 1154 1756 Jesuitac
1176 1701 1206 1756 et
1224 1698 1381 1758 vehemen-

148 1804 213 1863 tius
242 1821 277 1864 ac
303 1804 422 1864 letalius
450 1805 642 1864 reddiderunt
669 1808 700 1864 et
726 1822 780 1881 per
806 1804 980 1864 universum
1006 1804 1092 1882 quasi
1120 1805 1298 1865 christianae
1324 1805 1381 1866 rei·

148 1911 287 1989 publicae
318 1929 425 1988 corpus
456 1912 652 1986 diffuderunt,
684 1912 764 1971 unde
795 1912 906 1971 iactam
939 1917 997 1986 est,
1029 1916 1064 1970 ut
1095 1911 1227 1970 Romana
1257 1913 1383 1972 ecclesia

149 2019 247 2094 magis
277 2019 432 2096 magisque
464 2019 496 2077 in
528 2019 730 2078 tristissimam
762 2019 845 2077 illam
878 2018 1052 2078 servitutem
1085 2018 1269 2078 delaberetur
1295 2019 1383 2079 hodie

149 2125 289 2185 omnibus
313 2127 407 2186 oculis
430 2127 633 2203 conspicuam,
656 2145 674 2185 a
696 2145 754 2204 qua
773 2125 999 2202 contemplanda
1018 2143 1108 2202 supra
1126 2126 1249 2202 proiecti
1269 2144 1381 2186 sumus.

149 2233 218 2292 Jam
240 2233 344 2309 igitur,
369 2239 525 2311 postquam
548 2235 645 2311 ipsius
663 2234 779 2294 Ebasmi
797 2251 851 2310 pro
869 2232 1071 2293 catholicismo
1090 2233 1216 2311 quodam
1235 2233 1383 2311 spirituali

151 2340 314 2418 pugnantis
341 2341 501 2417 imaginem
529 2341 783 2416 adumbravimus,
811 2359 957 2419 quaenam
984 2341 1063 2418 apud
1091 2341 1383 2401 Romanocatholicos

151 2447 298 2508 Erasmici
325 2448 437 2524 ingenii
466 2449 526 2508 lata
554 2449 666 2509 fuerint
693 2449 853 2526 explicabo.
901 2447 984 2526 Opus
1011 2449 1166 2525 aggredior
1187 2449 1257 2508 inde
1279 2449 1315 2509 ab
1338 2449 1384 2508 in·

151 2555 216 2615 itiis
239 2556 302 2615 suis
325 2561 422 2630 atrox,
446 2556 585 2634 quoniam
609 2574 803 2634 quaecunque
826 2573 922 2634 usquc
945 2556 1042 2616 adhuc
1059 2575 1078 2614 a
1095 2556 1284 2634 Papistarum
1301 2561 1385 2634 parte

152 2663 191 2722 ad
222 2663 457 2723 confirmandum
484 2663 642 2740 imperium
670 2681 758 2724 suum
785 2664 970 2723 mundanum
997 2667 1082 2740 gesta
1110 2669 1192 2739 sunt,
1225 2682 1260 2724 ea
1287 2665 1386 2724 omnia

153 2770 262 2848 partim
294 2771 424 2848 pendent
456 2790 474 2829 a
505 2771 741 2848 sanguinolentis
769 2771 949 2831 facinoribus
976 2771 1129 2848 religionis
1157 2771 1255 2850 specie
1282 2790 1386 2850 perpe-

154 2877 253 2953 tratis,
281 2878 390 2955 partim
416 2897 434 2936 a
461 2878 653 2938 clandestinis
681 2879 816 2938 consiliis
838 2879 1063 2957 fraudibusque,
1092 2879 1201 2956 quibus
1223 2885 1292 2938 ante
1314 2880 1387 2939 hacc

154 2985 213 3044 tria
240 2985 340 3046 secula
366 2986 478 3045 tactim
506 2991 564 3060 est,
592 2991 627 3045 ut
651 2985 816 3046 Concilium
844 2987 1025 3062 universale,
1053 2986 1133 3062 apud
1159 2987 1255 3045 varlas
1283 2991 1386 3062 gentes

155 3092 406 3152 nobilissimorum
429 3093 615 3170 ingeniorum
637 3093 783 3153 desiderio
805 3094 1013 3168 efflagitatum,
1036 3111 1054 3151 a
1073 3091 1162 3151 Curia
1185 3109 1300 3151 summo
1320 3093 1386 3151 hor-

156 3217 222 3260 rore
248 3200 469 3260 reformidatum
498 3205 528 3259 et
551 3219 640 3278 quam
663 3200 832 3260 diutissimo
855 3200 1113 3277 procrastinatum,
1142 3181 1270 3276 denique
1291 3199 1387 3276 inopi-

157 3311 261 3366 natum
284 3308 399 3367 exitum
421 3309 541 3368 haberet
563 3309 601 3367 ad
623 3308 788 3384 augendam
810 3308 971 3366 immanem
993 3306 1172 3366 Pontificum
1195 3306 1364 3383 potentiam.

266 3415 411 3492 Incipiam
433 3434 451 3474 a
474 3415 710 3491 sanguinolentis
733 3415 796 3476 illis
815 3415 1002 3475 facinoribus.
1036 3412 1194 3490 Omnibus,
1218 3413 1388 3492 quicunque

158 3521 329 3582 historicam
351 3523 505 3583 veritatem
524 3528 682 3600 quaerunt,
706 3523 779 3583 satis
798 3528 902 3583 notum
921 3527 978 3598 est,
1003 3526 1075 3600 quot
1094 3522 1267 3582 innumerae
1285 3522 1389 3582 caedes

158 3629 220 3704 vel,
240 3634 273 3688 ut
287 3629 502 3689 Bartholomaei
521 3635 620 3705 nocte,
639 3649 692 3708 per
710 3631 914 3691 fraudulentos
933 3629 1120 3689 insidiatores
1134 3634 1164 3688 et
1178 3629 1312 3703 sicarios,
1331 3629 1388 3703 vel,

159 3741 194 3795 ut
211 3737 243 3794 in
263 3741 374 3813 sancta,
394 3755 470 3815 quae
487 3738 651 3812 dicebatur,
670 3737 869 3816 Inquisitiona
883 3739 938 3797 sub
952 3736 1127 3814 pharisaicis
1143 3735 1296 3796 christiani
1308 3735 1388 3811 judi-

160 3843 199 3903 cii
223 3843 325 3904 formis
344 3848 528 3922 perpetratae
548 3845 622 3920 sint,
646 3863 735 3923 quam
749 3845 818 3909 ,dira
835 3845 925 3904 etiam
942 3844 1021 3904 bella
1040 3843 1194 3918 suscitata,
1218 3848 1252 3902 ut
1269 3860 1389 3919 progre-

160 3951 247 4011 diens
269 3952 379 4030 ubique
402 3952 523 4012 libertas
546 3953 716 4028 evangelica
738 3971 806 4012 cum
825 3952 902 4012 inter
921 3949 1097 4012 Teutonicas
1116 3951 1258 4027 quasdam
1276 3954 1389 4025 gentes,

160 4064 225 4118 tum
252 4059 330 4120 inter
356 4059 478 4120 latinas
507 4061 568 4120 fere
595 4078 698 4120 omnes
726 4060 948 4137 opprimeretur.
994 4058 1153 4136 Exquisita
1181 4056 1296 4117 scilicet
1323 4075 1390 4116 cru·

159 4165 281 4226 delitate
307 4167 428 4227 fanatici
451 4168 558 4228 Curiae
580 4168 729 4228 Romanae
751 4167 894 4242 asseclae,
922 4167 1092 4244 ubicunque
1114 4164 1179 4225 fieri
1202 4165 1310 4242 potuit,
1337 4183 1391 4241 per
1502 4191 1505 4195 ·

160 4273 248 4351 plura
275 4275 376 4334 secula
398 4276 431 4333 in
453 4276 580 4352 optimos
604 4293 738 4354 quosque
760 4275 840 4335 viros
863 4273 1061 4352 evangelicos,
1089 4289 1228 4332 necnon
1251 4273 1283 4330 in
1306 4272 1391 4332 lemi-

161 4399 227 4454 naa,
250 4381 282 4440 id
305 4386 442 4458 egenmt,
466 4383 545 4460 quod
563 4383 762 4444 Bellarminus
779 4383 894 4443 lesuita
914 4385 944 4442 et
963 4379 1128 4442 cardinalis
1148 4380 1210 4458 ,pie
1229 4379 1341 4440 saevire
1359 4380 1392 4438 in
1427 4427 1430 4434 .

271 4611 297 4680 1)
317 4609 355 4664 Gt.
376 4627 443 4679 quae
463 4612 496 4665 da'
515 4627 546 4664 ea
564 4627 592 4664 re
611 4627 693 4680 supra
711 4611 781 4664 dicta
799 4611 862 4664 sunt
879 4627 905 4679 p.
916 4610 959 4663 44.
