3188 5086
224 295 258 352 78
705 293 807 346 Pnnms
826 295 940 345 Parcius

223 523 379 589 antequam
402 513 453 571 illa
474 509 567 584 fieret,
587 509 795 584 praeviderant
810 517 897 582 atque
909 507 1131 581 praedixerant,
1155 507 1217 578 ejus
1232 505 1343 564 fructus
1358 505 1432 584 tales

223 621 323 681 turbas
351 618 464 676 futuras
485 631 550 674 esse
573 616 674 687 quales
704 619 783 673 ortas
805 630 883 672 nunc
906 595 1093 671 circumcirca
1116 611 1340 684 conspiciebant.
1385 609 1433 668 Sic

223 727 307 786 Pium
325 723 375 782 IX
398 725 577 779 vastaturum
599 735 664 777 csse
688 718 841 776 ecclesiam
863 716 996 775 Heielius
1017 717 1136 790 propria
1158 731 1245 774 manu
1267 717 1433 789 scripserat.

222 829 333 888 Eodem
347 833 476 898 tempore
492 822 570 881 haud
586 823 673 894 pauci
683 820 821 894 Europae
833 825 863 880 et
880 821 1035 880 Americae
1054 821 1290 894 septentrionalis
1305 819 1433 894 episcopi

224 929 397 1009 ,Petiticne‘
426 928 503 1002 typis
533 942 671 1000 expressa
690 931 863 984 monuerant
885 925 999 984 concilii
1021 925 1189 999 praesides,
1219 942 1257 985 ne
1279 925 1435 982 constituta

225 1053 300 1098 nova
327 1032 543 1094 infallibilitatis
567 1027 736 1089 Pontificiae
758 1027 815 1088 fide
843 1045 942 1088 omncs
965 1029 1119 1108 Catholici,
1149 1031 1311 1102 quicunque
1342 1045 1434 1088 novae

224 1142 292 1201 fidei
318 1138 483 1200 obsecuturi
508 1141 621 1209 essent,
648 1135 732 1207 quasi
762 1134 824 1192 nati
853 1149 938 1191 snae*
956 1133 1062 1206 quique
1092 1135 1218 1192 civitatis
1240 1136 1339 1193 hostes
1368 1135 1434 1194 red-

225 1241 391 1306 derentur.¹
433 1241 486 1298 His
516 1239 662 1298 simillima
690 1237 817 1310 denique
842 1235 976 1296 Pontifici
1005 1238 1138 1297 civitates
1167 1239 1326 1298 catholicae
1349 1240 1435 1312 eique

226 1349 418 1410 amicissimae
442 1341 683 1418 significaverant.
727 1342 861 1414 Inprimis
882 1341 1001 1400 Ausum
1026 1343 1200 1418 periculum,
1230 1341 1265 1401 si'
1278 1359 1336 1402 non
1355 1345 1436 1401 insti-

225 1453 383 1514 tutionibus
418 1451 494 1524 suis,
528 1453 560 1507 at
588 1449 655 1522 paci
689 1463 724 1506 ac
752 1447 877 1505 civitatis
908 1463 973 1504 cum
1004 1447 1129 1506 ecclesia
1162 1448 1333 1508 concordiae
1363 1465 1437 1508 novo

226 1560 362 1632 dogmate
383 1555 558 1612 intentatum
580 1547 785 1612 indicaverat.²
829 1551 876 1609 Ad
896 1551 968 1609 talia
981 1551 1131 1610 Antonelli
1146 1550 1308 1611 cardinalis
1330 1555 1437 1612 itemm

227 1665 388 1734 iterumque
415 1675 474 1717 non
495 1657 589 1714 minus
612 1655 795 1729 impudenter
819 1671 904 1727 quam
927 1661 1022 1713 astute
1044 1657 1248 1731 rescripserat,
1277 1657 1438 1716 rationibus

228 1767 339 1826 curiam
359 1762 547 1822 inflexibilem
570 1776 651 1833 esse,
674 1777 728 1818 usu
751 1765 782 1816 et
805 1759 887 1831 praxi
909 1759 967 1817 vim
990 1763 1020 1818 et
1041 1761 1200 1833 potentiam
1223 1759 1355 1836 Gregorii
1374 1761 1438 1820 VII.

228 1871 275 1930 vel
293 1868 457 1928 Innocentii
478 1865 532 1924 ΠΙ.
554 1881 614 1923 non
636 1860 862 1922 affectaturaua³
895 1863 1005 1922 Harum
1028 1865 1154 1922 omnium
1175 1882 1274 1924 rerum
1295 1881 1438 1926 memores

230 1974 357 2050 episcopi
368 1971 480 2030 Fuldae
500 1968 669 2042 congregati
687 1973 785 2024 tamen
802 1967 1008 2040 inexspectatis
1022 1968 1114 2026 turbis
1127 1970 1329 2041 praesentibus
1341 1971 1439 2030 obstu-

228 2078 358 2155 pefactos
388 2092 452 2134 sese
482 2072 664 2133 simulabant.
708 2070 843 2129 inaudita
873 2085 1000 2144 eousque
1029 2071 1106 2144 apud
1124 2071 1283 2133 Germanos
1305 2075 1337 2134 in
1358 2081 1440 2134 tanto

229 2183 352 2257 collegio
374 2186 457 2239 tanta
478 2176 666 2252 pervertendi
686 2175 802 2250 publice
818 2177 880 2234 veri
900 2175 1023 2234 audacia
1044 2175 1151 2235 inerat.
1186 2179 1284 2237 Etiam
1298 2178 1440 2254 Heielius,

225 2292 287 2364 jam
313 2303 366 2360 per
395 2301 503 2343 annum
531 2282 629 2340 animo
658 2281 768 2339 fractus
797 2280 910 2340 aeterni
939 2279 1092 2340 dedecoris
1118 2289 1301 2341 monumento
1332 2300 1439 2342 nomen

230 2391 413 2452 subscribens
435 2405 473 2446 ne
495 2386 644 2444 erubuisse
667 2385 783 2457 quidem
804 2384 926 2443 videtur.

318 2495 519 2553 Consultatum
548 2496 594 2548 cst
620 2489 657 2548 de
683 2487 822 2548 remediis
847 2489 878 2547 in
905 2505 1014 2548 summo
1034 2491 1118 2562 regni
1140 2489 1285 2550 Borussici
1305 2492 1438 2566 collegio.

233 2598 369 2674 Episcopi
398 2596 463 2669 isti,
489 2600 589 2652 mutae
618 2591 804 2667 turpitudinis
824 2593 938 2652 macula
959 2595 1068 2668 notati,
1098 2611 1163 2653 cnm
1184 2594 1265 2669 Papa
1286 2611 1338 2655 suo
1360 2598 1439 2656 vole·

232 2706 315 2776 bant,
342 2707 375 2759 ut
404 2699 529 2758 societas
550 2698 729 2758 Jesuitarum
751 2697 967 2770 restitueretur,
995 2705 1029 2756 ut
1055 2699 1221 2772 respublica
1249 2701 1385 2760 famulam
1407 2719 1438 2760 se

231 2803 363 2867 Pontifici
385 2803 543 2878 praeberet
564 2803 603 2862 ad
625 2802 803 2876 dejiciendos
825 2801 1090 2862 Palaeocatholicos
1118 2807 1380 2866 excommunicatos
1402 2823 1439 2864 ex

232 2909 399 2970 muneribus
432 2909 508 2981 suis,
541 2911 574 2965 ut
606 2907 701 2964 clerus
733 2911 908 2980 potestatem
939 2905 1062 2965 haberet
1094 2909 1242 2967 imbuendi
1274 2911 1304 2968 in
1334 2911 1439 2969 scholis

229 3019 412 3091 juventutem
442 3029 494 3072 suo
521 3011 617 3070 animo
644 3027 715 3082 erga
736 3009 856 3068 Romam
877 3012 989 3086 servili,
1016 3011 1154 3070 adversm
1177 3013 1324 3073 civitatem
1341 3015 1439 3073 hostili

231 3137 266 3179 ac
288 3118 408 3193 rebelli,
430 3135 449 3176 a
470 3116 589 3175 summis
613 3116 724 3190 ingenii
749 3113 913 3174 Germanici
937 3116 1020 3174 bonis
1042 3115 1215 3175 abalienato.
1261 3117 1439 3190 Sperandum

232 3231 297 3285 erat
322 3224 402 3298 fore,
428 3229 461 3281 ut
490 3223 545 3295 ipsi
571 3220 854 3294 Romanocathclici,
884 3221 1046 3293 quicunque
1074 3219 1215 3280 Jesuitico
1243 3239 1355 3281 veneno
1386 3223 1441 3280 toti

232 3327 359 3387 nondum
384 3325 484 3385 iniecti
510 3331 608 3400 erant,
636 3325 845 3398 intellegerent
874 3324 938 3383 fieri
965 3340 1024 3384 non
1046 3323 1154 3384 debere
1176 3327 1228 3384 illa
1249 3327 1362 3401 omnia,
1389 3326 1441 3386 sed

231 3432 443 3490 sanctissimum
466 3431 591 3489 civitatis
610 3425 737 3487 officium
758 3435 845 3502 atque
866 3446 970 3486 munus
984 3443 1075 3502 esse,
1097 3430 1195 3488 curiae
1219 3431 1338 3504 ejusque
1358 3431 1440 3504 pedi-

233 3536 330 3609 seqois
351 3535 423 3594 talia
440 3532 651 3606 postulantibus
674 3533 790 3592 fortiter
812 3533 957 3594 resistere.
1003 3532 1205 3603 Quaerebatur
1219 3535 1255 3594 de
1270 3535 1354 3594 modo
1368 3536 1442 3594 resi-

233 3640 338 3699 stendi.
383 3637 541 3697 Constabat
573 3637 690 3708 quidem
723 3638 772 3710 agi
804 3637 841 3694 de
873 3637 960 3695 rebus
993 3637 1031 3695 ad
1060 3640 1223 3698 universam
1256 3637 1439 3699 Germaniam

232 3743 458 3818 pertinentibus,
492 3746 691 3800 verumtamen
715 3743 777 3814 jam
813 3746 985 3814 propterea,
1015 3741 1091 3813 quod
1120 3740 1314 3802 Germdnicae
1341 3744 1442 3802 civita-

320 4033 347 4097 1)
366 4030 488 4086 Quirinus
506 4028 523 4078 l.
542 4043 564 4079 c.
590 4043 615 4092 p.
635 4031 695 4080 878.
732 4027 863 4078 Invenitur
881 4028 986 4093 petitio,
1013 4029 1194 4080 aReuachero
1210 4029 1342 4080 Cardinali
1359 4027 1443 4078 verbis

235 4126 368 4181 concepta,
395 4115 463 4181 apud
483 4115 629 4164 Friedrich:
651 4113 810 4164 Documenta
838 4115 869 4164 ad
895 4116 987 4166 illustr.
1010 4116 1086 4166 Cone.
1107 4117 1165 4168 Vat.
1184 4116 1218 4165 Il.
1245 4132 1269 4180 p.
1284 4121 1341 4166 ³88.
1378 4115 1443 4166 Sub-

234 4205 389 4268 scripserant
407 4203 482 4252 etiam
501 4217 587 4251 omnes
604 4201 656 4251 iere
674 4202 790 4267 episcopi
808 4203 965 4266 Germanici,
984 4203 1103 4266 inprimis
1123 4203 1296 4266 Monacensis,
1322 4201 1444 4252 Bamber·

236 4289 336 4354 gensis,
360 4289 602 4353 Rottenbnrgeusis,
631 4287 805 4352 Mogentiana.
842 4289 879 4338 Ol.
899 4289 1016 4353 Schulte,
1039 4289 1080 4339 die
1105 4289 1193 4340 Mache
1214 4289 1258 4339 der
1275 4291 1339 4341 rdm.
1352 4289 1445 4340 Piibsta

236 4385 260 4429 2.
275 4375 340 4426 Aul.
359 4390 384 4439 p.
399 4379 421 4423 b.

323 4481 349 4545 2)
369 4476 493 4533 Quirinus
510 4475 528 4526 l.
548 4492 569 4524 c.
590 4479 689 4541 pelte.

320 4583 348 4648 e)
368 4579 465 4630 ibidem
483 4593 508 4643 p.
527 4583 586 4629 386.
