3156 5056
198 267 250 326 192
682 264 786 324 Pennis
808 262 918 320 Palosis

197 495 333 562 tanmque
356 491 484 546 monstra
505 493 536 544 et
555 484 610 559 ipsi
629 486 682 544 soli
706 484 892 560 pugnandum
915 491 1011 560 esset,
1034 501 1100 546 sese
1122 485 1235 544 cautim
1256 491 1288 544 et
1308 485 1410 556 ponus

196 592 308 667 agendo
342 591 455 666 peccati
490 593 639 664 expertem
674 587 802 647 lntnrum
833 605 898 650 esse
932 589 1051 664 gloriari
1082 587 1188 663 audet,
1219 587 1344 663 lapidem
1379 588 1411 645 in

196 696 277 754 illum
304 697 404 770 iaciat
458 695 493 752 lu
520 695 557 752 iis
582 709 668 768 vero,
701 709 775 766 quae
806 695 931 752 memma
957 709 1021 752 rem
1051 709 1224 766 causamque
1251 694 1410 764 continent,

195 799 352 860 lutherum
387 798 572 858 christianam
607 797 761 856 s'eritatem
795 795 953 856 secundum
985 814 1115 858 normam
1148 797 1230 858 verbi
1264 797 1352 856 divini
1379 795 1408 853 iu

92 887 96 900 ⁸
196 903 370 978 apostolicae
405 903 511 963 aetatis
546 902 701 976 puritatem
735 907 824 974 atque
862 902 1017 962 samtatem
1049 903 1229 977 restituisse,
1262 917 1315 960 noa
1345 917 1410 959 cnm

196 1009 327 1082 patribus
350 1008 456 1067 uostris
479 1005 678 1066 contendimus
696 1011 726 1064 et
748 1021 766 1064 a
788 1003 977 1065 nobilioribus
1004 1005 1193 1080 adremariis,
1222 1011 1254 1064 ut
1275 1005 1409 1080 religiose

197 1113 294 1173 denno
316 1113 479 1172 universam
500 1110 725 1170 controversiam
749 1110 929 1184 examinant,
950 1111 1136 1184 postulamus.

284 1217 318 1277 ld
340 1217 474 1276 nimirum
497 1215 580 1274 multi
600 1213 736 1274 meliores
758 1221 845 1288 etque
869 1214 1044 1274 eruditiores
1066 1213 1331 1274 Romauocatbolici
1350 1215 1410 1288 jam

196 1322 363 1397 praeteritis
396 1319 575 1394 temporibus
609 1319 725 1392 saepius
758 1324 955 1394 agnoverunt,
988 1319 1147 1379 Lntherum
1185 1318 1268 1378 initio
1301 1333 1410 1378 summo

192 1428 261 1500 jnre
291 1429 322 1485 et
350 1425 426 1483 bona
448 1421 626 1484 conscientie
657 1439 708 1483 eos
730 1439 925 1498 oppugnasse,
951 1423 1001 1496 qui
1019 1423 1210 1497 pessimorum
1233 1422 1411 1496 quorundam

198 1529 337 1590 abusuum
365 1533 564 1602 eternorum,
591 1527 721 1600 inprimis
753 1527 841 1587 etiam
864 1527 1071 1588 ementitarnm
1091 1527 1275 1588 historiarum
1295 1534 1327 1588 et
1346 1543 1412 1586 san·

198 1632 351 1706 guintoniae
375 1629 512 1692 aduersum
535 1645 601 1704 eos,
623 1647 694 1704 ques
710 1646 810 1690 errare
825 1632 976 1707 putabant,
998 1632 1180 1692 crudelitatis
1189 1631 1303 1706 patroni
1319 1637 1410 1691 erant.

198 1735 257 1796 Sed
279 1751 356 1795 nnnc
378 1741 411 1794 ut
433 1733 462 1793 id
484 1751 597 1808 quoqne
621 1749 685 1793 cum
708 1734 829 1796 Erasnm
852 1735 1013 1797 concedant
1034 1737 1225 1812 postulamus,
1251 1736 1411 1795 Luthemm

201 1857 259 1902 non
281 1845 393 1900 tantum
417 1843 519 1899 contra
541 1839 654 1914 singula
668 1840 809 1900 ccclesiae
824 1840 930 1900 damna
944 1841 1133 1916 processisse,
1155 1841 1206 1901 sed
1228 1841 1317 1900 etiam
1334 1841 1411 1915 prin-

199 1948 264 2022 cipe
295 1946 345 2005 illo
375 1941 552 2020 reipublicae
576 1943 738 2018 litterariae
765 1943 869 2005 lortius
890 1951 977 2020 atque
999 1946 1096 2005 acrius
1118 1951 1219 2006 contra
1236 1945 1409 2021 iudaismum

197 2050 339 2126 quendem
367 2055 398 2110 et
424 2049 623 2125 paganismum
654 2065 707 2122 per
738 2049 892 2109 ecelesiam
920 2056 1110 2124 propagatum
1139 2049 1262 2124 simplex
1284 2063 1408 2124 orange·

198 2157 267 2214 lium
292 2153 461 2216 vindicasse.
513 2153 544 2213 Si
573 2154 654 2212 illum
686 2155 813 2227 priuatas
850 2154 999 2228 opiniones
1034 2171 1100 2215 mon
1133 2154 1319 2214 admiscuisse
1355 2153 1409 2228 ipsi

199 2277 263 2318 cnm
287 2259 408 2320 Erasmo
429 2263 550 2334 putant,
573 2257 659 2318 si·ad
682 2257 845 2318 haereticos
868 2275 982 2320 errores
1002 2275 1069 2319 eum
1088 2259 1236 2334 delapsum
1258 2272 1323 2318 esse
1339 2257 1410 2316 Era·

198 2381 259 2424 emo
293 2366 454 2425 severiores
485 2361 634 2437 judicant,
667 2362 721 2422 boe
752 2363 782 2421 in
822 2362 917 2423 medio
950 2380 1004 2438 pre
1038 2369 1168 2439 tempore
1202 2364 1409 2438 relinquemus:

198 2475 356 2544 agnoscent
378 2467 408 2527 id
429 2473 541 2526 mutum
564 2465 639 2540 qnod
658 2483 745 2542 supra
767 2466 899 2527 diximus.
943 2467 1026 2528 Tunc
1048 2469 1207 2543 recordati,
1230 2473 1300 2542 quot
1320 2465 1411 2526 falsae

199 2588 247 2630 res
268 2577 370 2630 contra
392 2570 551 2628 Lutherum
574 2569 836 2630 aRomauensibos
851 2571 993 2632 mordicus
1008 2571 1176 2632 defensatae
1199 2571 1266 2647 sint,
1289 2569 1410 2632 fernme

198 2675 333 2735 similiter
357 2673 393 2732 de
417 2674 467 2732 illo
485 2673 659 2748 judicabunt
679 2680 766 2748 atque
780 2674 932 2734 Salvianus
953 2675 1097 2750 quondam
1119 2676 1264 2736 sentiebat
1286 2675 1323 2735 de
1339 2674 1412 2735 Ger·

198 2779 306 2854 manis,
328 2794 416 2852 quos,
439 2776 598 2836 laudandos
620 2783 739 2852 propter
760 2780 904 2838 sinceram
926 2779 1084 2855 pictatem,
1107 2779 1303 2840 Romanorum
1326 2780 1411 2852 culpa

198 2883 362 2943 haereticos
392 2897 456 2942 esse
489 2881 676 2956 praedicavit
731 2880 818 2941 Certe
852 2898 917 2941 cum
950 2885 1068 2958 egregio
1104 2884 1244 2958 scriptore
1278 2882 1413 2956 Nisardo,

199 2991 285 3064 quem
307 2987 355 3046 ubl
379 2987 415 3047 de
439 2987 569 3046 Lutbero
589 2987 651 3061 agit
673 3003 732 3046 uon
752 2987 789 3047 ab
813 2989 889 3046 omni
912 2988 1111 3062 praeJudicata
1131 2988 1267 3062 opinione
1289 2988 1413 3047 liberum

199 3111 264 3154 esse
293 3093 428 3169 dixerim,
456 3107 600 3173 memores
629 3098 729 3167 erunt,
759 3092 836 3151 baud
864 3091 972 3152 lrnstra
994 3109 1098 3151 nomen
1121 3075 1192 3152 illud
1215 3092 1291 3166 apud
1313 3093 1413 3166 plures

197 3199 332 3273 Europae
357 3203 459 3274 gentes
483 3213 617 3273 magnum
640 3196 743 3256 haberi
766 3200 796 3256 et
819 3196 939 3270 optimis,
953 3197 1026 3256 siris
1048 3197 1226 3255 carissimum
1247 3213 1320 3256 esse.
1364 3195 1413 3252 In-

197 3303 353 3376 tellegeut,
382 3304 470 3362 etiem
490 3302 522 3359 in
544 3301 641 3360 furore
665 3316 718 3359 sno
738 3299 898 3360 Teutonico
922 3316 987 3359 enm
1015 3301 1128 3360 sincero
1148 3317 1323 3359 summarum
1346 3315 1412 3357 sau·

199 3406 447 3478 ctissimarumque
467 3421 563 3463 rernm
588 3391 682 3462 studio
705 3405 822 3463 moveri.
866 3403 1048 3478 asperrimos
1063 3402 1126 3464 fere
1149 3405 1276 3464 omnium
1298 3401 1412 3464 libellos

198 3513 299 3567 contra
318 3507 389 3566 dnos
412 3507 567 3581 Hannone,
591 3507 716 3582 Auglum
740 3513 771 3566 et
792 3507 1050 3584 Brunsvicensem,
1072 3513 1131 3567 tam
1152 3507 1305 3568 mendaces
1327 3523 1412 3582 quam

198 3610 333 3670 crudeles
363 3615 517 3684 tyrannm,
546 3610 683 3685 vibravit,
712 3627 783 3684 qnos
810 3628 828 3671 a
855 3612 1013 3672 christiana
1034 3613 1189 3689 religione,
1218 3613 1299 3687 eujus
1319 3612 1411 3672 zelum

197 3733 269 3793 prae
289 3732 321 3775 se
344 3715 470 3791 ferrent,
493 3715 699 3774 remotissimos
722 3732 786 3776 esse
809 3715 929 3776 viderat.
964 3715 1045 3792 ,Non
1067 3733 1202 3792 maguum
1225 3721 1286 3793 est,
1306 3717 1410 3790 inquit,

197 3822 222 3883 si
253 3838 307 3898 ego
332 3837 433 3895 regem
459 3825 557 3880 terrae
589 3825 740 3880 contemno
773 3827 804 3880 et
825 3822 957 3896 mordeo,
984 3821 1099 3895 quando
1124 3823 1187 3896 ipse
1208 3822 1280 3880 nihil
1301 3821 1411 3880 veritus

198 3933 243 3986 est
272 3942 370 4001 regem
397 3924 473 3984 coeli
505 3924 564 3984 suis
594 3926 773 3986 sermonibus
796 3925 998 4000 blasphemare
1026 3931 1056 3985 et
1078 3925 1310 3985 virulentissimis
1331 3941 1412 3984 men-

197 4029 288 4089 daciis
316 4027 490 4104 profanare‘
540 4028 624 4105 ,Quis
652 4030 705 4088 aim
735 4034 765 4090 et
794 4047 851 4104 quo
882 4029 985 4104 spiritu
1018 4035 1049 4089 et
1078 4030 1196 4090 consilio
1218 4029 1249 4088 in
1271 4030 1342 4089 istas
1364 4045 1412 4087 res

196 4137 298 4206 raptus
316 4133 384 4207 sim,
406 4133 450 4191 illi
470 4131 652 4208 commendo,
675 4134 724 4206 qni
747 4134 801 4192 scit
821 4133 895 4192 baec
918 4133 1014 4192 omnia
1036 4149 1103 4207 suo,
1126 4150 1185 4193 non
1207 4149 1271 4193 meo
1292 4132 1411 4193 arbitrio

144 4295 148 4302 ,
197 4235 289 4296 libero
315 4242 413 4313 gesta,
441 4238 570 4311 quamvis
598 4243 629 4296 et
655 4239 716 4311 ipse
741 4237 862 4298 mundus
884 4237 914 4296 id
932 4235 1100 4312 jamdudum
1122 4238 1247 4297 sensisse
1270 4235 1411 4298 deberet‘

196 4339 278 4416 Papa
299 4340 422 4417 Angliae
453 4357 552 4414 regem
579 4340 748 4400 Defensoris
778 4341 863 4401 Fidei
893 4342 977 4401 titulo
999 4343 1112 4401 ornavit
1132 4343 1250 4418 eJ'usque
1272 4342 1410 4415 seriptum

197 4449 256 4503 tam
284 4444 466 4518 praeclarum
496 4459 561 4504 esse
588 4446 801 4519 pronuntiarit,
831 4452 863 4505 ut
890 4444 1041 4521 ‚Spiritum
1069 4445 1204 4506 Sanctum
1236 4446 1263 4506 ei
1294 4443 1410 4505 affuisse

197 4547 368 4623 appareret‘
423 4547 568 4606 botherus
597 4549 699 4608 intime
733 4550 820 4608 animi
855 4550 955 4610 dolere
989 4549 1110 4610 affectus
1140 4550 1320 4612 exclamavit
1373 4550 1411 4626 ,0
