3156 5056
242 291 293 344 208
728 291 827 340 Pnarrs
845 289 961 338 Pacorus

242 379 799 389 ——.-—....—.——-——·--—-—-—-
805 379 1072 386 --——--.-.--·——-—
1079 380 1158 386 ———-
1166 380 1461 387 -——·—-

239 507 343 576 voluit,
374 503 425 562 sed
444 509 586 577 quatenus
609 502 727 560 indubie
749 503 856 574 justam
880 517 945 560 eam
968 502 1103 575 putabat,
1126 517 1296 560 succurrere
1320 503 1366 573 ei,
1392 502 1469 559 ubi-

243 627 354 682 cunque
385 589 506 666 occasio
529 607 666 679 dabatur,
696 604 783 664 officii
814 605 903 664 duxit.
963 605 1003 663 Et
1031 605 1189 680 Lutherus,
1215 623 1390 680 quamquam
1425 607 1469 663 de

243 720 362 787 peccato
391 713 516 770 humano
544 717 575 769 et
603 713 698 784 gratia
729 710 827 768 divina
856 727 913 770 non
941 712 1011 768 satis
1039 711 1097 770 alte
1126 710 1264 769 Erasmus
1291 712 1404 769 sentire
1439 712 1467 768 ei

243 818 408 890 videbatur,
440 822 538 874 tamen
561 817 752 888 quantumin
775 816 863 874 rebus
887 817 923 874 ad
946 815 1116 889 religionem
1139 821 1170 874 et
1191 816 1367 888 theologiam
1393 833 1468 888 per-

243 923 401 982 tinentibus
432 922 474 979 illi
504 921 627 1010 deberet
655 937 712 978 non
740 919 859 992 oblitus,
892 937 1003 978 summa
1025 921 1190 978 reverentia
1218 921 1295 978 illius
1318 921 1465 978 auxilium

245 1029 383 1101 expetivit
405 1032 436 1083 et
458 1026 628 1098 acceptavit.
666 1024 730 1081 Non
755 1021 918 1083 confidebat
939 1025 1055 1096 quidem
1078 1025 1211 1082 humanis
1233 1025 1384 1098 subsidiis,
1409 1023 1466 1081 sed

245 1150 294 1202 ea,
321 1148 395 1204 quae
418 1131 499 1202 quasi
523 1129 666 1186 divinitus
682 1129 709 1185 ci
732 1127 944 1202 offerebantur,
967 1129 1119 1202 aspamari
1140 1130 1184 1187 vel
1206 1129 1364 1202 neglegere
1388 1130 1466 1186 stul-

244 1238 327 1295 titiae
357 1234 467 1294 luisset.
512 1235 627 1306 Fugere
654 1233 732 1292 enim
760 1250 816 1290 non
843 1239 957 1306 poterat
980 1237 1042 1306 ejus
1062 1236 1266 1308 sagacitatem,
1297 1241 1367 1306 quot
1393 1239 1466 1306 post

244 1340 497 1398 Melancbthonem
521 1338 618 1396 eximii
643 1355 678 1394 ex
702 1337 779 1395 illius
802 1337 885 1410 quasi
907 1337 1006 1396 schola
1028 1337 1176 1411 adjutores
1198 1345 1230 1396 et
1251 1337 1379 1395 lautores
1405 1337 1464 1394 sibi

245 1447 448 1516 accessissent,
477 1449 613 1517 quantum
643 1447 744 1502 contra
768 1429 927 1502 'monachos
959 1444 1014 1501 sibi
1040 1444 1253 1502 inimicissimos
1281 1443 1463 1502 eruditorum

245 1549 382 1623 principis
407 1549 548 1622 judicium
580 1549 692 1606 valeret
722 1547 798 1620 apud
828 1565 929 1607 omnes
958 1549 1034 1607 viros
1064 1549 1206 1624 eruditos,
1241 1565 1328 1621 quam
1355 1549 1463 1620 ingens

246 1655 370 1726 denique
395 1655 482 1711 etiam
505 1653 582 1726 apud
603 1653 720 1724 Imperii
744 1653 855 1724 Status,
878 1653 1008 1726 inprimis
1031 1653 1108 1725 apud
1129 1652 1294 1711 Electorem
1316 1653 1462 1712 saxonem

245 1759 323 1817 illius
350 1756 462 1815 valeret
490 1757 654 1814 auctoritas.
702 1757 803 1829 ltaque
825 1757 964 1815 Erasmus
988 1762 1018 1815 et
1040 1757 1185 1815 Lutberus
1215 1759 1245 1814 in
1274 1756 1376 1816 eodem
1400 1755 1462 1814 line

244 1860 446 1937 persequendo
476 1863 548 1920 socii
575 1877 633 1919 non
661 1867 779 1919 tantum-
803 1862 882 1934 aliis,
914 1861 964 1918 sed
988 1863 1075 1919 etiam
1099 1861 1153 1919 sibi
1175 1862 1245 1934 ipsis
1267 1877 1320 1934 per
1342 1861 1460 1933 aliquod

245 1975 358 2042 tempus
378 1983 441 2027 esse
464 1967 645 2025 videbantur.

334 2073 401 2130 Plus
423 2090 506 2146 vero,
529 2087 614 2145 quam
636 2070 783 2130 Lotherus
804 2071 882 2128 clare
904 2071 1107 2145 intellegebat,
1136 2070 1274 2128 Erasmus
1297 2069 1403 2141 stipsi
1429 2075 1461 2125 et

246 2179 459 2238 reformationis
483 2178 699 2236 ecclesiasticae
722 2177 839 2249 negotio
862 2175 999 2248 prodesse
1022 2181 1145 2248 poterat.
1192 2177 1246 2234 Hic
1270 2177 1346 2234 enim
1369 2175 1459 2232 multo

248 2290 316 2342 ante
338 2285 433 2357 illum,
463 2288 573 2356 quanta
594 2287 624 2338 et
646 2281 795 2339 doctrinae
818 2287 849 2338 et
868 2282 941 2352 jnris
964 2280 1165 2340 emendatione
1188 2283 1218 2338 in
1241 2282 1366 2340 ccclesia
1387 2295 1459 2352 opus

248 2393 327 2446 esset
348 2387 478 2460 perfecte
502 2391 707 2460 perspexerat3
732 2386 814 2442 simul
838 2391 948 2457 quanta
967 2386 1004 2443 ad
1023 2387 1101 2444 illam
1117 2383 1299 2443 efficiendam
1314 2385 1458 2457 sapientia

247 2498 279 2549 st
301 2491 562 2563 circumspicientia
582 2490 624 2546 uti
645 2495 805 2561 oporteret,
829 2495 937 2562 quanta
959 2491 1023 2562 ejus
1046 2490 1088 2546 rei
1106 2489 1260 2548 difficultas
1276 2495 1355 2548 esset
1371 2489 1457 2562 plane

248 2599 430 2666 cognoverat.
476 2593 615 2664 Magnum
637 2593 746 2665 aliquid
769 2599 815 2651 est
835 2595 865 2651 iu
889 2593 1031 2666 Lutbero,
1061 2593 1137 2667 qnod
1161 2594 1237 2652 banc
1261 2593 1456 2652 difficultatem

248 2715 306 2756 uon
328 2705 422 2770 curat,
445 2698 531 2755 immo
553 2697 637 2754 initio
659 2698 705 2756 vix
728 2697 945 2772 animadvertit,
968 2699 1029 2757 solo
1050 2700 1137 2758 verbo
1158 2698 1255 2758 divino
1277 2701 1373 2757 omnia
1393 2715 1457 2770 per-

248 2800 372 2861 ficienda
395 2818 459 2861 esse
481 2816 649 2874 persuasum
670 2802 773 2874 habet,
796 2804 838 2860 sui
860 2804 987 2862 muueris
1010 2803 1079 2861 nihil
1104 2819 1168 2862 esse
1190 2809 1273 2876 putat
1296 2805 1350 2862 nisi
1373 2802 1455 2860 salsas

248 2909 397 2981 opiniones
430 2907 521 2980 digito
553 2912 728 2980 monstrare,
769 2908 887 2980 simplex
915 2909 1028 2967 ⁴Christi
1062 2910 1243 2981 evangelium
1277 2909 1454 2983 praedicare,

248 3013 421 3087 impavidum
444 3013 576 3072 veritatis
605 3017 707 3070 contra
736 3011 864 3084 ejusdem
891 3031 991 3072 osores
1014 3014 1211 3072 testimonium
1234 3013 1312 3071 dare.
1359 3013 1453 3084 ltaque

247 3137 333 3193 quum
353 3119 389 3176 ad
413 3118 528 3177 comitia
542 3117 768 3176 Wormatiensia
782 3123 947 3191 vocaretur,
971 3118 1042 3176 nihil
1064 3118 1158 3176 adbuc
1180 3120 1211 3176 in
1232 3119 1375 3176 ecclesiae
1398 3117 1454 3174 n'ti·

249 3225 315 3298 bus,
345 3223 458 3296 formis,
488 3223 739 3282 constitutionibus
767 3229 943 3297 mutaverat,
972 3225 1100 3294 quamvis
1123 3223 1214 3280 multa
1236 3221 1373 3280 mutanda
1395 3237 1453 3278 esse

249 3331 388 3401 paulatim
412 3335 442 3386 et
464 3334 600 3400 agnosset
623 3335 653 3386 et
675 3328 861 3386 declarasset
907 3327 1018 3385 Eadem
1042 3328 1139 3385 omnia
1160 3325 1238 3395 iere,
1259 3329 1330 3385 licet
1350 3327 1455 3384 candus

153 3487 157 3496 ,
251 3439 282 3488 et
309 3433 422 3506 mitius,
450 3435 510 3504 jam
538 3439 626 3491 antea
653 3433 757 3505 passim
787 3433 968 3490 indicaverat
995 3431 1140 3490 Erasmus.
1190 3432 1274 3489 Nunc
1302 3431 1404 3488 lortius
1428 3437 1456 3487 et

250 3536 380 3593 severius
402 3537 473 3594 talia
495 3553 512 3593 a
534 3537 663 3594 Lutlrero
686 3538 795 3594 moneri
819 3554 876 3594 non
899 3537 1094 3610 improbabat,
1124 3537 1176 3596 sed
1199 3537 1406 3610 temperantiae
1428 3541 1456 3592 et

251 3639 424 3714 prudentiae
438 3637 510 3697 fines
527 3641 575 3698 ille
593 3641 757 3714 transgredi
774 3645 908 3714 exparte
926 3642 953 3700 ei
968 3641 1126 3701 videbatur.
1164 3641 1259 3714 thue
1283 3657 1301 3697 a
1321 3640 1456 3698 monendo

251 3745 288 3804 od
314 3744 456 3818 agendum
486 3761 549 3802 cum
576 3761 715 3818 prospero
743 3752 848 3804 eventu
877 3745 1065 3818 transiretur,
1093 3747 1233 3820 temporis
1256 3751 1286 3804 et
1308 3745 1454 3817 bominum,

250 3851 350 3926 quales
381 3855 478 3923 erant,
506 3851 647 3908 rationem
674 3850 836 3909 habendam
867 3867 930 3909 esse
961 3849 1089 3924 putabat.
1138 3851 1172 3908 Id
1202 3852 1246 3908 vir
1276 3850 1313 3907 ad
1342 3849 1455 3908 consilis

250 3957 346 4016 danda
376 3973 462 4030 quam
497 3955 534 4014 ad
572 3973 619 4015 res
651 3956 794 4029 gerendas
825 3957 921 4030 aptior
950 3956 1053 4014 melius
1084 3962 1152 4014 tunc
1183 3961 1269 4027 atque
1299 3953 1454 4012 accuratius

250 4077 335 4134 quam
355 4062 500 4119 Lutberus
523 4061 721 4133 intellegebat.
767 4061 823 4120 Hic
847 4077 916 4118 vero
942 4061 1019 4118 idom
1043 4067 1145 4134 postea
1168 4061 1296 4133 demunt,
1325 4077 1378 4117 nec
1398 4060 1452 4115 sine

195 4141 201 4158 ’
250 4181 303 4223 sua
325 4170 355 4221 et
377 4181 473 4224 rarum
496 4166 677 4239 publicorum
699 4164 817 4239 damno,
849 4166 1031 4238 experientia
1052 4166 1151 4223 doetus
1174 4165 1289 4238 didicit,
1318 4181 1401 4236 quum
1427 4167 1453 4221 et

250 4265 429 4328 aPon'tifice
458 4276 488 4328 et
518 4287 536 4328 a
567 4269 693 4328 Caesare
724 4271 851 4342 rejectus
879 4269 916 4326 ad
944 4267 1103 4327 Concilium
1132 4271 1282 4344 generale,
1313 4285 1367 4342 por
1388 4265 1451 4340 quod

249 4375 384 4432 universa
407 4375 533 4432 ecclesia
555 4373 778 4448 reformaretur,
807 4391 923 4446 semper
944 4373 1040 4432 denno
1063 4373 1179 4447 quidem
1199 4377 1383 4447 provocaret,
1407 4371 1451 4428 sed

248 4494 301 4550 pro
330 4484 459 4550 tempore
486 4479 548 4550 ipse
572 4477 607 4535 nd
632 4477 831 4537 reformandas
853 4479 981 4549 singulas
1004 4483 1115 4536 tantum
1139 4479 1280 4536 ecclesias
1301 4481 1449 4548 cogeretur.

249 4580 346 4656 Unde,
369 4596 455 4653 quum
478 4599 583 4654 magna
606 4581 781 4648 Germaniae
797 4589 828 4642 et
842 4581 977 4654 Europae
1000 4599 1068 4656 pars
1089 4583 1288 4656 evangelicam
1310 4583 1450 4640 verimtem
