<?xml version="1.0" encoding="UTF-8"?>
<!DOCTYPE html PUBLIC "-//W3C//DTD XHTML 1.0 Transitional//EN"
    "http://www.w3.org/TR/xhtml1/DTD/xhtml1-transitional.dtd">
<html xmlns="http://www.w3.org/1999/xhtml" xml:lang="en" lang="en">
 <head>
  <title>
</title>
<meta http-equiv="Content-Type" content="text/html;charset=utf-8" />
  <meta name='ocr-system' content='tesseract 3.04.00' />
  <meta name='ocr-capabilities' content='ocr_page ocr_carea ocr_par ocr_line ocrx_word'/>
</head>
<body>
  <div class='ocr_page' id='page_1' title='image "./erasmusredivivu00schlgoog_0307.png"; bbox 0 0 3134 5054; ppageno 0'>
   <div class='ocr_carea' id='block_1_1' title="bbox 249 287 970 348">
    <p class='ocr_par' dir='ltr' id='par_1_1' title="bbox 249 287 970 348">
     <span class='ocr_line' id='line_1_1' title="bbox 249 287 970 348; baseline -0.014 0"><span class='ocrx_word' id='word_1_1' title='bbox 249 290 302 348; x_wconf 83' lang='lat'>290</span> <span class='ocrx_word' id='word_1_2' title='bbox 735 291 835 342; x_wconf 79' lang='lat' dir='ltr'>Patruus</span> <span class='ocrx_word' id='word_1_3' title='bbox 853 287 970 340; x_wconf 76' lang='lat' dir='ltr'>Paroars</span> 
     </span>
    </p>
   </div>
   <div class='ocr_carea' id='block_1_2' title="bbox 247 498 1515 2148">
    <p class='ocr_par' dir='ltr' id='par_1_2' title="bbox 247 498 1515 2148">
     <span class='ocr_line' id='line_1_2' title="bbox 247 498 1467 580; baseline -0.007 -12"><span class='ocrx_word' id='word_1_4' title='bbox 247 509 304 568; x_wconf 91' lang='lat' dir='ltr'>buc</span> <span class='ocrx_word' id='word_1_5' title='bbox 325 506 465 580; x_wconf 86' lang='lat' dir='ltr'>adigimus</span> <span class='ocrx_word' id='word_1_6' title='bbox 486 505 632 579; x_wconf 88' lang='lat' dir='ltr'>homines,</span> <span class='ocrx_word' id='word_1_7' title='bbox 662 509 695 564; x_wconf 91' lang='lat' dir='ltr'>nt</span> <span class='ocrx_word' id='word_1_8' title='bbox 722 504 843 564; x_wconf 85' lang='lat' dir='ltr'>credant</span> <span class='ocrx_word' id='word_1_9' title='bbox 870 502 947 578; x_wconf 86' lang='lat' dir='ltr'>quod</span> <span class='ocrx_word' id='word_1_10' title='bbox 969 519 1026 562; x_wconf 92' lang='lat' dir='ltr'>non</span> <span class='ocrx_word' id='word_1_11' title='bbox 1048 501 1186 575; x_wconf 90' lang='lat' dir='ltr'>credunt,</span> <span class='ocrx_word' id='word_1_12' title='bbox 1213 507 1245 561; x_wconf 92' lang='lat' dir='ltr'>nt</span> <span class='ocrx_word' id='word_1_13' title='bbox 1267 505 1366 560; x_wconf 91' lang='lat' dir='ltr'>ament</span> <span class='ocrx_word' id='word_1_14' title='bbox 1388 498 1467 574; x_wconf 86' lang='lat' dir='ltr'>qnod</span> 
     </span>
     <span class='ocr_line' id='line_1_3' title="bbox 248 604 1466 686; baseline -0.007 -14"><span class='ocrx_word' id='word_1_15' title='bbox 248 629 307 672; x_wconf 89' lang='lat' dir='ltr'>non</span> <span class='ocrx_word' id='word_1_16' title='bbox 337 617 448 686; x_wconf 90' lang='lat' dir='ltr'>amant,</span> <span class='ocrx_word' id='word_1_17' title='bbox 481 615 515 669; x_wconf 91' lang='lat' dir='ltr'>ut</span> <span class='ocrx_word' id='word_1_18' title='bbox 542 610 707 686; x_wconf 88' lang='lat' dir='ltr'>intelligant</span> <span class='ocrx_word' id='word_1_19' title='bbox 733 608 810 683; x_wconf 88' lang='lat' dir='ltr'>quod</span> <span class='ocrx_word' id='word_1_20' title='bbox 840 625 898 668; x_wconf 92' lang='lat' dir='ltr'>nou</span> <span class='ocrx_word' id='word_1_21' title='bbox 924 607 1113 682; x_wconf 88' lang='lat' dir='ltr'>intelliguut‘</span> <span class='ocrx_word' id='word_1_22' title='bbox 1168 605 1272 681; x_wconf 79' lang='lat' dir='ltr'>addit,</span> <span class='ocrx_word' id='word_1_23' title='bbox 1305 604 1383 680; x_wconf 87' lang='lat' dir='ltr'>quod</span> <span class='ocrx_word' id='word_1_24' title='bbox 1401 607 1466 679; x_wconf 88' lang='lat' dir='ltr'>jam</span> 
     </span>
     <span class='ocr_line' id='line_1_4' title="bbox 249 711 1467 792; baseline -0.008 -14"><span class='ocrx_word' id='word_1_25' title='bbox 249 733 336 792; x_wconf 88' lang='lat' dir='ltr'>supra</span> <span class='ocrx_word' id='word_1_26' title='bbox 365 715 528 776; x_wconf 74' lang='lat' dir='ltr'><strong>attulimus:</strong></span> <span class='ocrx_word' id='word_1_27' title='bbox 557 713 636 789; x_wconf 87' lang='lat' dir='ltr'>,Nou</span> <span class='ocrx_word' id='word_1_28' title='bbox 663 719 760 787; x_wconf 84' lang='lat' dir='ltr'>potest</span> <span class='ocrx_word' id='word_1_29' title='bbox 786 729 851 774; x_wconf 87' lang='lat' dir='ltr'>esse</span> <span class='ocrx_word' id='word_1_30' title='bbox 872 715 1030 786; x_wconf 89' lang='lat' dir='ltr'>sincerum,</span> <span class='ocrx_word' id='word_1_31' title='bbox 1061 711 1138 784; x_wconf 87' lang='lat' dir='ltr'>quod</span> <span class='ocrx_word' id='word_1_32' title='bbox 1160 718 1290 771; x_wconf 85' lang='lat' dir='ltr'>coactum</span> <span class='ocrx_word' id='word_1_33' title='bbox 1312 715 1374 784; x_wconf 90' lang='lat' dir='ltr'>est,</span> <span class='ocrx_word' id='word_1_34' title='bbox 1408 725 1467 768; x_wconf 87' lang='lat' dir='ltr'>nec</span> 
     </span>
     <span class='ocr_line' id='line_1_5' title="bbox 250 815 1466 895; baseline -0.009 -13"><span class='ocrx_word' id='word_1_35' title='bbox 250 821 363 882; x_wconf 80' lang='lat' dir='ltr'>Christo</span> <span class='ocrx_word' id='word_1_36' title='bbox 398 824 511 895; x_wconf 89' lang='lat' dir='ltr'>gratum</span> <span class='ocrx_word' id='word_1_37' title='bbox 544 819 601 878; x_wconf 81' lang='lat' dir='ltr'>rvisi</span> <span class='ocrx_word' id='word_1_38' title='bbox 634 817 710 892; x_wconf 87' lang='lat' dir='ltr'>quod</span> <span class='ocrx_word' id='word_1_39' title='bbox 744 815 957 879; x_wconf 89' lang='lat' dir='ltr'>voluntarium‘.</span> <span class='ocrx_word' id='word_1_40' title='bbox 1011 815 1170 876; x_wconf 88' lang='lat' dir='ltr'>Protervae</span> <span class='ocrx_word' id='word_1_41' title='bbox 1199 815 1277 874; x_wconf 93' lang='lat' dir='ltr'>illius</span> <span class='ocrx_word' id='word_1_42' title='bbox 1305 815 1466 874; x_wconf 87' lang='lat' dir='ltr'>violentiae</span> 
     </span>
     <span class='ocr_line' id='line_1_6' title="bbox 248 920 1468 1002; baseline -0.007 -15"><span class='ocrx_word' id='word_1_43' title='bbox 248 932 351 1002; x_wconf 88' lang='lat' dir='ltr'>postea</span> <span class='ocrx_word' id='word_1_44' title='bbox 379 924 433 984; x_wconf 91' lang='lat' dir='ltr'>hoc</span> <span class='ocrx_word' id='word_1_45' title='bbox 463 923 582 984; x_wconf 80' lang='lat' dir='ltr'>exhibet</span> <span class='ocrx_word' id='word_1_46' title='bbox 611 923 783 996; x_wconf 86' lang='lat' dir='ltr'>exemplum:</span> <span class='ocrx_word' id='word_1_47' title='bbox 824 921 1041 996; x_wconf 76' lang='lat' dir='ltr'>,schismaticus</span> <span class='ocrx_word' id='word_1_48' title='bbox 1076 937 1158 980; x_wconf 88' lang='lat' dir='ltr'>error</span> <span class='ocrx_word' id='word_1_49' title='bbox 1188 920 1308 994; x_wconf 90' lang='lat' dir='ltr'>dicitur,</span> <span class='ocrx_word' id='word_1_50' title='bbox 1343 921 1369 978; x_wconf 89' lang='lat' dir='ltr'>si</span> <span class='ocrx_word' id='word_1_51' title='bbox 1399 920 1468 992; x_wconf 89' lang='lat' dir='ltr'>quis</span> 
     </span>
     <span class='ocr_line' id='line_1_7' title="bbox 248 1023 1468 1102; baseline -0.009 -9"><span class='ocrx_word' id='word_1_52' title='bbox 248 1031 378 1092; x_wconf 85' lang='lat' dir='ltr'>Romano</span> <span class='ocrx_word' id='word_1_53' title='bbox 410 1025 537 1102; x_wconf 87' lang='lat' dir='ltr'>pontifici</span> <span class='ocrx_word' id='word_1_54' title='bbox 567 1027 698 1088; x_wconf 88' lang='lat' dir='ltr'>nonnihil</span> <span class='ocrx_word' id='word_1_55' title='bbox 725 1025 860 1086; x_wconf 89' lang='lat' dir='ltr'>detrabat</span> <span class='ocrx_word' id='word_1_56' title='bbox 887 1026 1077 1086; x_wconf 74' lang='lat' dir='ltr'>auctoritatis.</span> <span class='ocrx_word' id='word_1_57' title='bbox 1130 1023 1267 1086; x_wconf 81' lang='lat' dir='ltr'>Ceterum</span> <span class='ocrx_word' id='word_1_58' title='bbox 1296 1040 1349 1083; x_wconf 91' lang='lat' dir='ltr'>cur</span> <span class='ocrx_word' id='word_1_59' title='bbox 1378 1039 1468 1083; x_wconf 90' lang='lat' dir='ltr'>nemo</span> 
     </span>
     <span class='ocr_line' id='line_1_8' title="bbox 249 1130 1468 1208; baseline -0.007 -12"><span class='ocrx_word' id='word_1_60' title='bbox 249 1139 458 1208; x_wconf 88' lang='lat' dir='ltr'>commovetm,</span> <span class='ocrx_word' id='word_1_61' title='bbox 485 1149 572 1206; x_wconf 87' lang='lat' dir='ltr'><strong>quum</strong></span> <span class='ocrx_word' id='word_1_62' title='bbox 600 1131 669 1192; x_wconf 90' lang='lat' dir='ltr'>huic</span> <span class='ocrx_word' id='word_1_63' title='bbox 687 1131 804 1206; x_wconf 89' lang='lat' dir='ltr'>quidam</span> <span class='ocrx_word' id='word_1_64' title='bbox 825 1131 891 1206; x_wconf 87' lang='lat' dir='ltr'>plus</span> <span class='ocrx_word' id='word_1_65' title='bbox 912 1131 1002 1190; x_wconf 90' lang='lat' dir='ltr'>nimio</span> <span class='ocrx_word' id='word_1_66' title='bbox 1024 1130 1167 1204; x_wconf 90' lang='lat' dir='ltr'>tribuunt,</span> <span class='ocrx_word' id='word_1_67' title='bbox 1195 1130 1350 1205; x_wconf 88' lang='lat' dir='ltr'>insigniter</span> <span class='ocrx_word' id='word_1_68' title='bbox 1371 1130 1468 1203; x_wconf 86' lang='lat' dir='ltr'>impu·</span> 
     </span>
     <span class='ocr_line' id='line_1_9' title="bbox 248 1233 1467 1312; baseline -0.007 -12"><span class='ocrx_word' id='word_1_69' title='bbox 248 1241 352 1302; x_wconf 90' lang='lat' dir='ltr'>dentes</span> <span class='ocrx_word' id='word_1_70' title='bbox 386 1245 417 1298; x_wconf 90' lang='lat' dir='ltr'>et</span> <span class='ocrx_word' id='word_1_71' title='bbox 445 1238 568 1312; x_wconf 85' lang='lat' dir='ltr'>turpiter</span> <span class='ocrx_word' id='word_1_72' title='bbox 596 1235 772 1296; x_wconf 71' lang='lat' dir='ltr'><strong>adulantes?</strong></span> <span class='ocrx_word' id='word_1_73' title='bbox 824 1237 855 1296; x_wconf 87' lang='lat' dir='ltr'>Si</span> <span class='ocrx_word' id='word_1_74' title='bbox 886 1234 1021 1309; x_wconf 81' lang='lat' dir='ltr'>displicet</span> <span class='ocrx_word' id='word_1_75' title='bbox 1040 1233 1167 1310; x_wconf 85' lang='lat' dir='ltr'>falsitas,</span> <span class='ocrx_word' id='word_1_76' title='bbox 1200 1251 1253 1293; x_wconf 90' lang='lat' dir='ltr'>cur</span> <span class='ocrx_word' id='word_1_77' title='bbox 1274 1250 1332 1293; x_wconf 93' lang='lat' dir='ltr'>nou</span> <span class='ocrx_word' id='word_1_78' title='bbox 1355 1235 1467 1308; x_wconf 89' lang='lat' dir='ltr'>ubique</span> 
     </span>
     <span class='ocr_line' id='line_1_10' title="bbox 249 1336 1468 1420; baseline -0.006 -16"><span class='ocrx_word' id='word_1_79' title='bbox 249 1345 405 1420; x_wconf 81' lang='lat' dir='ltr'>displicet?</span> <span class='ocrx_word' id='word_1_80' title='bbox 430 1375 470 1386; x_wconf 90' lang='lat'><em>-</em></span> <span class='ocrx_word' id='word_1_81' title='bbox 493 1342 559 1402; x_wconf 80' lang='lat' dir='ltr'>Nou</span> <span class='ocrx_word' id='word_1_82' title='bbox 580 1340 684 1400; x_wconf 89' lang='lat' dir='ltr'>damno</span> <span class='ocrx_word' id='word_1_83' title='bbox 704 1339 831 1400; x_wconf 91' lang='lat' dir='ltr'>studium</span> <span class='ocrx_word' id='word_1_84' title='bbox 853 1339 984 1414; x_wconf 91' lang='lat' dir='ltr'>illorum,</span> <span class='ocrx_word' id='word_1_85' title='bbox 1007 1340 1056 1413; x_wconf 86' lang='lat' dir='ltr'>qui</span> <span class='ocrx_word' id='word_1_86' title='bbox 1078 1339 1174 1399; x_wconf 90' lang='lat' dir='ltr'>sobrie</span> <span class='ocrx_word' id='word_1_87' title='bbox 1194 1336 1355 1398; x_wconf 89' lang='lat' dir='ltr'>defendunt</span> <span class='ocrx_word' id='word_1_88' title='bbox 1369 1340 1468 1412; x_wconf 87' lang='lat' dir='ltr'>ponti-</span> 
     </span>
     <span class='ocr_line' id='line_1_11' title="bbox 249 1444 1467 1519; baseline -0.005 -11"><span class='ocrx_word' id='word_1_89' title='bbox 249 1448 311 1510; x_wconf 87' lang='lat' dir='ltr'>licis</span> <span class='ocrx_word' id='word_1_90' title='bbox 334 1450 535 1508; x_wconf 85' lang='lat' dir='ltr'>auctoritatem</span> <span class='ocrx_word' id='word_1_91' title='bbox 559 1446 696 1506; x_wconf 90' lang='lat' dir='ltr'>adversus</span> <span class='ocrx_word' id='word_1_92' title='bbox 716 1445 895 1519; x_wconf 89' lang='lat' dir='ltr'>quorundam</span> <span class='ocrx_word' id='word_1_93' title='bbox 917 1444 1085 1504; x_wconf 75' lang='lat' dir='ltr'>seditiosam</span> <span class='ocrx_word' id='word_1_94' title='bbox 1111 1444 1317 1517; x_wconf 87' lang='lat' dir='ltr'>petulantiam:</span> <span class='ocrx_word' id='word_1_95' title='bbox 1348 1446 1467 1503; x_wconf 87' lang='lat' dir='ltr'>tametsi</span> 
     </span>
     <span class='ocr_line' id='line_1_12' title="bbox 249 1547 1468 1629; baseline -0.007 -15"><span class='ocrx_word' id='word_1_96' title='bbox 249 1555 341 1629; x_wconf 90' lang='lat' dir='ltr'>magis</span> <span class='ocrx_word' id='word_1_97' title='bbox 363 1551 485 1626; x_wconf 87' lang='lat' dir='ltr'>optarim</span> <span class='ocrx_word' id='word_1_98' title='bbox 509 1551 550 1610; x_wconf 93' lang='lat' dir='ltr'>sic</span> <span class='ocrx_word' id='word_1_99' title='bbox 573 1547 759 1610; x_wconf 82' lang='lat' dir='ltr'>efflorescere</span> <span class='ocrx_word' id='word_1_100' title='bbox 781 1549 889 1610; x_wconf 83' lang='lat' dir='ltr'>Christi</span> <span class='ocrx_word' id='word_1_101' title='bbox 909 1549 1049 1624; x_wconf 78' lang='lat' dir='ltr'>gloriam,</span> <span class='ocrx_word' id='word_1_102' title='bbox 1071 1555 1104 1608; x_wconf 90' lang='lat' dir='ltr'>ut</span> <span class='ocrx_word' id='word_1_103' title='bbox 1125 1550 1214 1608; x_wconf 89' lang='lat' dir='ltr'>totius</span> <span class='ocrx_word' id='word_1_104' title='bbox 1229 1547 1328 1608; x_wconf 92' lang='lat' dir='ltr'>mundi</span> <span class='ocrx_word' id='word_1_105' title='bbox 1342 1549 1468 1620; x_wconf 87' lang='lat' dir='ltr'>gloriam</span> 
     </span>
     <span class='ocr_line' id='line_1_13' title="bbox 249 1651 1515 1740; baseline -0.006 -21"><span class='ocrx_word' id='word_1_106' title='bbox 249 1658 396 1730; x_wconf 89' lang='lat' dir='ltr'>obscuret,</span> <span class='ocrx_word' id='word_1_107' title='bbox 429 1655 517 1716; x_wconf 91' lang='lat' dir='ltr'>etiam</span> <span class='ocrx_word' id='word_1_108' title='bbox 550 1654 574 1713; x_wconf 88' lang='lat' dir='ltr'>si</span> <span class='ocrx_word' id='word_1_109' title='bbox 602 1651 667 1714; x_wconf 87' lang='lat' dir='ltr'>deri</span> <span class='ocrx_word' id='word_1_110' title='bbox 696 1659 807 1728; x_wconf 87' lang='lat' dir='ltr'>posset,</span> <span class='ocrx_word' id='word_1_111' title='bbox 835 1653 917 1714; x_wconf 88' lang='lat' dir='ltr'>Petri</span> <span class='ocrx_word' id='word_1_112' title='bbox 947 1659 978 1712; x_wconf 92' lang='lat' dir='ltr'>et</span> <span class='ocrx_word' id='word_1_113' title='bbox 1006 1653 1107 1728; x_wconf 88' lang='lat' dir='ltr'>Pauli,</span> <span class='ocrx_word' id='word_1_114' title='bbox 1141 1669 1199 1713; x_wconf 91' lang='lat' dir='ltr'>uon</span> <span class='ocrx_word' id='word_1_115' title='bbox 1229 1651 1312 1712; x_wconf 94' lang='lat' dir='ltr'>modo</span> <span class='ocrx_word' id='word_1_116' title='bbox 1341 1652 1469 1712; x_wconf 88' lang='lat' dir='ltr'>Romani</span> <span class='ocrx_word' id='word_1_117' title='bbox 1511 1731 1515 1740; x_wconf 30' lang='grc' dir='ltr'>ι</span> 
     </span>
     <span class='ocr_line' id='line_1_14' title="bbox 250 1756 1468 1838; baseline -0.003 -18"><span class='ocrx_word' id='word_1_118' title='bbox 250 1759 402 1838; x_wconf 85' lang='lat' dir='ltr'>pontificis.</span> <span class='ocrx_word' id='word_1_119' title='bbox 448 1759 495 1818; x_wconf 88' lang='lat' dir='ltr'>Sic</span> <span class='ocrx_word' id='word_1_120' title='bbox 520 1759 597 1818; x_wconf 91' lang='lat' dir='ltr'>enim</span> <span class='ocrx_word' id='word_1_121' title='bbox 620 1759 764 1818; x_wconf 90' lang='lat' dir='ltr'>obscurati</span> <span class='ocrx_word' id='word_1_122' title='bbox 785 1773 853 1818; x_wconf 93' lang='lat' dir='ltr'>vere</span> <span class='ocrx_word' id='word_1_123' title='bbox 876 1757 1016 1818; x_wconf 82' lang='lat' dir='ltr'>fuerimus</span> <span class='ocrx_word' id='word_1_124' title='bbox 1039 1758 1169 1833; x_wconf 78' lang='lat' dir='ltr'>gloriosi,</span> <span class='ocrx_word' id='word_1_125' title='bbox 1200 1758 1300 1816; x_wconf 86' lang='lat' dir='ltr'>sinos</span> <span class='ocrx_word' id='word_1_126' title='bbox 1322 1773 1359 1816; x_wconf 86' lang='lat' dir='ltr'>ex</span> <span class='ocrx_word' id='word_1_127' title='bbox 1380 1756 1468 1816; x_wconf 92' lang='lat' dir='ltr'>nobis</span> 
     </span>
     <span class='ocr_line' id='line_1_15' title="bbox 250 1861 1468 1938; baseline -0.004 -12"><span class='ocrx_word' id='word_1_128' title='bbox 250 1866 322 1926; x_wconf 92' lang='lat' dir='ltr'>nibil</span> <span class='ocrx_word' id='word_1_129' title='bbox 356 1879 500 1938; x_wconf 87' lang='lat' dir='ltr'>essemus,</span> <span class='ocrx_word' id='word_1_130' title='bbox 532 1861 585 1922; x_wconf 89' lang='lat' dir='ltr'>sed</span> <span class='ocrx_word' id='word_1_131' title='bbox 616 1861 746 1921; x_wconf 83' lang='lat' dir='ltr'>Christus</span> <span class='ocrx_word' id='word_1_132' title='bbox 774 1867 853 1921; x_wconf 89' lang='lat' dir='ltr'>esset</span> <span class='ocrx_word' id='word_1_133' title='bbox 878 1861 976 1920; x_wconf 92' lang='lat' dir='ltr'>omnia</span> <span class='ocrx_word' id='word_1_134' title='bbox 1006 1863 1037 1920; x_wconf 90' lang='lat' dir='ltr'>in</span> <span class='ocrx_word' id='word_1_135' title='bbox 1066 1861 1216 1922; x_wconf 58' lang='lat' dir='ltr'>omnibus}</span> <span class='ocrx_word' id='word_1_136' title='bbox 1265 1861 1362 1936; x_wconf 67' lang='lat' dir='ltr'>Atque</span> <span class='ocrx_word' id='word_1_137' title='bbox 1391 1861 1468 1921; x_wconf 85' lang='lat' dir='ltr'>haec</span> 
     </span>
     <span class='ocr_line' id='line_1_16' title="bbox 250 1965 1470 2041; baseline -0.006 -10"><span class='ocrx_word' id='word_1_138' title='bbox 250 1971 347 2032; x_wconf 89' lang='lat' dir='ltr'>omnia</span> <span class='ocrx_word' id='word_1_139' title='bbox 369 1967 554 2029; x_wconf 82' lang='lat' dir='ltr'>Caroudileto</span> <span class='ocrx_word' id='word_1_140' title='bbox 577 1967 714 2041; x_wconf 86' lang='lat' dir='ltr'>episcopo</span> <span class='ocrx_word' id='word_1_141' title='bbox 733 1965 940 2026; x_wconf 86' lang='lat' dir='ltr'>Panormitano</span> <span class='ocrx_word' id='word_1_142' title='bbox 963 1966 1091 2027; x_wconf 84' lang='lat' dir='ltr'>scribare</span> <span class='ocrx_word' id='word_1_143' title='bbox 1114 1983 1201 2026; x_wconf 90' lang='lat' dir='ltr'>ausus</span> <span class='ocrx_word' id='word_1_144' title='bbox 1224 1972 1270 2026; x_wconf 88' lang='lat' dir='ltr'>est</span> <span class='ocrx_word' id='word_1_145' title='bbox 1290 1967 1321 2026; x_wconf 90' lang='lat' dir='ltr'>iu</span> <span class='ocrx_word' id='word_1_146' title='bbox 1342 1967 1470 2041; x_wconf 88' lang='lat' dir='ltr'>epistola</span> 
     </span>
     <span class='ocr_line' id='line_1_17' title="bbox 250 2070 1431 2148; baseline -0.006 -11"><span class='ocrx_word' id='word_1_147' title='bbox 250 2075 446 2148; x_wconf 82' lang='lat' dir='ltr'>dedicatoria,</span> <span class='ocrx_word' id='word_1_148' title='bbox 469 2088 555 2146; x_wconf 90' lang='lat' dir='ltr'><strong>quam</strong></span> <span class='ocrx_word' id='word_1_149' title='bbox 577 2070 768 2146; x_wconf 84' lang='lat' dir='ltr'>praefationis</span> <span class='ocrx_word' id='word_1_150' title='bbox 791 2071 856 2130; x_wconf 94' lang='lat' dir='ltr'>loco</span> <span class='ocrx_word' id='word_1_151' title='bbox 880 2071 966 2130; x_wconf 91' lang='lat' dir='ltr'>editis</span> <span class='ocrx_word' id='word_1_152' title='bbox 989 2071 1095 2130; x_wconf 90' lang='lat' dir='ltr'>Hilarii</span> <span class='ocrx_word' id='word_1_153' title='bbox 1115 2071 1250 2144; x_wconf 86' lang='lat' dir='ltr'>operibus</span> <span class='ocrx_word' id='word_1_154' title='bbox 1272 2073 1431 2146; x_wconf 86' lang='lat' dir='ltr'>praemisit.</span> 
     </span>
    </p>
   </div>
   <div class='ocr_carea' id='block_1_3' title="bbox 337 2174 1559 2253">
    <p class='ocr_par' dir='ltr' id='par_1_3' title="bbox 337 2174 1559 2253">
     <span class='ocr_line' id='line_1_18' title="bbox 337 2174 1559 2253; baseline -0.002 -13"><span class='ocrx_word' id='word_1_155' title='bbox 337 2181 439 2253; x_wconf 87' lang='lat' dir='ltr'>ltaque</span> <span class='ocrx_word' id='word_1_156' title='bbox 461 2176 600 2238; x_wconf 85' lang='lat' dir='ltr'>Hrasrnur</span> <span class='ocrx_word' id='word_1_157' title='bbox 630 2175 668 2234; x_wconf 86' lang='lat' dir='ltr'>ad</span> <span class='ocrx_word' id='word_1_158' title='bbox 697 2174 828 2235; x_wconf 86' lang='lat' dir='ltr'>sananda</span> <span class='ocrx_word' id='word_1_159' title='bbox 856 2175 1025 2249; x_wconf 88' lang='lat' dir='ltr'>praesentia</span> <span class='ocrx_word' id='word_1_160' title='bbox 1052 2175 1195 2235; x_wconf 86' lang='lat' dir='ltr'>ecclesiae</span> <span class='ocrx_word' id='word_1_161' title='bbox 1226 2176 1304 2234; x_wconf 90' lang='lat' dir='ltr'>mala</span> <span class='ocrx_word' id='word_1_162' title='bbox 1323 2176 1468 2236; x_wconf 89' lang='lat' dir='ltr'>interesse</span> <span class='ocrx_word' id='word_1_163' title='bbox 1558 2201 1559 2238; x_wconf 83' lang='grc' dir='ltr'>ι</span> 
     </span>
    </p>
   </div>
   <div class='ocr_carea' id='block_1_4' title="bbox 248 2280 1558 4652">
    <p class='ocr_par' dir='ltr' id='par_1_4' title="bbox 248 2280 1558 4028">
     <span class='ocr_line' id='line_1_19' title="bbox 249 2280 1469 2361; baseline -0.003 -17"><span class='ocrx_word' id='word_1_164' title='bbox 249 2289 344 2361; x_wconf 87' lang='lat' dir='ltr'>putat,</span> <span class='ocrx_word' id='word_1_165' title='bbox 380 2289 413 2342; x_wconf 88' lang='lat' dir='ltr'>ut</span> <span class='ocrx_word' id='word_1_166' title='bbox 441 2281 603 2355; x_wconf 85' lang='lat' dir='ltr'>praeterita</span> <span class='ocrx_word' id='word_1_167' title='bbox 637 2280 700 2351; x_wconf 90' lang='lat' dir='ltr'>ejus</span> <span class='ocrx_word' id='word_1_168' title='bbox 735 2285 868 2354; x_wconf 87' lang='lat' dir='ltr'>tempora</span> <span class='ocrx_word' id='word_1_169' title='bbox 899 2285 1036 2340; x_wconf 85' lang='lat' dir='ltr'>accurate</span> <span class='ocrx_word' id='word_1_170' title='bbox 1069 2280 1281 2354; x_wconf 89' lang='lat' dir='ltr'>investigentur</span> <span class='ocrx_word' id='word_1_171' title='bbox 1319 2285 1350 2340; x_wconf 89' lang='lat' dir='ltr'>et</span> <span class='ocrx_word' id='word_1_172' title='bbox 1384 2286 1469 2340; x_wconf 89' lang='lat' dir='ltr'>recte</span> 
     </span>
     <span class='ocr_line' id='line_1_20' title="bbox 250 2382 1469 2465; baseline -0.005 -15"><span class='ocrx_word' id='word_1_173' title='bbox 250 2388 453 2465; x_wconf 88' lang='lat' dir='ltr'>dijudicentur.</span> <span class='ocrx_word' id='word_1_174' title='bbox 499 2385 594 2458; x_wconf 79' lang='lat' dir='ltr'>Quare</span> <span class='ocrx_word' id='word_1_175' title='bbox 614 2400 672 2444; x_wconf 91' lang='lat' dir='ltr'>non</span> <span class='ocrx_word' id='word_1_176' title='bbox 685 2382 798 2443; x_wconf 90' lang='lat' dir='ltr'>dubitat</span> <span class='ocrx_word' id='word_1_177' title='bbox 821 2385 909 2444; x_wconf 88' lang='lat' dir='ltr'>etiam</span> <span class='ocrx_word' id='word_1_178' title='bbox 931 2385 961 2442; x_wconf 89' lang='lat' dir='ltr'>in</span> <span class='ocrx_word' id='word_1_179' title='bbox 977 2384 1111 2444; x_wconf 84' lang='lat' dir='ltr'>Patribus</span> <span class='ocrx_word' id='word_1_180' title='bbox 1134 2400 1171 2443; x_wconf 88' lang='lat' dir='ltr'>ea</span> <span class='ocrx_word' id='word_1_181' title='bbox 1191 2384 1358 2445; x_wconf 84' lang='lat' dir='ltr'>describere</span> <span class='ocrx_word' id='word_1_182' title='bbox 1379 2391 1469 2458; x_wconf 84' lang='lat' dir='ltr'>atque</span> 
     </span>
     <span class='ocr_line' id='line_1_21' title="bbox 250 2488 1469 2567; baseline -0.002 -15"><span class='ocrx_word' id='word_1_183' title='bbox 250 2491 481 2567; x_wconf 79' lang='lat' dir='ltr'>reprehendero,</span> <span class='ocrx_word' id='word_1_184' title='bbox 512 2489 615 2563; x_wconf 91' lang='lat' dir='ltr'>quibus</span> <span class='ocrx_word' id='word_1_185' title='bbox 641 2489 767 2562; x_wconf 84' lang='lat' dir='ltr'>posteris</span> <span class='ocrx_word' id='word_1_186' title='bbox 793 2489 869 2548; x_wconf 91' lang='lat' dir='ltr'>malo</span> <span class='ocrx_word' id='word_1_187' title='bbox 897 2489 1028 2563; x_wconf 85' lang='lat' dir='ltr'>exemplo</span> <span class='ocrx_word' id='word_1_188' title='bbox 1055 2493 1148 2548; x_wconf 85' lang='lat' dir='ltr'>erant</span> <span class='ocrx_word' id='word_1_189' title='bbox 1194 2488 1260 2547; x_wconf 84' lang='lat' dir='ltr'>Non</span> <span class='ocrx_word' id='word_1_190' title='bbox 1282 2505 1398 2562; x_wconf 86' lang='lat' dir='ltr'>semper</span> <span class='ocrx_word' id='word_1_191' title='bbox 1419 2505 1469 2549; x_wconf 88' lang='lat' dir='ltr'>eos</span> 
     </span>
     <span class='ocr_line' id='line_1_22' title="bbox 251 2591 1468 2668; baseline -0.003 -12"><span class='ocrx_word' id='word_1_192' title='bbox 251 2611 394 2656; x_wconf 90' lang='lat' dir='ltr'>memores</span> <span class='ocrx_word' id='word_1_193' title='bbox 413 2593 502 2653; x_wconf 87' lang='lat' dir='ltr'>inisse</span> <span class='ocrx_word' id='word_1_194' title='bbox 525 2595 654 2653; x_wconf 90' lang='lat' dir='ltr'>lenitatis</span> <span class='ocrx_word' id='word_1_195' title='bbox 673 2593 752 2652; x_wconf 89' lang='lat' dir='ltr'>illius</span> <span class='ocrx_word' id='word_1_196' title='bbox 774 2592 859 2666; x_wconf 88' lang='lat' dir='ltr'>dicit,</span> <span class='ocrx_word' id='word_1_197' title='bbox 889 2609 948 2668; x_wconf 89' lang='lat' dir='ltr'>qua</span> <span class='ocrx_word' id='word_1_198' title='bbox 970 2591 1101 2652; x_wconf 84' lang='lat' dir='ltr'>Christus</span> <span class='ocrx_word' id='word_1_199' title='bbox 1123 2609 1180 2652; x_wconf 86' lang='lat' dir='ltr'>non</span> <span class='ocrx_word' id='word_1_200' title='bbox 1204 2594 1355 2667; x_wconf 85' lang='lat' dir='ltr'>extinguat</span> <span class='ocrx_word' id='word_1_201' title='bbox 1377 2594 1468 2652; x_wconf 91' lang='lat' dir='ltr'>linum</span> 
     </span>
     <span class='ocr_line' id='line_1_23' title="bbox 253 2697 1470 2775; baseline -0.002 -15"><span class='ocrx_word' id='word_1_202' title='bbox 253 2699 397 2775; x_wconf 77' lang='lat' dir='ltr'>fumigans</span> <span class='ocrx_word' id='word_1_203' title='bbox 426 2715 481 2758; x_wconf 90' lang='lat' dir='ltr'>uec</span> <span class='ocrx_word' id='word_1_204' title='bbox 507 2697 640 2758; x_wconf 90' lang='lat' dir='ltr'>baculum</span> <span class='ocrx_word' id='word_1_205' title='bbox 677 2697 800 2757; x_wconf 80' lang='lat' dir='ltr'>fractum</span> <span class='ocrx_word' id='word_1_206' title='bbox 829 2698 1020 2772; x_wconf 70' lang='lat' dir='ltr'>comminuat,</span> <span class='ocrx_word' id='word_1_207' title='bbox 1051 2699 1182 2758; x_wconf 89' lang='lat' dir='ltr'>homiues</span> <span class='ocrx_word' id='word_1_208' title='bbox 1215 2697 1305 2757; x_wconf 88' lang='lat' dir='ltr'>fuisse</span> <span class='ocrx_word' id='word_1_209' title='bbox 1335 2698 1470 2758; x_wconf 86' lang='lat' dir='ltr'>humanis</span> 
     </span>
     <span class='ocr_line' id='line_1_24' title="bbox 251 2800 1558 2886; baseline -0.003 -21"><span class='ocrx_word' id='word_1_210' title='bbox 251 2803 403 2865; x_wconf 78' lang='lat' dir='ltr'>affectibus</span> <span class='ocrx_word' id='word_1_211' title='bbox 432 2801 584 2876; x_wconf 86' lang='lat' dir='ltr'>obnoxios,</span> <span class='ocrx_word' id='word_1_212' title='bbox 616 2818 706 2876; x_wconf 88' lang='lat' dir='ltr'>quare</span> <span class='ocrx_word' id='word_1_213' title='bbox 736 2800 813 2862; x_wconf 89' lang='lat' dir='ltr'>haud</span> <span class='ocrx_word' id='word_1_214' title='bbox 842 2803 961 2877; x_wconf 89' lang='lat' dir='ltr'>mirum,</span> <span class='ocrx_word' id='word_1_215' title='bbox 992 2803 1069 2876; x_wconf 89' lang='lat' dir='ltr'>quod</span> <span class='ocrx_word' id='word_1_216' title='bbox 1099 2819 1158 2862; x_wconf 92' lang='lat' dir='ltr'>non</span> <span class='ocrx_word' id='word_1_217' title='bbox 1186 2803 1291 2875; x_wconf 91' lang='lat' dir='ltr'>ubique</span> <span class='ocrx_word' id='word_1_218' title='bbox 1315 2803 1470 2876; x_wconf 81' lang='lat' dir='ltr'>cavissem,</span> <span class='ocrx_word' id='word_1_219' title='bbox 1557 2865 1558 2886; x_wconf 28' lang='lat'>3</span> 
     </span>
     <span class='ocr_line' id='line_1_25' title="bbox 248 2887 1558 2981; baseline -0.002 -13"><span class='ocrx_word' id='word_1_220' title='bbox 248 2924 286 2968; x_wconf 89' lang='lat' dir='ltr'>ne</span> <span class='ocrx_word' id='word_1_221' title='bbox 319 2907 426 2968; x_wconf 92' lang='lat' dir='ltr'>erroris</span> <span class='ocrx_word' id='word_1_222' title='bbox 459 2907 544 2966; x_wconf 91' lang='lat' dir='ltr'>unius</span> <span class='ocrx_word' id='word_1_223' title='bbox 578 2905 645 2966; x_wconf 92' lang='lat' dir='ltr'>odio</span> <span class='ocrx_word' id='word_1_224' title='bbox 678 2905 901 2967; x_wconf 85' lang='lat' dir='ltr'>devolverentur</span> <span class='ocrx_word' id='word_1_225' title='bbox 934 2907 966 2966; x_wconf 93' lang='lat' dir='ltr'>in</span> <span class='ocrx_word' id='word_1_226' title='bbox 999 2906 1088 2966; x_wconf 83' lang='lat' dir='ltr'>alium</span> <span class='ocrx_word' id='word_1_227' title='bbox 1125 2923 1262 2967; x_wconf 92' lang='lat' dir='ltr'>errorem.</span> <span class='ocrx_word' id='word_1_228' title='bbox 1317 2905 1469 2981; x_wconf 78' lang='lat' dir='ltr'>Eiusmodi</span> <span class='ocrx_word' id='word_1_229' title='bbox 1557 2887 1558 2900; x_wconf 39' lang='lat'>¹</span> 
     </span>
     <span class='ocr_line' id='line_1_26' title="bbox 248 3011 1468 3089; baseline -0.004 -14"><span class='ocrx_word' id='word_1_230' title='bbox 248 3013 357 3089; x_wconf 86' lang='lat' dir='ltr'>aliquid</span> <span class='ocrx_word' id='word_1_231' title='bbox 379 3017 440 3072; x_wconf 93' lang='lat' dir='ltr'>tum</span> <span class='ocrx_word' id='word_1_232' title='bbox 455 3011 618 3086; x_wconf 80' lang='lat' dir='ltr'><strong>Augustino</strong></span> <span class='ocrx_word' id='word_1_233' title='bbox 639 3017 669 3070; x_wconf 91' lang='lat' dir='ltr'>et</span> <span class='ocrx_word' id='word_1_234' title='bbox 683 3011 862 3086; x_wconf 83' lang='lat' dir='ltr'>Hieronymo</span> <span class='ocrx_word' id='word_1_235' title='bbox 881 3011 1023 3072; x_wconf 89' lang='lat' dir='ltr'>accidisse</span> <span class='ocrx_word' id='word_1_236' title='bbox 1046 3011 1238 3086; x_wconf 88' lang='lat' dir='ltr'>demonstrat,</span> <span class='ocrx_word' id='word_1_237' title='bbox 1260 3017 1322 3070; x_wconf 93' lang='lat' dir='ltr'>tum</span> <span class='ocrx_word' id='word_1_238' title='bbox 1344 3011 1468 3071; x_wconf 86' lang='lat' dir='ltr'>Hilario.</span> 
     </span>
     <span class='ocr_line' id='line_1_27' title="bbox 248 3114 1468 3194; baseline -0.003 -14"><span class='ocrx_word' id='word_1_239' title='bbox 248 3120 340 3194; x_wconf 81' lang='lat' dir='ltr'>Quem</span> <span class='ocrx_word' id='word_1_240' title='bbox 362 3119 392 3178; x_wconf 92' lang='lat' dir='ltr'>in</span> <span class='ocrx_word' id='word_1_241' title='bbox 406 3114 608 3193; x_wconf 84' lang='lat' dir='ltr'>praelatione,</span> <span class='ocrx_word' id='word_1_242' title='bbox 633 3117 714 3189; x_wconf 90' lang='lat' dir='ltr'>cujus</span> <span class='ocrx_word' id='word_1_243' title='bbox 729 3116 907 3176; x_wconf 89' lang='lat' dir='ltr'>mentionem</span> <span class='ocrx_word' id='word_1_244' title='bbox 922 3116 1006 3176; x_wconf 92' lang='lat' dir='ltr'>modo</span> <span class='ocrx_word' id='word_1_245' title='bbox 1021 3114 1156 3191; x_wconf 86' lang='lat' dir='ltr'>fecimus,</span> <span class='ocrx_word' id='word_1_246' title='bbox 1179 3122 1299 3190; x_wconf 84' lang='lat' dir='ltr'>propter</span> <span class='ocrx_word' id='word_1_247' title='bbox 1314 3117 1468 3192; x_wconf 78' lang='lat' dir='ltr'>ingenium</span> 
     </span>
     <span class='ocr_line' id='line_1_28' title="bbox 251 3221 1469 3295; baseline -0.005 -9"><span class='ocrx_word' id='word_1_248' title='bbox 251 3231 283 3286; x_wconf 89' lang='lat' dir='ltr'>et</span> <span class='ocrx_word' id='word_1_249' title='bbox 297 3225 375 3284; x_wconf 89' lang='lat' dir='ltr'>vitae</span> <span class='ocrx_word' id='word_1_250' title='bbox 399 3221 619 3283; x_wconf 88' lang='lat' dir='ltr'>sanctimoniam</span> <span class='ocrx_word' id='word_1_251' title='bbox 633 3221 764 3295; x_wconf 89' lang='lat' dir='ltr'>impense</span> <span class='ocrx_word' id='word_1_252' title='bbox 779 3221 897 3294; x_wconf 89' lang='lat' dir='ltr'>quidem</span> <span class='ocrx_word' id='word_1_253' title='bbox 912 3221 1024 3292; x_wconf 89' lang='lat' dir='ltr'>laudat,</span> <span class='ocrx_word' id='word_1_254' title='bbox 1045 3237 1104 3281; x_wconf 89' lang='lat' dir='ltr'>non</span> <span class='ocrx_word' id='word_1_255' title='bbox 1124 3225 1221 3294; x_wconf 80' lang='lat' dir='ltr'>potest</span> <span class='ocrx_word' id='word_1_256' title='bbox 1233 3237 1303 3282; x_wconf 93' lang='lat' dir='ltr'>vero</span> <span class='ocrx_word' id='word_1_257' title='bbox 1318 3237 1378 3280; x_wconf 91' lang='lat' dir='ltr'>non</span> <span class='ocrx_word' id='word_1_258' title='bbox 1391 3223 1469 3281; x_wconf 89' lang='lat' dir='ltr'>vitu-</span> 
     </span>
     <span class='ocr_line' id='line_1_29' title="bbox 248 3325 1470 3404; baseline -0.003 -15"><span class='ocrx_word' id='word_1_259' title='bbox 248 3345 368 3404; x_wconf 82' lang='lat' dir='ltr'>perare,</span> <span class='ocrx_word' id='word_1_260' title='bbox 401 3326 478 3401; x_wconf 88' lang='lat' dir='ltr'>quod</span> <span class='ocrx_word' id='word_1_261' title='bbox 509 3330 590 3384; x_wconf 84' lang='lat' dir='ltr'>tanto</span> <span class='ocrx_word' id='word_1_262' title='bbox 621 3325 769 3385; x_wconf 88' lang='lat' dir='ltr'>stomacho</span> <span class='ocrx_word' id='word_1_263' title='bbox 796 3327 908 3385; x_wconf 87' lang='lat' dir='ltr'>saeviat</span> <span class='ocrx_word' id='word_1_264' title='bbox 935 3325 966 3385; x_wconf 91' lang='lat' dir='ltr'>in</span> <span class='ocrx_word' id='word_1_265' title='bbox 993 3325 1131 3399; x_wconf 82' lang='lat' dir='ltr'>Arianos,</span> <span class='ocrx_word' id='word_1_266' title='bbox 1164 3325 1323 3386; x_wconf 87' lang='lat' dir='ltr'>identidem</span> <span class='ocrx_word' id='word_1_267' title='bbox 1356 3327 1470 3400; x_wconf 86' lang='lat' dir='ltr'>impios,</span> 
     </span>
     <span class='ocr_line' id='line_1_30' title="bbox 249 3415 1469 3506; baseline -0.003 -14"><span class='ocrx_word' id='word_1_268' title='bbox 249 3431 391 3504; x_wconf 88' lang='lat' dir='ltr'>diabolos,</span> <span class='ocrx_word' id='word_1_269' title='bbox 414 3429 610 3506; x_wconf 84' lang='lat' dir='ltr'>blasphemos,</span> <span class='ocrx_word' id='word_1_270' title='bbox 637 3435 768 3504; x_wconf 77' lang='lat' dir='ltr'>satarum,</span> <span class='ocrx_word' id='word_1_271' title='bbox 795 3415 908 3504; x_wconf 78' lang='lat' dir='ltr'>pestes,</span> <span class='ocrx_word' id='word_1_272' title='bbox 936 3430 1121 3490; x_wconf 80' lang='lat' dir='ltr'>andebristos</span> <span class='ocrx_word' id='word_1_273' title='bbox 1143 3445 1194 3490; x_wconf 89' lang='lat' dir='ltr'>eos</span> <span class='ocrx_word' id='word_1_274' title='bbox 1215 3429 1379 3504; x_wconf 87' lang='lat' dir='ltr'>appellans,</span> <span class='ocrx_word' id='word_1_275' title='bbox 1407 3433 1469 3504; x_wconf 81' lang='lat' dir='ltr'>jam</span> 
     </span>
     <span class='ocr_line' id='line_1_31' title="bbox 250 3533 1470 3609; baseline -0.003 -11"><span class='ocrx_word' id='word_1_276' title='bbox 250 3537 327 3598; x_wconf 90' lang='lat' dir='ltr'>enim</span> <span class='ocrx_word' id='word_1_277' title='bbox 353 3535 417 3595; x_wconf 89' lang='lat' dir='ltr'>leve</span> <span class='ocrx_word' id='word_1_278' title='bbox 446 3551 510 3594; x_wconf 91' lang='lat' dir='ltr'>esse</span> <span class='ocrx_word' id='word_1_279' title='bbox 533 3533 674 3594; x_wconf 86' lang='lat' dir='ltr'>baeretici</span> <span class='ocrx_word' id='word_1_280' title='bbox 698 3550 867 3609; x_wconf 89' lang='lat' dir='ltr'>cognomen.</span> <span class='ocrx_word' id='word_1_281' title='bbox 912 3535 952 3594; x_wconf 82' lang='lat' dir='ltr'>Et</span> <span class='ocrx_word' id='word_1_282' title='bbox 981 3541 1079 3596; x_wconf 87' lang='lat' dir='ltr'>tamen</span> <span class='ocrx_word' id='word_1_283' title='bbox 1106 3535 1257 3609; x_wconf 84' lang='lat' dir='ltr'>probabile</span> <span class='ocrx_word' id='word_1_284' title='bbox 1286 3551 1364 3608; x_wconf 90' lang='lat' dir='ltr'>esse,</span> <span class='ocrx_word' id='word_1_285' title='bbox 1389 3536 1470 3595; x_wconf 88' lang='lat' dir='ltr'>inter</span> 
     </span>
     <span class='ocr_line' id='line_1_32' title="bbox 249 3635 1470 3714; baseline -0.001 -14"><span class='ocrx_word' id='word_1_286' title='bbox 249 3641 381 3700; x_wconf 78' lang='lat' dir='ltr'>Arianae</span> <span class='ocrx_word' id='word_1_287' title='bbox 404 3637 540 3700; x_wconf 76' lang='lat' dir='ltr'>laedonis</span> <span class='ocrx_word' id='word_1_288' title='bbox 562 3639 694 3698; x_wconf 89' lang='lat' dir='ltr'>homiues</span> <span class='ocrx_word' id='word_1_289' title='bbox 713 3635 816 3712; x_wconf 82' lang='lat' dir='ltr'>fuisse,</span> <span class='ocrx_word' id='word_1_290' title='bbox 845 3639 950 3712; x_wconf 88' lang='lat' dir='ltr'>quibus</span> <span class='ocrx_word' id='word_1_291' title='bbox 977 3655 1146 3714; x_wconf 86' lang='lat' dir='ltr'>persuasum</span> <span class='ocrx_word' id='word_1_292' title='bbox 1173 3638 1277 3714; x_wconf 80' lang='lat' dir='ltr'>fuerit,</span> <span class='ocrx_word' id='word_1_293' title='bbox 1306 3639 1362 3698; x_wconf 91' lang='lat' dir='ltr'>boc</span> <span class='ocrx_word' id='word_1_294' title='bbox 1391 3641 1470 3714; x_wconf 90' lang='lat' dir='ltr'>quod</span> 
     </span>
     <span class='ocr_line' id='line_1_33' title="bbox 249 3741 1470 3820; baseline -0.002 -14"><span class='ocrx_word' id='word_1_295' title='bbox 249 3745 286 3806; x_wconf 91' lang='lat' dir='ltr'>de</span> <span class='ocrx_word' id='word_1_296' title='bbox 309 3744 423 3804; x_wconf 81' lang='lat' dir='ltr'>Christo</span> <span class='ocrx_word' id='word_1_297' title='bbox 442 3743 662 3818; x_wconf 88' lang='lat' dir='ltr'>praedicarent,</span> <span class='ocrx_word' id='word_1_298' title='bbox 684 3759 784 3802; x_wconf 91' lang='lat' dir='ltr'>verum</span> <span class='ocrx_word' id='word_1_299' title='bbox 802 3760 838 3802; x_wconf 89' lang='lat' dir='ltr'>sc</span> <span class='ocrx_word' id='word_1_300' title='bbox 857 3744 936 3817; x_wconf 85' lang='lat' dir='ltr'>pium</span> <span class='ocrx_word' id='word_1_301' title='bbox 958 3759 1040 3818; x_wconf 89' lang='lat' dir='ltr'>esse;</span> <span class='ocrx_word' id='word_1_302' title='bbox 1061 3760 1118 3803; x_wconf 88' lang='lat' dir='ltr'>uec</span> <span class='ocrx_word' id='word_1_303' title='bbox 1139 3741 1267 3803; x_wconf 77' lang='lat' dir='ltr'>defuisse</span> <span class='ocrx_word' id='word_1_304' title='bbox 1282 3745 1360 3804; x_wconf 86' lang='lat' dir='ltr'>locos</span> <span class='ocrx_word' id='word_1_305' title='bbox 1375 3747 1470 3820; x_wconf 85' lang='lat' dir='ltr'>serip-</span> 
     </span>
     <span class='ocr_line' id='line_1_34' title="bbox 248 3847 1470 3924; baseline -0.002 -13"><span class='ocrx_word' id='word_1_306' title='bbox 248 3857 332 3912; x_wconf 91' lang='lat' dir='ltr'>turae</span> <span class='ocrx_word' id='word_1_307' title='bbox 365 3854 396 3910; x_wconf 88' lang='lat' dir='ltr'>et</span> <span class='ocrx_word' id='word_1_308' title='bbox 430 3849 573 3924; x_wconf 90' lang='lat' dir='ltr'>rationes,</span> <span class='ocrx_word' id='word_1_309' title='bbox 610 3865 685 3922; x_wconf 87' lang='lat' dir='ltr'>quae</span> <span class='ocrx_word' id='word_1_310' title='bbox 718 3849 886 3908; x_wconf 86' lang='lat' dir='ltr'>nonnullam</span> <span class='ocrx_word' id='word_1_311' title='bbox 919 3849 981 3908; x_wconf 90' lang='lat' dir='ltr'>veri</span> <span class='ocrx_word' id='word_1_312' title='bbox 1015 3849 1143 3923; x_wconf 78' lang='lat' dir='ltr'>speciem</span> <span class='ocrx_word' id='word_1_313' title='bbox 1175 3864 1248 3922; x_wconf 85' lang='lat' dir='ltr'>prae</span> <span class='ocrx_word' id='word_1_314' title='bbox 1281 3865 1313 3908; x_wconf 91' lang='lat' dir='ltr'>se</span> <span class='ocrx_word' id='word_1_315' title='bbox 1346 3847 1470 3910; x_wconf 79' lang='lat' dir='ltr'>terrent.</span> 
     </span>
     <span class='ocr_line' id='line_1_35' title="bbox 249 3952 1471 4028; baseline -0.002 -13"><span class='ocrx_word' id='word_1_316' title='bbox 249 3955 345 4027; x_wconf 80' lang='lat' dir='ltr'>Quare</span> <span class='ocrx_word' id='word_1_317' title='bbox 366 3953 524 4014; x_wconf 91' lang='lat' dir='ltr'>monendos</span> <span class='ocrx_word' id='word_1_318' title='bbox 547 3969 583 4012; x_wconf 88' lang='lat' dir='ltr'>ac</span> <span class='ocrx_word' id='word_1_319' title='bbox 605 3952 751 4013; x_wconf 86' lang='lat' dir='ltr'>docendos</span> <span class='ocrx_word' id='word_1_320' title='bbox 774 3968 825 4013; x_wconf 86' lang='lat' dir='ltr'>eos</span> <span class='ocrx_word' id='word_1_321' title='bbox 843 3953 947 4028; x_wconf 85' lang='lat' dir='ltr'>tuisse,</span> <span class='ocrx_word' id='word_1_322' title='bbox 970 3953 1019 4028; x_wconf 85' lang='lat' dir='ltr'>qui</span> <span class='ocrx_word' id='word_1_323' title='bbox 1043 3969 1108 4011; x_wconf 92' lang='lat' dir='ltr'>cum</span> <span class='ocrx_word' id='word_1_324' title='bbox 1122 3953 1194 4012; x_wconf 83' lang='lat' dir='ltr'>Ario</span> <span class='ocrx_word' id='word_1_325' title='bbox 1213 3955 1385 4028; x_wconf 86' lang='lat' dir='ltr'>sensissent,</span> <span class='ocrx_word' id='word_1_326' title='bbox 1408 3971 1471 4014; x_wconf 90' lang='lat' dir='ltr'>non</span> 
     </span>
    </p>

    <p class='ocr_par' dir='ltr' id='par_1_5' title="bbox 249 4033 1556 4652">
     <span class='ocr_line' id='line_1_36' title="bbox 249 4033 1556 4134; baseline 0 -16"><span class='ocrx_word' id='word_1_327' title='bbox 249 4065 388 4134; x_wconf 82' lang='lat' dir='ltr'>protenus</span> <span class='ocrx_word' id='word_1_328' title='bbox 421 4059 485 4118; x_wconf 90' lang='lat' dir='ltr'>istis</span> <span class='ocrx_word' id='word_1_329' title='bbox 516 4057 732 4132; x_wconf 77' lang='lat' dir='ltr'>cognominibus</span> <span class='ocrx_word' id='word_1_330' title='bbox 767 4057 964 4132; x_wconf 83' lang='lat' dir='ltr'>appellandos.</span> <span class='ocrx_word' id='word_1_331' title='bbox 1012 4057 1131 4117; x_wconf 86' lang='lat' dir='ltr'>Etenim</span> <span class='ocrx_word' id='word_1_332' title='bbox 1157 4059 1183 4116; x_wconf 92' lang='lat' dir='ltr'>si</span> <span class='ocrx_word' id='word_1_333' title='bbox 1211 4057 1286 4118; x_wconf 82' lang='lat' dir='ltr'>baec</span> <span class='ocrx_word' id='word_1_334' title='bbox 1307 4059 1471 4132; x_wconf 80' lang='lat' dir='ltr'>torquenda</span> <span class='ocrx_word' id='word_1_335' title='bbox 1555 4033 1556 4050; x_wconf 13' lang='grc' dir='ltr'>ἵ</span> 
     </span>
     <span class='ocr_line' id='line_1_37' title="bbox 249 4161 1472 4237; baseline 0 -15"><span class='ocrx_word' id='word_1_336' title='bbox 249 4163 360 4222; x_wconf 90' lang='lat' dir='ltr'>sintin</span> <span class='ocrx_word' id='word_1_337' title='bbox 383 4179 461 4234; x_wconf 91' lang='lat' dir='ltr'>enm,</span> <span class='ocrx_word' id='word_1_338' title='bbox 484 4163 614 4236; x_wconf 83' lang='lat' dir='ltr'>quisquis</span> <span class='ocrx_word' id='word_1_339' title='bbox 636 4167 716 4222; x_wconf 88' lang='lat' dir='ltr'>erret</span> <span class='ocrx_word' id='word_1_340' title='bbox 738 4161 857 4236; x_wconf 87' lang='lat' dir='ltr'>alicubi,</span> <span class='ocrx_word' id='word_1_341' title='bbox 880 4162 949 4236; x_wconf 87' lang='lat' dir='ltr'>quid</span> <span class='ocrx_word' id='word_1_342' title='bbox 971 4161 1111 4222; x_wconf 76' lang='lat' dir='ltr'>facimus</span> <span class='ocrx_word' id='word_1_343' title='bbox 1131 4167 1250 4235; x_wconf 83' lang='lat' dir='ltr'>praeter</span> <span class='ocrx_word' id='word_1_344' title='bbox 1272 4169 1316 4224; x_wconf 86' lang='lat' dir='ltr'>tot</span> <span class='ocrx_word' id='word_1_345' title='bbox 1335 4165 1472 4237; x_wconf 60' lang='lat' dir='ltr'>egrafflos</span> 
     </span>
     <span class='ocr_line' id='line_1_38' title="bbox 250 4267 1471 4342; baseline -0.001 -14"><span class='ocrx_word' id='word_1_346' title='bbox 250 4269 393 4328; x_wconf 75' lang='lat' dir='ltr'>ecoledae</span> <span class='ocrx_word' id='word_1_347' title='bbox 416 4267 551 4327; x_wconf 88' lang='lat' dir='ltr'>doctores</span> <span class='ocrx_word' id='word_1_348' title='bbox 573 4269 627 4342; x_wconf 82' lang='lat' dir='ltr'>ipsi</span> <span class='ocrx_word' id='word_1_349' title='bbox 650 4267 718 4326; x_wconf 91' lang='lat' dir='ltr'>buic</span> <span class='ocrx_word' id='word_1_350' title='bbox 741 4267 869 4341; x_wconf 80' lang='lat' dir='ltr'>Hilario,</span> <span class='ocrx_word' id='word_1_351' title='bbox 894 4269 975 4342; x_wconf 86' lang='lat' dir='ltr'>cujus</span> <span class='ocrx_word' id='word_1_352' title='bbox 1003 4268 1096 4326; x_wconf 83' lang='lat' dir='ltr'>multa</span> <span class='ocrx_word' id='word_1_353' title='bbox 1116 4268 1181 4326; x_wconf 80' lang='lat' dir='ltr'>loca</span> <span class='ocrx_word' id='word_1_354' title='bbox 1203 4268 1317 4327; x_wconf 91' lang='lat' dir='ltr'>civilem</span> <span class='ocrx_word' id='word_1_355' title='bbox 1338 4273 1369 4326; x_wconf 90' lang='lat' dir='ltr'>et</span> <span class='ocrx_word' id='word_1_356' title='bbox 1390 4283 1471 4327; x_wconf 90' lang='lat' dir='ltr'>com·</span> 
     </span>
     <span class='ocr_line' id='line_1_39' title="bbox 249 4371 1472 4446; baseline 0.001 -16"><span class='ocrx_word' id='word_1_357' title='bbox 249 4371 365 4430; x_wconf 92' lang='lat' dir='ltr'>modum</span> <span class='ocrx_word' id='word_1_358' title='bbox 396 4372 549 4444; x_wconf 85' lang='lat' dir='ltr'>requirant</span> <span class='ocrx_word' id='word_1_359' title='bbox 578 4372 785 4446; x_wconf 87' lang='lat' dir='ltr'>interpretem,</span> <span class='ocrx_word' id='word_1_360' title='bbox 820 4372 869 4444; x_wconf 91' lang='lat' dir='ltr'>qui</span> <span class='ocrx_word' id='word_1_361' title='bbox 894 4372 933 4432; x_wconf 81' lang='lat' dir='ltr'>ad</span> <span class='ocrx_word' id='word_1_362' title='bbox 962 4371 1150 4432; x_wconf 91' lang='lat' dir='ltr'>docetismum</span> <span class='ocrx_word' id='word_1_363' title='bbox 1172 4373 1302 4446; x_wconf 81' lang='lat' dir='ltr'>aliasque</span> <span class='ocrx_word' id='word_1_364' title='bbox 1331 4373 1472 4431; x_wconf 69' lang='lat' dir='ltr'>mermes</span> 
     </span>
     <span class='ocr_line' id='line_1_40' title="bbox 251 4473 1470 4550; baseline 0.005 -20"><span class='ocrx_word' id='word_1_365' title='bbox 251 4475 429 4532; x_wconf 70' lang='lat' dir='ltr'>mcesserit&#39;t</span> <span class='ocrx_word' id='word_1_366' title='bbox 473 4473 566 4546; x_wconf 84' lang='lat' dir='ltr'>Hujus</span> <span class='ocrx_word' id='word_1_367' title='bbox 593 4475 638 4533; x_wconf 87' lang='lat' dir='ltr'>rei</span> <span class='ocrx_word' id='word_1_368' title='bbox 668 4475 758 4548; x_wconf 88' lang='lat' dir='ltr'>lurgis</span> <span class='ocrx_word' id='word_1_369' title='bbox 787 4474 967 4534; x_wconf 89' lang='lat' dir='ltr'>documentis</span> <span class='ocrx_word' id='word_1_370' title='bbox 992 4477 1158 4550; x_wconf 67' lang='lat' dir='ltr'>morulis,</span> <span class='ocrx_word' id='word_1_371' title='bbox 1188 4475 1328 4536; x_wconf 72' lang='lat' dir='ltr'>Erasrm</span> <span class='ocrx_word' id='word_1_372' title='bbox 1360 4475 1470 4550; x_wconf 76' lang='lat' dir='ltr'>,Quam</span> 
     </span>
     <span class='ocr_line' id='line_1_41' title="bbox 251 4573 1471 4652; baseline 0.006 -22"><span class='ocrx_word' id='word_1_373' title='bbox 251 4573 370 4650; x_wconf 83' lang='lat' dir='ltr'>legem‘,</span> <span class='ocrx_word' id='word_1_374' title='bbox 400 4575 509 4648; x_wconf 89' lang='lat' dir='ltr'>inquit,</span> <span class='ocrx_word' id='word_1_375' title='bbox 543 4576 588 4648; x_wconf 89' lang='lat' dir='ltr'>,in</span> <span class='ocrx_word' id='word_1_376' title='bbox 620 4593 652 4636; x_wconf 84' lang='lat' dir='ltr'>se</span> <span class='ocrx_word' id='word_1_377' title='bbox 674 4578 788 4651; x_wconf 86' lang='lat' dir='ltr'>statuit,</span> <span class='ocrx_word' id='word_1_378' title='bbox 819 4578 868 4652; x_wconf 86' lang='lat' dir='ltr'>qui</span> <span class='ocrx_word' id='word_1_379' title='bbox 896 4580 938 4638; x_wconf 89' lang='lat' dir='ltr'>sic</span> <span class='ocrx_word' id='word_1_380' title='bbox 969 4581 1064 4640; x_wconf 86' lang='lat' dir='ltr'>saevit</span> <span class='ocrx_word' id='word_1_381' title='bbox 1093 4580 1126 4640; x_wconf 90' lang='lat' dir='ltr'>iu</span> <span class='ocrx_word' id='word_1_382' title='bbox 1159 4580 1268 4642; x_wconf 76' lang='lat' dir='ltr'>diost‘</span> <span class='ocrx_word' id='word_1_383' title='bbox 1310 4581 1351 4642; x_wconf 82' lang='lat' dir='ltr'>Et</span> <span class='ocrx_word' id='word_1_384' title='bbox 1372 4579 1471 4639; x_wconf 87' lang='lat' dir='ltr'>addit:</span> 
     </span>
    </p>
   </div>
   <div class='ocr_carea' id='block_1_5' title="bbox 0 0 1575 5054">
    <p class='ocr_par' dir='ltr' id='par_1_6' title="bbox 0 0 1575 5054">
     <span class='ocr_line' id='line_1_42' title="bbox 0 0 1575 5054; baseline 0 0"><span class='ocrx_word' id='word_1_385' title='bbox 0 0 1575 5054; x_wconf 95' lang='lat' dir='ltr'> </span> 
     </span>
    </p>
   </div>
  </div>
 </body>
</html>
