3188 5086
697 297 789 347 (larun
807 296 841 346 11.
1341 300 1373 352 91

159 510 329 569 Fridcricus
350 509 500 584 Michelis‚
528 509 636 582 aliique
659 508 822 567 scholarum
842 515 1049 583 praeceptores
1071 511 1115 569 ita
1136 513 1376 572 excommunicati

160 620 239 688 sunt,
268 619 301 672 ut
323 613 588 672 Rcmauccatholici
610 630 676 672 cum
698 613 735 671 iis
757 614 805 673 vel
828 613 950 686 colloqui
974 619 1150 674 vetarentur.
1194 613 1302 676 Postea
1324 617 1377 674 im·

159 718 361 792 pudentissimi
388 723 590 790 persecutores
620 717 785 791 civitatem,
817 735 902 791 quum
922 719 1001 791 iusto
1021 719 1128 778 lentius
1152 735 1186 777 ac
1208 719 1314 794 lenius,
1344 727 1377 780 ut

160 822 295 894 vidimus,
314 822 391 880 talia
413 827 585 896 perpetrare
610 837 660 880 eos
681 821 863 897 prohiberet,
884 823 977 895 ipsam
991 821 1175 882 Diocletiano
1196 825 1376 897 persecutori

161 926 285 984 similem
307 941 373 985 essa
388 926 572 1000 'garriebant
616 925 811 985 Furiosissimi
834 926 987 986 Borussiae
1019 943 1053 986 ac
1072 927 1246 986 Germaniae
1268 944 1377 1000 osores,

160 1031 277 1088 rusticis
304 1029 434 1088 dicteriis
460 1029 692 1103 locupletissimi,
718 1027 856 1090 florentes
886 1031 916 1089 in
939 1030 1064 1090 Βοιιιιίο
1084 1030 1192 1089 tribuni
1214 1031 1264 1089 isti
1285 1031 1378 1104 plebis

159 1133 295 1208 fuerunt,
334 1135 462 1208 ipsorum
506 1133 721 1207 magistratibus
758 1133 918 1209 terribiles,
958 1133 1056 1209 Papae
1095 1135 1306 1209 acceptissimi,
1339 1135 1377 1194 ad

160 1236 326 1296 addendum
348 1238 480 1296 omnibus
499 1239 646 1297 extraneis
667 1239 781 1311 patriae
804 1239 978 1297 adversariis
997 1240 1122 1297 smmum
1144 1239 1294 1312 aptissimi.
1338 1239 1377 1296 Hi

159 1342 253 1400 socios
279 1357 347 1400 suos
374 1342 404 1399 in
427 1343 550 1400 comitiis
571 1342 808 1402 Berolinensibus
833 1343 991 1402 militantes
1020 1344 1099 1402 velut
1125 1343 1256 1402 homiues
1276 1343 1378 1402 molles

158 1461 194 1503 ac
216 1445 317 1505 dubios
340 1446 579 1520 contemnebant,
601 1447 667 1520 plus
689 1448 781 1522 semel
802 1447 965 1506 universam
982 1448 1094 1506 illorum
1110 1447 1274 1522 factionem,
1294 1447 1377 1521 quasi

160 1549 319 1610 Borusaicia
333 1551 498 1626 praestigiis
516 1556 666 1623 comptos
681 1556 712 1610 et
726 1557 846 1625 emptos,
870 1551 1088 1610 incredibilibus
1110 1551 1172 1611 fera
1195 1551 1377 1611 contumeliis

160 1655 327 1713 obruerunt
361 1655 416 1726 Qui
430 1654 558 1714 Gentrici
582 1655 642 1714 sive
654 1655 830 1726 Ceutrones,
853 1657 878 1714 si
900 1673 966 1715 cum
980 1657 1095 1716 rusticis
1110 1657 1167 1715 illis
1182 1657 1280 1729 magni
1295 1671 1377 1715 exer·

161 1759 235 1816 citus
250 1759 332 1830 qnasi
348 1759 495 1817 calonibus
510 1765 541 1818 et
555 1759 753 1819 balatrouibus
769 1758 967 1834 conferuntur,
980 1759 1076 1819 verbis
1092 1777 1230 1834 perquam
1245 1760 1376 1819 civilibus

161 1863 205 1919 uti
224 1862 334 1936 solent3
365 1861 602 1923 infallibilitatem
624 1870 685 1923 tarn
707 1871 792 1923 caute
814 1864 960 1924 interdum
982 1866 1281 1938 circumscripserunt,
1304 1871 1337 1922 nt
1358 1879 1377 1922 a

160 1964 419 2025 Palaescatholicis
441 1967 518 2026 haud
540 1968 583 2026 ita
607 1968 726 2026 multum
748 1967 866 2028 differre
887 1967 1067 2042 viderentnr3
1090 1973 1175 2027 eraut
1196 1969 1244 2040 qni
1267 1967 1375 2040 aliquid

160 2070 267 2128 amoris
289 2069 403 2143 patriae
427 2070 618 2131 Germanicae
641 2071 819 2143 retinerent,
851 2071 940 2129 etiam
963 2071 1048 2130 sociis
1069 2071 1239 2144 quibusdam
1262 2072 1375 2129 sincere

159 2173 294 2232 Borussis
316 2190 438 2246 parcere
467 2173 632 2234 studebant
684 2175 756 2234 Tam
789 2174 893 2233 callide
927 2180 1048 2248 agentes
1077 2175 1132 2249 ipsi
1167 2175 1264 2247 magni
1296 2172 1375 2230 illius

159 2278 191 2334 in
221 2276 377 2336 Germania
402 2279 546 2337 exercitus
570 2278 688 2352 Papalis
719 2279 809 2336 robur
841 2284 871 2337 et
902 2278 1055 2336 universae
1086 2277 1226 2337 materiae
1258 2270 1305 2354 (nt
1338 2291 1374 2335 ea

159 2379 347 2439 similitudine
381 2382 423 2439 nti
461 2375 563 2462 liceat)
602 2381 684 2456 quasi
725 2387 857 2440 centrum
895 2387 992 2456 erant3
1031 2383 1107 2441 solos
1152 2381 1269 2440 calones
1303 2381 1374 2438 istos

158 2499 285 2557 pugnam
314 2501 373 2542 non
395 2485 444 2543 diu
467 2487 678 2544 sustentaturos
701 2485 790 2544 fuisse
818 2485 963 2561 sciebant,
991 2485 1155 2546 tolerabant
1185 2501 1236 2544 eos
1258 2489 1292 2544 ut
1320 2484 1375 2543 sibi

158 2585 274 2660 quidem
293 2587 439 2648 interdum
460 2589 597 2647 molestos
619 2589 672 2648 sed
694 2605 746 2648 auc
766 2589 884 2664 negotio
907 2590 1028 2666 egregie
1050 2591 1251 2649 inservientes

247 2690 383 2750 Ceterum
406 2692 443 2750 ad
470 2691 685 2751 accendendam
704 2693 875 2751 'mmtorum
906 2711 942 2753 ex
971 2695 1058 2768 plebe
1082 2692 1194 2752 rabiem
1219 2693 1376 2752 fanaticam

159 2793 236 2853 band
257 2795 351 2852 minue
374 2796 429 2870 ipsi
452 2795 579 2854 Gentrici
601 2784 687 2868 quam
709 2797 758 2854 isti
780 2797 1182 2870 eorumsociiconferebant;
1203 2797 1375 2870 quinetiam

159 2897 222 2969 plus
243 2898 399 2972 valebant,
425 2916 511 2972 quum
532 2905 651 2972 praetor
674 2900 817 2959 acclesiae
840 2899 966 2959 studium
990 2901 1186 2973 auctoritatis,
1216 2899 1376 2971 doctrinae,

160 3001 442 3075 circumspicientiae
470 3003 606 3076 politicas
633 3002 755 3076 gloriam
785 3019 856 3075 prae
886 3019 918 3062 se
951 3003 1072 3062 ferrern.
1122 3003 1177 3075 Qui
1206 3004 1231 3060 si
1257 3007 1376 3074 proptor

160 3106 293 3178 expulsos
315 3106 443 3165 nasutas
465 3107 554 3165 letale
576 3106 684 3165 bellum
705 3107 830 3178 imperio
850 3105 1024 3164 Germanico
1046 3105 1226 3177 indixerant,
1248 3105 1273 3162 si
1295 3105 1375 3176 leges

159 3209 254 3280 Majas
283 3209 320 3267 sd
343 3208 497 3268 delendam
520 3209 673 3269 ecclesiam
697 3208 874 3282 excogitatas
901 3223 980 3280 essa,
1008 3208 1188 3266 comitiorum
1216 3205 1376 3279 impudenti

159 3313 316 3372 securitate
339 3319 456 3372 utentes
478 3314 593 3372 mentiti
616 3317 715 3386 erant,
744 3312 844 3370 horum
863 3311 983 3371 nomina
1004 3311 1163 3384 horumque
1185 3309 1275 3370 verba
1293 3309 1375 3368 insti·

160 3417 280 3490 gaterii,
312 3433 384 3489 quos
402 3416 561 3490 vocabant,
589 3416 733 3490 capellani
755 3417 786 3473 in
809 3414 996 3502 societatibus
1018 3415 1075 3474 illis
1097 3414 1376 3474 Romanocatholicis

158 3519 190 3576 iu
212 3537 263 3577 cre
284 3520 449 3596 habebant3
470 3537 593 3594 quorum
614 3519 697 3579 rabie
719 3519 846 3578 imbutus
859 3517 1017 3580 Kullmann
1029 3520 1160 3594 sicarius,
1180 3525 1246 3594 post
1259 3524 1376 3579 veteres

159 3623 296 3694 quosdam
323 3640 509 3698 percussores
539 3625 610 3683 satia
639 3629 721 3682 notos
745 3623 847 3683 eodem
869 3623 1017 3683 fanatismi
1039 3624 1174 3684 desuitici
1196 3639 1308 3682 veneno
1330 3623 1374 3679 in-

159 3723 264 3800 fectus,
283 3727 423 3801 impetum
444 3729 476 3786 in
496 3727 662 3801 Principem
684 3726 895 3786 cancellarium
918 3727 1084 3800 Kissingiae
1106 3731 1272 3785 versantem
1294 3723 1373 3783 fecit

159 3826 212 3886 Oui
239 3830 463 3904 comprehensus
490 3831 588 3889 statim
615 3831 764 3890 coufessus
795 3835 852 3904 est,
880 3835 1052 3903 eapropter
1075 3830 1151 3888 solas
1177 3829 1258 3899 leges
1279 3826 1374 3897 Maias

159 3937 189 3989 et
215 3939 334 4006 propter
360 3934 480 4009 injurias
504 3933 604 3993 Conui
634 3934 771 4006 factioni,
801 3949 893 4006 ,quae
919 3939 951 3991 et
981 3949 1034 3991 sua
1056 3929 1158 4000 asset,‘
1181 3931 1285 3988 allatas
1307 3943 1373 3986 eam

158 4033 324 4094 interficere
354 4036 493 4097 voluisse:
524 4019 723 4111 poenitentiae
752 4051 856 4109 expers
878 4035 983 4093 multos
1005 4035 1078 4094 alios
1101 4033 1138 4092 ad
1160 4032 1237 4091 idem
1259 4037 1374 4090 tentan-

157 4136 224 4195 dum
243 4145 361 4211 paratos
383 4157 448 4199 ease
464 4139 651 4213 praedicavit.
696 4136 783 4196 Haud
803 4136 912 4194 frustra
935 4136 1065 4195 coetibus
1085 4135 1142 4193 illis
1165 4151 1232 4193 enm
1247 4133 1373 4194 adfuisse

158 4242 321 4316 constabat,
344 4243 418 4301 sicut
440 4243 470 4300 in
493 4243 633 4302 societate
656 4240 780 4316 quadam
795 4237 1012 4300 Soltwedelensi
1037 4237 1193 4311 parochnm
1208 4237 1374 4311 loquentem

157 4343 300 4418 audierat,
327 4351 498 4418 praesentes
520 4345 747 4404 Christianorum
776 4342 994 4416 persecutiones
1023 4341 1168 4401 inauditas
1190 4355 1255 4400 esse
1279 4355 1373 4412 neque

156 4448 208 4504 ulli
238 4449 283 4506 rei
303 4449 530 4523 comparabilem
558 4464 698 4524 praesens
721 4453 870 4506 certamen
886 4460 1013 4520 pugnam
1037 4461 1100 4504 csse
1124 4443 1263 4504 mversos
1283 4441 1374 4500 infer·

155 4567 226 4608 nmn
253 4555 284 4612 et
311 4549 472 4625 diabolum3
501 4553 561 4624 iam
588 4553 726 4626 impetum
764 4551 852 4610 etiam
882 4549 949 4608 huic
977 4547 1110 4608 societati
1134 4549 1166 4608 in
1193 4545 1373 4608 adversarios
