3188 5086
705 307 797 360 Garun
816 307 852 358 11.
1350 307 1386 362 89

169 540 254 598 quam
287 523 395 582 Paulus
428 522 576 595 apostolus
601 522 766 596 praecepit,
802 521 987 582 observantia
1013 537 1046 580 se
1075 522 1228 595 subjicere.
1272 522 1388 584 Revera

169 628 246 688 hand
279 627 365 701 pauci
400 631 501 700 aperte
535 626 566 686 id
599 627 731 700 proloqui
765 627 829 686 ausi
862 632 937 686 sunt.
991 627 1073 687 Unus
1105 643 1221 701 eorum,
1253 627 1387 688 Martens

168 733 302 806 nomine,
330 733 361 789 in
387 729 514 790 dioecesi
544 729 691 790 (lulmensi
719 730 870 790 seminarii
897 735 1003 805 rector,
1041 731 1177 790 abdicare
1206 747 1238 790 aa
1265 749 1387 792 munere

169 837 274 896 maluit
295 852 381 910 quam
403 851 466 894 cum
490 836 625 908 episcopo
649 851 701 894 suo
724 835 835 893 ciuitati
858 835 891 894 in
912 835 1019 896 talibus
1041 835 1128 894 rebus
1142 835 1291 910 resistere,
1311 852 1387 910 quaa

169 939 241 1000 alibi
263 940 306 999 illi
328 940 410 999 salva
430 939 609 1000 conscientia
632 955 650 998 a
672 938 820 998 catholicis
835 938 1071 1000 concederentur.
1115 939 1176 998 Hos
1195 940 1388 1000 omnesiana-

170 1047 222 1104 tici
245 1046 445 1118 episcoporum
466 1044 609 1104 satellites
632 1044 710 1117 turpi
732 1045 902 1117 cognomine
931 1050 964 1102 ut
986 1043 1141 1104 catholicos
1168 1045 1279 1104 civitati
1300 1044 1388 1105 obno-

169 1149 233 1210 xios
266 1144 507 1222 increpitabant.¹
558 1147 668 1207 Verum
698 1147 785 1206 etiam
819 1147 883 1222 alii,
917 1146 953 1206 ab
987 1146 1126 1222 eiusmodi
1155 1148 1254 1208 lurore
1288 1147 1387 1224 alieni,

171 1253 250 1312 cheu
272 1252 339 1310 illas
360 1267 473 1325 quoque
496 1267 544 1311 res
568 1251 727 1325 episcopis,
755 1252 830 1314 solis,
845 1257 1001 1326 propterea
1023 1267 1119 1312 coram
1143 1250 1207 1312 Deo
1235 1267 1388 1326 responsu-

171 1359 228 1432 ris,
255 1355 424 1429 obsequium
453 1371 485 1415 se
512 1354 622 1416 debere
650 1355 802 1430 putabant
847 1355 985 1415 Nonnulli
1015 1356 1193 1415 excusabant
1221 1358 1387 1431 praesulum

172 1477 288 1520 suorum
315 1460 538 1534 contumaciam,
570 1459 608 1520 ud
637 1459 968 1520 Pseudolutherauorum
1003 1460 1181 1534 quorundam
1213 1462 1386 1522 sententiam

171 1570 377 1640 provocantes,
400 1565 450 1638 qni
472 1564 538 1624 illos
560 1562 652 1624 falsae
681 1565 830 1624 civitatum
852 1565 1078 1640 omnipotentiae
1100 1565 1227 1626 animose
1248 1567 1387 1626 resistere

172 1669 396 1744 praedicarent3
417 1669 558 1728 unitatem
573 1670 716 1730 ecclesiae
732 1670 880 1744 obsequio,
904 1670 979 1744 quod
993 1670 1048 1744 ipsi
1063 1670 1121 1729 illis
1137 1675 1328 1746 praestarent,
1351 1687 1387 1731 eo

172 1774 275 1834 fortius
296 1771 434 1832 tuendam
457 1789 529 1847 esse,
552 1790 608 1847 quo
622 1774 714 1848 magis
736 1775 813 1847 apud
834 1779 1030 1848 protestantes
1052 1775 1216 1835 libertatern
1240 1791 1276 1835 ex
1297 1775 1388 1850 pluri·

170 1894 281 1937 morum
294 1878 440 1937 sententia
455 1877 487 1935 in
503 1893 538 1936 eo
555 1878 679 1952 positam
696 1893 761 1938 esse
776 1884 932 1953 appareat,
953 1883 986 1938 ut
998 1878 1034 1939 de
1047 1883 1183 1954 suggestu
1198 1895 1281 1940 sacro
1296 1879 1386 1952 ipsius

172 1981 317 2056 evangelii
338 1985 369 2040 et
386 1981 530 2041 ecclesiae
550 1983 735 2057 evangelicae
758 1982 920 2043 doctrinam
939 1983 1135 2057 perstringere
1151 1983 1267 2056 impune
1283 1983 1386 2056 cuique

171 2087 261 2145 liceat
288 2089 319 2145 et
347 2085 380 2143 in
403 2085 507 2144 scholis
529 2085 639 2160 ingenii
663 2088 775 2147 cultura
804 2087 842 2147 ad
863 2087 1007 2160 quandam
1027 2086 1225 2161 paganitatem
1247 2087 1386 2160 paulatim

172 2189 269 2249 redire
293 2189 391 2262 possit.
425 2190 489 2249 Hae
510 2191 643 2250 sincerae
658 2191 812 2252 multorum
826 2190 1008 2252 sacerdotum
1022 2191 1174 2265 opiniones
1189 2195 1266 2264 sunt,
1288 2207 1384 2264 neque

173 2309 313 2367 negamus
332 2293 459 2367 ahqnam
479 2295 611 2354 veritatis
633 2297 760 2369 speciem
777 2297 814 2355 iis
835 2295 914 2354 band
931 2311 998 2355 raro
1018 2294 1153 2368 praeberi
1176 2295 1212 2354 ab
1232 2294 1302 2368 ipsis
1324 2295 1387 2367 qui-

171 2397 292 2458 bnsdam
318 2398 515 2472 praeposteris
541 2401 784 2474 protestantismi,
812 2399 953 2475 civitatis,
983 2399 1114 2459 culturae
1134 2397 1385 2459 declamatoribus.

171 2501 307 2575 Inprimis
334 2501 411 2574 quod
439 2501 478 2561 ad
507 2503 646 2563 culturam
676 2503 823 2579 pertinet,
852 2519 939 2578 supra
967 2503 1084 2578 quidem
1111 2502 1234 2562 diximus
1256 2507 1288 2562 et
1308 2500 1387 2563 inira

172 2606 336 2664 accuratius
367 2621 419 2666 suo
447 2607 511 2666 loco
538 2606 809 2682 demonstrabimus,
842 2575 991 2682 ligerum
1025 2607 1111 2682 illud,
1142 2605 1218 2682 quod
1244 2606 1387 2666 Vaticano

172 2709 294 2770 concilio
323 2710 478 2770 ecclesiam
499 2709 657 2771 Romanam
686 2729 803 2786 prorsus
827 2713 882 2772 sibi
904 2713 1045 2788 subjecit,
1073 2712 1239 2773 necessario
1261 2711 1300 2772 ad
1320 2711 1388 2772 bar·

171 2813 284 2872 mnam
314 2813 458 2886 quandam
494 2813 634 2888 paulatim
662 2832 792 2892 vergere.
845 2816 903 2878 Sed
935 2821 980 2876 est
1013 2815 1084 2876 teliu
1117 2815 1258 2890 quasdam
1287 2816 1388 2875 incon·

172 2918 292 2991 smutia,
325 2933 383 2990 qua
414 2917 460 2992 tit,
492 2924 525 2978 ut
557 2920 588 2978 in
622 2922 763 2981 universis
792 2920 924 2982 coetibus
951 2921 1064 2995 pariter
1090 2927 1178 2993 atque
1206 2921 1238 2979 in
1267 2919 1387 2994 singulis

171 3019 335 3080 bominibus
354 3022 439 3094 juxta
457 3023 630 3098 principium
653 3041 837 3100 corrumpens
859 3030 952 3086 restet
970 3024 1079 3098 aliquid
1103 3024 1288 3098 incorruptae
1310 3023 1387 3082 sani·

173 3124 249 3182 tatia
294 3123 396 3198 Itaque
427 3126 458 3184 in
483 3127 579 3186 multis
608 3144 721 3203 eornm,
752 3131 817 3203 qui,
839 3129 910 3188 licet
929 3128 1018 3198 uariis
1040 3127 1216 3186 sinceritah's
1239 3125 1386 3199 gradibus,

172 3226 380 3286 vaticanorum
393 3228 576 3290 decretorum
588 3233 687 3306 jugum
702 3237 887 3308 acceperunt,
908 3230 1053 3290 interdum
1071 3231 1136 3303 plus
1150 3245 1238 3289 verae
1253 3229 1385 3298 culturae

172 3329 269 3389 inesse
291 3336 403 3406 potest,
426 3348 512 3405 quam
531 3335 637 3407 passim
658 3337 689 3395 in
708 3335 828 3410 talibus,
854 3337 903 3409 qui
924 3335 1053 3394 culturae
1076 3333 1192 3392 nornine
1215 3332 1386 3393 vaticanam

174 3433 356 3506 tyrannidem
376 3435 629 3497 vehementissime
651 3446 831 3516 oppugnant,
854 3439 907 3500 sed
925 3439 982 3514 ipsi
1004 3439 1078 3498 alius
1100 3439 1218 3513 generis
1239 3437 1386 3512 praejudi-

174 3537 247 3596 catis
269 3537 452 3611 opinionibus
481 3539 594 3601 subacti
612 3549 684 3605 sunt.
731 3543 807 3606 Sana
828 3543 943 3619 qmdem
965 3545 1058 3604 omnis
1087 3543 1273 3604 historiarum
1293 3541 1386 3602 scien·

173 3640 217 3698 tia
238 3641 386 3701 Vaticanis
405 3643 531 3703 decretis
554 3645 728 3722 excluditur;
757 3650 917 3723 quicunqne
941 3651 1003 3724 ejns
1025 3653 1093 3708 aute
1115 3661 1250 3720 magnum
1271 3646 1386 3706 intelle-

174 3749 237 3802 ctus
273 3743 446 3805 sacrificium
485 3755 632 3824 compotes
666 3749 736 3810 iacti
772 3759 870 3828 erant,
906 3759 973 3828 post
1011 3751 1081 3812 illud
1128 3751 1288 3810 miserrime
1328 3749 1387 3808 rim

173 3845 280 3908 afferre
303 3850 489 3912 historiarum
509 3854 628 3914 veritati
646 3871 709 3914 cum
731 3855 846 3918 Helelio
866 3858 960 3918 coacti
982 3861 1056 3916 sunt.
1090 3854 1149 3914 Sed
1170 3853 1258 3914 variis
1280 3851 1386 3911 dochi-

172 3951 218 4010 ssifl
243 3951 369 4028 physicis
392 3956 471 4032 integ
496 3957 568 4017 alios
594 3960 839 4032 praeclarissimus
868 3961 957 4021 Pater
982 3959 1111 4033 Angelus
1139 3956 1242 4017 Seccbi
1272 3955 1386 4016 lesuita

171 4057 215 4114 ita
235 4058 384 4133 excelluit,
406 4065 439 4118 ut
460 4061 597 4135 emuncta
617 4062 695 4122 haud
719 4065 929 4124 contemnenda
949 4062 1147 4138 philosophiae
1169 4059 1293 4119 sciantm
1314 4059 1388 4117 mul-

171 4165 218 4219 tos
246 4159 422 4222 Germaniae
450 4165 584 4239 physicos
612 4175 772 4240 superaret.
822 4167 927 4228 lisdem
957 4166 1075 4240 studiis,
1106 4166 1177 4224 item
1206 4161 1388 4236 linguiaticis,

170 4277 248 4336 quae
276 4281 352 4323 nunc
380 4265 527 4343 dicuntur,
551 4267 683 4329 Jesuitae
711 4270 879 4330 Bonnenses
909 4288 940 4331 se
964 4269 1081 4330 dabant.
1124 4268 1188 4342 Ego
1209 4268 1242 4326 iu
1262 4267 1386 4326 Lacensi

169 4365 316 4440 quondam
343 4383 444 4428 eorum
473 4377 617 4432 conventu
639 4375 776 4448 jnvensm
805 4375 947 4448 quendam
973 4372 1044 4432 mihi
1070 4377 1182 4446 notum,
1211 4386 1296 4444 quem
1318 4368 1386 4429 risi·

263 4583 290 4650 1)
308 4584 580 4646 ,Suamkatholikan‘
599 4603 641 4640 soa
658 4589 831 4674 nominal'.
