3194 5042
240 248 291 306 192
768 246 857 304 Crrnr
875 245 935 303 VH.

238 471 292 532 per
317 471 448 528 manere,
480 453 632 518 Antonelli
659 453 786 512 callidus
813 453 861 512 Pii
888 451 1024 512 minister
1050 452 1335 528 rerumpublicarum
1362 453 1468 528 guber-

237 564 354 620 natores
381 559 639 637 impudentissime
666 561 916 621 commonefacere
942 578 1003 619 non
1029 558 1182 618 dubitavit
1234 557 1331 632 Quare
1357 559 1468 636 aliquis

148 705 149 708 =
237 673 357 746 propter
379 671 423 726 tot
445 671 567 727 cruenta
585 667 726 742 facinora,
750 685 826 745 quae
845 667 934 727 Curia
955 666 1065 744 partim
1087 666 1153 743 ipsa
1171 666 1254 738 fecit,
1277 665 1386 743 partim
1404 668 1468 725 suis

238 775 380 852 auspiciis
405 775 440 834 ab
463 775 531 834 aliis
554 779 735 852 perpetratas
757 773 968 852 comprobavit,
992 774 1071 832 haud
1094 778 1204 833 temere
1226 791 1291 832 eam
1313 791 1383 833 cum
1405 779 1469 832 s'ce-

238 882 315 942 lesta
336 882 368 941 in
387 881 590 942 illustrissima
613 886 716 959 poetae
735 880 897 940 Britannici
917 880 1066 957 tragoedia
1084 880 1208 940 muliere
1230 881 1369 955 contulit,
1393 899 1469 958 qnae

238 995 327 1050 noctu
354 989 484 1049 lunatica
511 988 753 1066 sanpdnolentas
780 1005 885 1048 manus
909 987 1076 1048 dedicando
1103 1007 1229 1066 pru-gare
1251 987 1364 1048 nititur.
1412 987 1467 1046 Oui

239 1096 427 1157 similitudini
458 1096 490 1155 id
517 1101 633 1155 tantum
665 1095 752 1173 objici
780 1100 890 1173 potest,
924 1096 1003 1174 quod
1030 1099 1146 1155 tantum
1172 1096 1267 1171 abest,
1299 1100 1334 1154 ut
1363 1095 1468 1155 (iuriae

238 1204 419 1265 conscientia
436 1208 556 1282 propter
574 1203 703 1263 facinora
720 1202 773 1262 illa
791 1203 922 1281 torqueri
941 1203 1087 1278 videatur,
1110 1207 1145 1262 ut
1166 1221 1201 1262 ea
1223 1202 1343 1280 publice
1364 1222 1382 1262 a
1405 1203 1467 1262 suis

238 1312 346 1372 iterum
368 1311 536 1389 iterumque
558 1311 699 1371 celebrari
721 1309 823 1387 gavisa
846 1311 892 1370 sit.

345 1419 382 1478 Id
405 1437 473 1479 vero
496 1419 559 1478 fieri
582 1417 666 1478 nullo
692 1417 777 1477 modo
800 1421 926 1495 poterat,
954 1418 1013 1478 nisi
1035 1417 1155 1495 penitus
1177 1435 1273 1495 usque
1293 1417 1467 1494 jamdudum

239 1527 398 1587 insedisset
429 1527 591 1586 Romanam
622 1525 777 1586 ecelesiam
809 1525 958 1602 pessimus
990 1525 1122 1600 morbus,
1155 1530 1291 1602 proterva
1321 1525 1386 1586 veri
1417 1545 1467 1585 ne

239 1634 355 1712 glectio.
402 1631 496 1708 Quam
514 1633 612 1693 verbis
635 1637 665 1692 et
687 1633 774 1692 factis
797 1633 985 1692 manifestam
1008 1650 1077 1692 cum
1099 1632 1235 1709 pluribus
1257 1633 1356 1710 operis
1374 1634 1466 1692 nostri

239 1742 313 1802 locis
335 1741 577 1816 monstravimus,
605 1746 669 1799 tum
692 1741 729 1800 iis
753 1757 828 1818 quae
853 1740 890 1800 de
913 1740 1066 1803 fraudibus
1089 1758 1157 1800 oum
1180 1741 1307 1800 nefanda
1328 1741 1467 1801 violentia

239 1850 277 1909 ad
304 1849 512 1928 opprimendos
534 1847 720 1925 evangelicos
747 1848 913 1924 conjunctis
936 1848 1015 1907 dieta
1042 1853 1119 1908 sunt
1165 1847 1284 1925 Legunt
1308 1848 1466 1907 adversarii

239 1956 333 2018 nostri
359 1955 509 2034 psalmum
535 1955 788 2033 pronuntiantem,
821 1955 918 2015 Deum
946 1956 1068 2032 perdere
1098 1973 1201 2015 omnes
1229 1957 1280 2034 qui
1309 1956 1467 2034 loquantur

240 2065 434 2124 mendacium.
481 2063 585 2124 Sciunt
607 2063 639 2122 in
661 2062 744 2122 Novo
768 2061 953 2122 Testamenta
977 2062 1163 2122 mendacium
1186 2068 1220 2122 ut
1241 2063 1350 2122 diaboli
1374 2064 1466 2123 fetum

239 2177 269 2232 et
296 2173 392 2233 omnis
419 2171 532 2249 peceati
560 2171 786 2230 fundamentum
813 2170 947 2230 describi.
994 2169 1098 2247 Neque
1125 2175 1224 2230 tamen
1246 2171 1423 2249 quidquam,
1450 2189 1468 2228 a

239 2280 361 2340 Jesuitis
385 2279 493 2354 edocti,
521 2279 639 2338 facilius
661 2277 833 2337 diminuunt
860 2283 889 2338 et
912 2281 1104 2337 contemnunt
1126 2296 1221 2355 quam*
1242 2279 1304 2338 veri
1327 2278 1466 2337 officium.

239 2388 286 2446 Ad
309 2405 343 2446 ea
361 2387 502 2460 maxime,
526 2404 602 2464 quae
624 2389 726 2445 contra
748 2386 804 2445 hoc
826 2390 946 2462 peccata
969 2391 1051 2459 sunt,
1074 2381 1271 2444 libentissime
1293 2385 1374 2445 idem
1393 2386 1467 2445 solu-

183 2490 188 2500 “
240 2495 315 2554 tium
333 2493 482 2570 applicare
500 2493 650 2568 videntur,
674 2511 732 2570 quo
751 2493 830 2569 apud
853 2510 1002 2552 summum
1020 2492 1277 2569 l‘rancogallonrm
1295 2493 1468 2552 comoedum

239 2601 358 2678 pietatis
377 2600 532 2660 simulator
553 2599 647 2658 utitur
665 2601 779 2674 dicens,
803 2599 866 2658 dari
889 2618 957 2659 cum
978 2599 1059 2659 coelo
1081 2599 1358 2660 accommodationis
1376 2601 1469 2660 rias²

241 2708 273 2768 Si
295 2707 364 2785 quis
386 2725 455 2766 cum
477 2707 525 2766 his
548 2708 635 2766 rebus
658 2725 693 2766 ea
715 2707 886 2782 contulerit,
910 2725 985 2784 quae
1008 2707 1128 2767 Blasius
1151 2707 1255 2768 Pascal
1277 2708 1309 2766 in
1333 2707 1468 2784 epistolis

239 2813 484 2892 provincialibus,
511 2813 650 2891 inprimis
673 2813 704 2872 in
728 2813 831 2892 quinto
854 2819 884 2873 et
906 2815 1034 2890 decimo,
1061 2815 1098 2874 de
1120 2815 1299 2874 Jesuitarum
1323 2815 1372 2874 sui
1395 2820 1468 2875 tem·

240 2921 427 3000 poris‘dictis
445 2921 590 2999 factisque
608 2926 743 2982 accurate
761 2926 791 2981 et
813 2921 951 2998 religiose
970 2926 1097 2998 enarrat,
1120 2923 1175 2982 hac
1194 2940 1310 3000 quoque
1329 2941 1367 2982 ex
1385 2928 1469 3000 parte

239 3029 365 3090 istorum
392 3029 566 3107 pravitatem
586 3029 648 3106 jam
675 3029 707 3088 in
730 3030 898 3088 universam
925 3029 1081 3089 ecclesiam
1103 3029 1263 3090 Romanam
1286 3030 1469 3090 redundasse

240 3137 400 3214 intelleget
447 3135 531 3211 Quod
554 3137 590 3196 ad
609 3136 850 3213 sanguinolentae
871 3135 1027 3196 violentiae
1045 3137 1077 3196 in
1100 3137 1309 3197 dissentientes
1327 3137 1469 3197 adhiben-

240 3247 294 3306 dae
313 3245 482 3323 cupidinem
505 3244 568 3304 illis
588 3244 719 3303 innatam
742 3245 882 3321 pertinet,
905 3244 978 3303 haec
1001 3243 1051 3303 ubi
1069 3245 1176 3304 emicat
1198 3245 1350 3305 civitatum
1369 3251 1468 3306 aucto-

239 3353 326 3412 ritate
344 3353 527 3430 reprimitur,
552 3351 597 3412 vis
615 3352 732 3411 veritati
750 3351 849 3426 allam,
872 3351 942 3412 lieet
963 3351 1170 3428 turpissimum
1188 3352 1318 3427 facinus,
1340 3372 1358 3412 a
1376 3354 1468 3429 magi-

241 3459 382 3520 stratibus
399 3459 509 3519 denari
527 3463 557 3520 et
575 3458 675 3537 puniri
693 3477 811 3536 perraro
832 3463 936 3536 potest.
974 3459 1048 3519 Inde
1065 3460 1177 3520 factum
1195 3465 1253 3537 est,
1276 3466 1310 3520 ut
1327 3463 1468 3521 effrenata

240 3567 474 3627 ultramontanae
500 3567 594 3644 partis
621 3567 742 3627 audacia
769 3567 800 3626 in
825 3565 981 3627 Germania
1008 3572 1108 3627 nostra
1135 3573 1196 3628 tam
1223 3568 1411 3646 impudenter
1435 3585 1468 3628 se

238 3674 369 3752 jactaret

346 3781 446 3859 Hujus
478 3799 573 3843 noxae
604 3782 780 3859 gravissima
806 3781 895 3860 culpa
925 3781 958 3841 in
985 3781 1174 3844 Genuanicos
1207 3783 1360 3861 episcopos
1391 3783 1468 3844 deri-

241 3890 336 3950 vanda
367 3895 420 3950 est.
475 3889 535 3950 Eos
567 3890 756 3968 potissimum
787 3891 865 3966 dico,
898 3891 950 3968 qui
982 3890 1106 3950 Consilii
1138 3895 1270 3968 tempore
1301 3891 1466 3968 viguerunt

242 3997 322 4072 Quos
341 3997 367 4057 si
385 3997 524 4058 nonnulli
542 3997 606 4074 alii,
630 3998 682 4076 qui
700 4003 820 4076 propter
838 3997 922 4075 pacis
941 3997 1072 4057 studium
1087 3999 1155 4075 jure
1172 3999 1342 4074 laudantur,
1365 4017 1468 4059 recens

241 4106 335 4165 secuti
363 4109 446 4182 sunt,
479 4105 511 4164 hi
539 4123 656 4184 quoque
687 4105 809 4166 tacendo
837 4109 867 4164 et
896 4105 1080 4165 connivendo
1111 4105 1231 4166 illorum
1257 4106 1370 4184 peccati
1403 4125 1468 4184 par·

241 4212 348 4290 ticipes
380 4231 413 4274 se
444 4213 642 4276 reddiderunt
697 4213 749 4273 Illi
780 4211 859 4273 enim
890 4231 951 4274 non
982 4214 1067 4274 modo
1098 4213 1246 4292 pastorale
1276 4214 1468 4292 oppugnandi

241 4372 455 4383 —

351 4461 376 4528 1)
395 4459 427 4512 In
445 4459 556 4528 partisl
574 4475 630 4528 cap.
645 4459 680 4514 II.

350 4547 376 4616 2)
396 4547 419 4600 Il
438 4564 457 4616 y
475 4563 492 4601 a
509 4563 575 4602 avec
594 4547 618 4600 le
637 4546 687 4602 ciel
706 4547 753 4602 dos
772 4549 1035 4604 accommodemonts.
