3188 5086
247 305 297 368 146
733 307 838 363 Paarra
859 279 971 364 Parenta

245 405 295 410 —
302 403 684 410 -——-—-.-——-——-—-
956 403 967 408 .-
973 403 999 408 .-
1004 403 1088 409 -—--.-

243 533 300 586 tur.
323 559 365 568 -
396 525 494 584 Omnia
521 525 661 585 humanus
683 524 802 584 affectus
829 523 978 599 ponendus
1003 526 1044 600 ei,
1074 525 1122 598 qui
1143 523 1259 585 studeat
1278 542 1376 585 veram
1397 525 1457 598 pie·

244 635 335 691 tatem
359 629 461 688 animis
491 629 653 688 mortalium
682 630 821 688 inserere.
871 629 1047 688 Prudentior
1076 633 1173 688 autem
1206 645 1238 688 es
1258 645 1343 702 qnam
1364 629 1458 688 11111

243 733 314 794 mibi
349 732 519 807 monendus,
556 730 702 792 efficacius
737 747 801 791 esse
834 732 872 791 ad
911 732 1097 792 inserendam
1130 732 1276 792 hominum
1314 732 1458 791 mentibus

244 838 352 898 Christi
382 837 607 912 philosophiam,
643 838 667 895 si
696 837 759 910 quia
787 835 987 896 admirabilem
1022 837 1102 896 illam
1124 843 1155 896 et
1189 837 1343 896 amabilem
1370 852 1458 896 veruo

243 943 361 1018 pictatis
390 941 546 1016 imaginem
576 956 660 1014 quam
690 941 781 1013 possit
802 941 1047 1013 expressissimam
1069 941 1197 1014 ingerat,
1227 957 1313 1014 quam
1336 941 1459 1000 111111-

244 1046 357 1106 claudis
379 1045 513 1105 vitiorum
535 1043 635 1104 formis
657 1059 692 1102 ac
714 1044 871 1116 generibus
885 1060 985 1103 rocem
1000 1045 1149 1117 lateraque
1164 1051 1310 1104 exerceat.
1348 1041 1459 1102 Efficax

243 1149 387 1226 quaedam
409 1166 458 1208 111
480 1151 544 1224 ipsa
565 1148 679 1207 11111111
702 1150 829 1223 species,
851 1165 926 1222 quae
949 1150 1030 1222 puris
1052 1149 1142 1207 oculis
1164 1153 1360 1232 ostensamox
1381 1148 1459 1221 rapit

242 1257 275 1316 iu
293 1269 422 1314 amorem
444 1254 497 1312 sni.
519 1284 562 1294 —
588 1252 643 1311 Est
666 1257 696 1312 et
717 1253 820 1326 pietati
842 1269 895 1312 sua
914 1252 1049 1326 libertas,
1068 1253 1121 1313 sed
1143 1269 1287 1326 nunquam
1309 1269 1367 1311 non
1391 1267 1459 1310 con-

243 1359 304 1419 dita
338 1359 425 1418 melle
455 1357 592 1416 caritatis.
645 1356 761 1428 Quoad
794 1357 885 1416 licet
918 1356 1095 1430 parcendum
1126 1361 1172 1416 111
1200 1357 1237 1414 iis
1269 1357 1318 1430 qui
1346 1371 1459 1416 summa

242 1462 414 1537 publicaque
438 1461 598 1536 funguutur
620 1460 802 1520 auctoritate.
847 1459 948 1520 Sires
970 1465 1070 1534 poscet
1089 1461 1255 1535 saevitiam,
1277 1460 1371 1534 magis
1393 1475 1459 1518 sae-

241 1565 376 1627 viendum
399 1567 430 1624 in
450 1581 515 1639 eos,
541 1565 591 1638 qui
613 1563 794 1642 Pontificum,
825 1565 1022 1638 episcoporum
1044 1571 1096 1624 ant
1117 1565 1281 1638 principum
1302 1563 1393 1622 titulis
1417 1563 1457 1622 ad

240 1687 307 1732 anas
327 1669 501 1744 cupiditates
524 1669 691 1743 abutuntur,
722 1684 809 1742 quam
831 1669 862 1726 in
883 1669 961 1742 ipsos
983 1664 1130 1743 procerae
1172 1669 1236 1727 Nec
1259 1673 1459 1726 1111111111-

241 1774 377 1836 viandum
406 1775 437 1832 in
464 1773 582 1832 ordines
608 1774 769 1847 hominum,
800 1771 937 1831 adversus
965 1773 1030 1832 illos
1059 1774 1151 1848 magis
1180 1772 1378 1846 clamandum,
1408 1771 1459 1844 qui

241 1881 300 1940 ania
321 1879 399 1938 vitiis
421 1878 553 1952 ordines,
584 1878 691 1951 alioqui
712 1878 892 1950 praeclaros,
920 1877 1123 1937 dehonestant
1169 1877 1303 1936 Inutiliua
1322 1873 1459 1934 111111111-

241 2001 312 2044 nare
338 1983 469 2057 publicas
496 1982 624 2056 scholas,
651 1997 738 2057 quam
763 1981 893 2040 indicare
924 1981 993 2055 quid
1022 1981 1060 2040 ab
1090 1981 1133 2044 bis
1153 1981 1282 2040 resecari
1304 1978 1459 2038 1111111111

242 2095 293 2148 111
323 2086 392 2162 qnid
423 2085 559 2160 expediat
585 2083 663 2145 addi.
707 2085 772 2144 Non
800 2103 901 2160 parum
928 2091 1025 2144 autem
1047 2084 1184 2159 ponderis
1212 2083 1301 2143 addet
1331 2083 1457 2142 orationi

241 2197 323 2264 tuae,
346 2192 371 2249 ei
391 2206 466 2264 quae
489 2190 576 2250 doces
598 2190 776 2264 potissimum
799 2205 835 2248 ex
856 2190 970 2249 arcanis
990 2189 1181 2248 voluminibus
1196 2187 1326 2262 haurias,
1348 2186 1373 2244 si
1395 2186 1458 2245 vita

242 2295 392 2355 doctrinae
410 2293 610 2368 responderit,
632 2295 657 2352 ai
680 2293 802 2352 docendi
824 2291 949 2352 officium
971 2294 1051 2352 nulla
1072 2293 1196 2367 gloriae,
1220 2291 1299 2350 nulla
1320 2297 1457 2364 quaestus

242 2399 403 2472 suspicione
431 2397 560 2458 vitietur.
606 2396 669 2455 Vim
698 2403 784 2470 atque
808 2397 955 2472 energiam
979 2396 1083 2472 addet,
1113 2397 1138 2454 11
1159 2411 1347 2468 quaecunque
1369 2394 1458 2454 doces

243 2503 384 2562 amaveris
410 2518 448 2560 ex
473 2503 587 2574 animo,
616 2501 641 2558 si
670 2499 707 2560 ad
725 2499 880 2559 (1111111111
903 2518 961 2560 non
983 2517 1002 2559 a
1024 2502 1235 2574 compotatione
1257 2505 1308 2558 aut
1329 2495 1460 2572 prolenis

244 2605 407 2678 colloquiis,
436 2603 488 2664 sed
509 2603 546 2663 ab
569 2603 709 2663 altissima
731 2604 900 2676 precatione
923 2609 953 2664 te
976 2605 1150 2676 contuleris,
1167 2608 1199 2663 ut
1219 2602 1256 2663 ad
1278 2601 1460 2663 inflamman-

243 2708 296 2768 doa
321 2709 441 2768 aliorum
470 2708 581 2766 animm
608 2707 670 2780 ipse
700 2707 806 2766 ardena
836 2709 968 2768 accedas.
1018 2707 1076 2767 Sed
1104 2725 1159 2768 nae
1187 2723 1242 2782 ego
1273 2707 1345 2768 haec
1372 2707 1461 2766 ulmis

244 2813 335 2872 multa
356 2811 395 2872 ad
416 2817 463 2884 te,
486 2827 504 2871 a
526 2828 581 2886 quo
605 2813 695 2886 magis
718 2827 798 2870 eram
820 2812 882 2885 ipse
904 2809 1095 2872 docendus.‘¹

331 2916 467 2976 Dubitari
492 2933 551 2976 nou
576 2920 685 2991 potest,
712 2916 782 2989 quin
809 2915 948 2974 Eraamrm
976 2916 1115 2992 ejusmodi
1139 2916 1329 2990 flagrantibus
1362 2914 1461 2974 verbis

245 3022 481 3098 sapientibusque
510 3020 638 3080 consiliis
662 3021 782 3080 11111111
802 3021 925 3093 iuvenes
948 3021 1026 3080 haud
1048 3037 1155 3094 paucos
1177 3021 1214 3081 ad
1233 3018 1461 3094 praedicandum

244 3128 426 3201 evangelium
460 3125 632 3186 excitaverit
662 3132 693 3185 et
724 3125 875 3200 adjuverit.
928 3125 1045 3184 Etenim
1078 3126 1218 3200 epistolae
1243 3127 1320 3199 ejus,
1352 3123 1459 3198 partim

243 3232 305 3305 ipso
332 3232 423 3291 inscio
450 3235 481 3288 et
502 3230 605 3305 invito,
633 3231 709 3304 typis
732 3228 961 3302 excudebantur;
986 3234 1141 3302 praeterea
1164 3245 1263 3289 eorum
1285 3244 1360 3303 quae
1381 3231 1462 3286 attu-

244 3336 328 3394 limus
357 3335 462 3394 similia
483 3335 650 3408 saepissime
674 3341 704 3394 ct
725 3351 780 3408 per
802 3334 976 3408 colloquium
1000 3339 1030 3391 et
1052 3333 1083 3392 in
1105 3334 1220 3408 scriptis
1242 3334 1301 3392 auis
1322 3330 1460 3406 prodidit

245 3437 326 3496 idem
358 3453 434 3496 anuo
462 3437 577 3496 demum
606 3443 675 3498 ante
702 3444 823 3497 mortem
852 3437 888 3497 de
919 3439 1032 3497 ratione
1063 3437 1252 3498 concionandi
1283 3438 1462 3512 peculiarem

245 3541 350 3600 librum
380 3540 550 3616 publicavit,
580 3542 626 3600 cui
655 3542 769 3600 titulum
797 3543 943 3616 inscripsit
974 3542 1185 3618 ,Ecclesiastes
1215 3543 1275 3602 sive
1306 3542 1461 3602 conciona-

245 3649 292 3706 tor
321 3643 523 3718 evaugelicua‘
572 3643 606 3702 Iu
628 3645 772 3705 nonnullis
794 3661 906 3720 eorum,
937 3662 1008 3719 quos
1037 3646 1076 3706 ad
1101 3646 1328 3706 concionandum
1351 3646 1462 3706 arcita-

245 3755 340 3825 verat,
367 3748 486 3810 videbat
516 3764 591 3822 quae
619 3748 676 3823 ipsi
713 3765 771 3808 non
799 3750 964 3824 placerent3
994 3751 1199 3810 tumultuosam
1225 3750 1368 3826 quandam
1397 3750 1463 3808 elo·
1582 3749 1583 3816 1

244 3854 392 3929 quantiam
422 3852 579 3927 pullulasse
612 3857 731 3926 questus
761 3859 841 3928 erat,
871 3854 932 3927 jam
963 3859 1032 3912 tunc
1063 3855 1246 3930 evangelicos
1281 3871 1299 3913 a
1326 3853 1462 3914 Romarm

244 3958 371 4018 ecclesia
398 3957 527 4018 exclusos
554 3957 784 4034 vituperaverat,
814 3959 891 4032 qnod
918 3959 1048 4018 nonnulli
1077 3961 1108 4018 in
1136 3959 1216 4018 cultu
1243 3959 1339 4018 divino
1367 3959 1460 4017 solum

244 4061 308 4122 iere
333 4064 427 4122 locum
455 4061 666 4138 praedicationi
692 4061 824 4136 publicae
852 4064 1017 4136 relinquere
1045 4063 1216 4123 viderentur
1244 4069 1275 4123 at
1303 4063 1411 4122 idcirco
1440 4077 1461 4122 a

245 4166 455 4228 concionatoris
484 4166 581 4226 indole
602 4167 687 4226 nimis
707 4168 763 4242 ipsi
785 4169 956 4242 penderent.
1002 4166 1060 4226 Sed
1086 4169 1177 4228 nihilo
1199 4169 1293 4228 minus
1315 4168 1462 4241 insignem

245 4275 276 4330 et
295 4270 470 4345 singularem
487 4271 711 4345 praedicationis
726 4273 914 4346 evangelicae
930 4271 1100 4347 dignitatem
1115 4271 1231 4334 fortiter
1246 4277 1277 4331 et
1292 4275 1463 4332 constanter

244 4375 374 4436 tenebat.
426 4375 521 4462 Quare
557 4376 640 4434 initio
668 4377 744 4436 illino
773 4376 841 4436 libri
874 4392 978 4436 1111111
1008 4377 1219 4436 concionatoris
1250 4375 1400 4435 christiani
1426 4381 1464 4434 ut

334 4599 360 4666 1)
378 4599 445 4664 app.
466 4599 496 4664 v,
515 4605 548 4650 aa
560 4599 616 4667 (11)
635 4615 657 4656 a.
682 4605 756 4654 rora.
