3222 5034
217 500 372 576 juverunt,
404 517 496 577 quum
528 500 648 562 fanatici
679 502 814 564 homines
845 502 953 562 liberos
985 502 1016 562 vi
1048 501 1161 580 eripere
1193 503 1220 562 ei
1252 507 1282 562 et
1309 522 1327 562 a
1353 504 1448 581 patria

220 607 363 684 religione
389 607 554 668 abalienare
582 609 741 670 studerent.
790 609 944 687 Oopernici
972 610 1009 669 de
1035 613 1130 668 terrae
1156 615 1238 670 motu
1261 612 1447 686 sententiam,

220 714 291 774 licet
313 715 401 774 etiarn
424 715 502 775 inter
519 715 719 777 Protestantes
742 717 882 777 acerrime
904 717 1120 794 impugnatam,
1144 722 1243 777 tamen
1265 717 1396 794 profiteri
1418 725 1449 778 et

220 822 377 882 defendere
407 823 524 898 licebat,
556 823 587 882 vi
614 841 679 883 eam
711 825 838 902 opprimi
865 843 904 885 ne
930 825 953 884 ii
981 825 1100 902 quidem
1127 825 1277 900 volebant,
1309 824 1362 903 qui
1388 826 1447 884 Im-

220 930 359 1007 peratori,
382 929 562 990 Jesuitarum
585 931 691 1007 amice,
716 949 734 991 a
756 932 889 992 consiliis
912 937 1002 992 erant
1049 930 1146 1006 Quare
1168 931 1327 1010 Keplerus,
1355 951 1447 1010 quum

220 1037 363 1096 invitatus
390 1041 470 1098 esset
496 1041 531 1097 ut
557 1039 590 1097 in
617 1038 716 1099 locum
744 1039 866 1100 Antonii
893 1039 1018 1116 Magini,
1045 1039 1221 1118 professoris
1248 1039 1448 1100 mathematici

220 1145 428 1219 Bononiensis,
457 1145 518 1204 vita
540 1145 685 1220 defuncti,
712 1147 764 1224 qui
787 1147 985 1207 amicissimus
1014 1147 1042 1206 ei
1064 1147 1173 1222 fuerat,
1201 1147 1384 1222 succederet,
1411 1147 1447 1206 ad

221 1252 327 1312 missas
354 1252 665 1313 honorificentissimas
692 1253 807 1314 litteras
834 1254 999 1332 respondit,
1028 1271 1075 1330 ,se
1096 1254 1185 1314 unice
1207 1254 1328 1332 quidem
1351 1255 1447 1332 suspi-

220 1378 286 1420 cere
309 1363 397 1437 atque
420 1360 516 1420 colere
538 1359 701 1420 Bononiam
725 1363 857 1420 omnium
884 1361 1099 1422 academiarum
1122 1361 1298 1439 metropolin
1319 1379 1448 1439 vereque

221 1472 344 1527 matrem
372 1467 548 1542 studiorum,
580 1473 680 1528 tamen
707 1486 745 1528 ne
772 1469 844 1528 vitio
872 1469 929 1529 sibi
956 1471 1099 1544 vortatui,
1132 1469 1158 1528 si
1186 1473 1248 1528 tam
1275 1468 1449 1545 splendidae

221 1575 388 1634 invitationi
414 1592 474 1634 non
502 1576 724 1652 obsequeretur;
758 1593 791 1636 se
823 1577 903 1636 enim
934 1576 1053 1636 natione
1084 1575 1241 1654 animoque
1269 1575 1448 1637 Germanum

220 1701 286 1743 csse
314 1687 343 1741 et
370 1687 404 1741 ut
431 1681 611 1742 Germanum
638 1701 672 1742 ea
699 1683 834 1743 libertate
862 1703 977 1744 morum
1004 1689 1034 1744 et
1062 1683 1206 1744 sermonis
1233 1701 1334 1758 usum,
1362 1683 1449 1760 cujus

221 1789 402 1850 consuetudo
426 1789 482 1849 sibi
500 1789 662 1850 Bononiam
680 1792 846 1850 transeunti
864 1792 1027 1852 adhaerens
1045 1791 1133 1851 facile
1151 1791 1177 1850 si
1196 1809 1256 1850 non
1274 1791 1449 1869 periculum,

222 1897 327 1958 saltem
349 1901 450 1956 notam
472 1897 602 1975 aliquam
625 1898 752 1973 causari,
781 1898 965 1976 suspiciones
993 1898 1110 1959 concire
1137 1915 1228 1976 seque
1252 1897 1449 1974 Ooryneorum
1490 1963 1493 1968 ,
1598 1903 1599 1998 l

221 2005 416 2066 delationibus
439 2005 598 2065 obnoxium
621 2005 742 2066 reddere
764 2023 853 2084 posse
875 2005 1061 2066 videretm.‘¹

328 2112 443 2187 Quanta
465 2113 498 2172 in
520 2112 606 2172 Italia
631 2113 764 2190 pericula
790 2117 890 2174 essent
912 2113 1105 2173 vindicandae
1127 2113 1274 2188 veritatis,
1301 2112 1450 2190 Keplerur

219 2222 281 2298 jam
304 2221 397 2281 multo
420 2225 488 2281 ante
512 2225 680 2298 compertus
703 2226 777 2296 erat,
801 2239 893 2300 quum
916 2221 1046 2298 primum
1069 2239 1123 2298 per
1144 2220 1258 2281 litteras
1281 2239 1350 2282 cum
1369 2219 1450 2281 Gali-

221 2329 284 2390 laeo
307 2333 413 2406 ageret.
461 2327 518 2402 Qui
545 2328 592 2387 illi
618 2329 788 2405 promisso
815 2347 869 2406 per
890 2328 1018 2388 Paulum
1041 2329 1254 2404 Ambergerum
1282 2328 1451 2404 ,prodromo

221 2436 460 2496 dissertationum
490 2436 809 2512 cosmographicarum‘
841 2437 950 2512 gratias
982 2435 1010 2496 ei
1041 2435 1143 2496 retulit
1175 2453 1264 2513 quam
1295 2435 1449 2510 maximas,

222 2544 314 2620 ,quod
335 2543 388 2602 tali
410 2549 582 2618 argumento
606 2560 638 2602 se
660 2543 694 2601 in
716 2561 801 2603 suam
823 2543 982 2604 amicitiam
1009 2561 1169 2603 convocare
1191 2547 1271 2603 esset
1292 2542 1449 2619 dignatis!

222 2650 414 2726 Sommcpero
441 2649 605 2725 gratulatus
633 2649 690 2708 sibi
718 2654 776 2726 est,
809 2651 900 2727 ,quod
927 2655 1043 2710 tantum
1074 2650 1107 2709 in
1134 2649 1301 2726 indaganda
1327 2647 1450 2710 veritate

222 2756 334 2816 socium
361 2757 481 2816 haberet
508 2755 639 2832 adeoque
666 2756 761 2832 ipsius
789 2757 921 2817 veritatis
949 2758 1094 2818 amicum‘
1141 2757 1198 2818 Sed
1226 2757 1338 2816 addidit
1364 2757 1448 2817 haec:

222 2863 402 2940 ,Miser-abile
433 2868 479 2923 est
510 2863 582 2923 adeo
609 2880 689 2922 raros
721 2881 787 2924 esse
813 2865 947 2925 veritatis
979 2865 1127 2925 studiosos
1159 2869 1189 2924 et
1216 2864 1268 2942 qui
1295 2883 1355 2923 non
1383 2883 1449 2942 per-

221 2989 337 3031 versam
355 2971 583 3049 philoscphandi
601 2971 745 3031 rationem
763 2977 986 3050 prosequantur.
1031 2973 1072 3031 At
1088 2991 1148 3032 non
1166 2971 1337 3049 deplorandi
1356 2972 1449 3031 seculi

223 3080 316 3140 nostri
339 3079 474 3139 miserias
497 3078 546 3138 hic
567 3078 651 3139 locus
674 3083 733 3154 est,
757 3080 808 3140 sed
828 3085 926 3140 tecum
945 3079 1169 3156 congratulandi
1187 3079 1223 3139 de
1241 3077 1450 3156 pulcherrimis

221 3188 254 3246 in
276 3187 409 3247 veritatis
432 3187 682 3247 confirmationem
704 3187 842 3247 inventis.
883 3187 1029 3264 Equidem
1046 3187 1079 3245 in
1098 3185 1253 3263 Gopernici
1272 3185 1449 3246 sententiam

222 3294 325 3354 multis
348 3295 456 3354 abhinc
478 3294 563 3354 annis
587 3294 654 3354 veni
682 3297 770 3371 atque
793 3313 831 3354 ex
854 3293 907 3353 tali
930 3294 1076 3372 positione
1103 3293 1262 3352 multorum
1287 3293 1375 3353 etiam
1398 3311 1449 3351 na-

222 3401 362 3460 turalium
391 3402 549 3461 effectuum
576 3419 682 3461 causae
708 3419 726 3459 a
748 3419 796 3460 me
823 3405 895 3460 sunt
921 3401 1108 3476 adinventae,
1137 3418 1212 3477 quae
1235 3400 1323 3460 dubio
1346 3399 1450 3476 procul

222 3527 276 3585 per
298 3525 484 3568 communem
511 3507 701 3584 hypothesim
728 3507 953 3585 inexplicabiles
976 3511 1054 3568 sunt.
1100 3507 1211 3567 Multas
1233 3507 1398 3584 conscripsi
1420 3511 1451 3566 et

221 3615 349 3674 rationes
377 3618 407 3674 et
433 3619 674 3690 argumentorum
707 3615 739 3672 in
767 3615 946 3674 contrarium
978 3615 1158 3689 eversiones,
1191 3631 1265 3691 quas
1292 3618 1389 3674 tamen
1417 3613 1450 3672 in

222 3723 320 3782 hirom
346 3721 501 3798 hucusque
532 3722 663 3798 proferre
693 3739 754 3780 non
786 3739 852 3781 sum
885 3739 989 3796 ausus,
1021 3723 1139 3781 fortuna
1169 3721 1266 3799 ipsius
1295 3720 1449 3798 Goperniei

222 3829 420 3908 praeceptoris
443 3830 536 3888 nostri
559 3829 746 3906 perterritus:
771 3829 822 3906 qui
845 3827 916 3888 licet
937 3829 993 3889 eibi
1016 3829 1095 3906 apud
1117 3829 1233 3906 aliquos
1255 3828 1450 3888 immortalem

222 3939 330 3997 famam
359 3937 518 4014 paraverit,
550 3936 630 4013 apud
661 3937 793 3996 infinitos
825 3941 924 3996 tamen
956 3935 1071 4016 (tantus
1104 3935 1183 3996 enim
1215 3941 1261 3995 est
1293 3935 1450 3996 stultorum

222 4043 378 4122 numerus)
411 4043 554 4103 ridendus
582 4048 612 4103 et
639 4043 842 4120 explodendus
869 4043 985 4120 prodiit.
1036 4043 1184 4103 Auderem
1211 4043 1342 4120 profecto
1369 4060 1451 4102 meas

223 4151 414 4228 cogitationes
442 4169 588 4228 promere,
620 4151 648 4210 si
673 4151 776 4227 plures
803 4150 906 4228 quales
933 4154 967 4210 tu
994 4169 1026 4211 es
1054 4155 1217 4210 exstarent:
1246 4155 1278 4210 at
1300 4167 1368 4210 cum
1391 4167 1450 4208 non

223 4259 295 4334 sint,
323 4257 493 4334 hujusmodi
519 4257 637 4334 negotio
665 4255 898 4334 supersedebo.‘1
947 4257 984 4317 In
1011 4257 1091 4318 calce
1118 4241 1261 4336 epistolae
1289 4255 1451 4334 Keplerum

222 4365 259 4424 ad
282 4365 398 4425 crebras
420 4365 535 4426 litteras
556 4364 723 4424 invitavit.²

330 4522 357 4589 1)
376 4519 485 4589 Kepleri
503 4519 630 4589 epistolae
653 4537 678 4589 p.
694 4519 746 4574 642
761 4535 782 4574 s.
802 4521 836 4590 (a.
852 4519 1014 4590 MDOXVI.)

330 4609 357 4678 2)
376 4608 407 4662 Id
426 4625 461 4662 ex
478 4609 587 4680 Kepleri
605 4624 731 4678 responso
749 4609 818 4663 infra
835 4609 942 4664 laudato
960 4609 1090 4664 videmus.
