3156 5056
238 307 289 360 196
717 311 821 360 Pnnrrs
840 311 957 359 Pnronns

235 523 305 582 bere
326 541 411 597 posse
434 526 602 599 saepissime
626 526 746 584 monuit.
792 525 908 598 Adjeoit
930 542 987 583 non
1009 527 1103 583 minus
1123 525 1154 582 in
1174 525 1345 599 nnag‘stratu
1365 524 1455 597 civili,

235 646 319 701 quam
342 630 373 686 in
395 646 515 688 munere
542 631 752 702 ecclesiastico,
782 632 926 702 quantivis
947 631 1000 688 lroc
1022 629 1232 689 aestimandum
1254 635 1346 702 esset,
1377 629 1455 686 chri-

234 736 347 793 stianae
378 735 456 793 vitae
484 733 694 807 perfectionem
717 751 801 808 posse
825 735 1004 794 illucescere.
1049 734 1153 808 Neque
1176 735 1252 792 enim
1275 733 1453 808 singulorum

234 845 346 896 tantum
377 839 524 897 hominurn
555 840 693 912 salutem,
722 855 822 897 verum
852 840 940 898 etiam
968 839 1066 896 omnia
1095 839 1277 896 sanctissima
1304 838 1455 896 societatis

234 944 377 1002 humanae
397 944 512 1002 vincula
531 945 707 1017 respiciebat
729 927 883 1001 botherus.
928 943 968 1002 Ut
990 941 1129 1001 familiam
1151 947 1240 1015 atque
1263 942 1385 1014 amicos,
1409 941 1454 998 ita

233 1053 293 1106 tum
324 1049 472 1106 civitatem
503 1065 597 1122 suam,
629 1049 658 1105 in
681 1051 762 1121 cujus
783 1049 877 1106 tutela
899 1053 979 1122 erat,
1007 1053 1069 1106 tum
1090 1049 1215 1121 patriam
1240 1047 1454 1118 Germanicam,

233 1157 292 1212 tnm
324 1153 488 1212 universam
518 1170 632 1226 quoque
664 1147 708 1232 (id
736 1153 812 1225 qnod
843 1155 942 1226 plures
972 1155 1034 1226 ejus
1064 1153 1156 1211 libelli
1181 1146 1352 1230 ostendunt)
1376 1169 1455 1210 rem·

233 1259 376 1331 publicam
406 1257 595 1316 christianam
626 1258 740 1316 sincero
769 1259 864 1316 studio
894 1257 1131 1330 amplectebatur.
1177 1257 1354 1329 Quamquam
1376 1255 1454 1312 bane

234 1363 372 1420 Erasmus
403 1380 468 1420 cum
499 1368 541 1420 tot
571 1363 687 1436 optimis
711 1364 856 1421 variarum
883 1365 1014 1435 gentium
1045 1363 1116 1420 viris
1145 1379 1198 1435 per
1227 1363 1332 1419 multos
1362 1377 1454 1418 annos

235 1467 396 1524 arctissime
433 1469 602 1539 coniunctus
635 1468 715 1540 qnasi
750 1469 980 1540 praesentiorem
1016 1467 1151 1524 babebat.
1211 1466 1257 1524 Ad
1291 1466 1454 1524 accuratius

232 1571 422 1642 judicandum
446 1572 482 1630 de
506 1571 685 1644 publicarum
709 1589 806 1630 rerum
829 1573 1010 1642 condicione,
1033 1573 1126 1644 qualis
1149 1587 1201 1628 suo
1222 1577 1352 1644 tempore
1378 1573 1454 1640 erat,

236 1675 330 1746 deque
362 1675 398 1732 iis
426 1675 509 1748 viris,
533 1677 580 1748 qni
609 1676 667 1733 illis
694 1677 829 1750 gerendis
851 1682 921 1734 tune
947 1681 1117 1749 praeerant,
1146 1675 1292 1733 Lntberus
1315 1675 1454 1748 paulatim

236 1778 350 1837 demum
383 1779 461 1836 vitae
491 1780 672 1852 experientia
693 1780 864 1840 informatos
888 1788 941 1838 est.
986 1781 1173 1854 Quantopere
1196 1779 1369 1838 observandi
1392 1779 1453 1836 ala-

235 1884 341 1942 critate
365 1887 396 1942 et
418 1885 578 1958 sagacitate
602 1891 670 1942 tnnc
694 1873 875 1958 excelluerit,
894 1888 956 1958 jam
979 1901 1018 1942 ex
1040 1903 1098 1944 una
1123 1885 1225 1958 psalmi
1249 1883 1401 1942 centesimi
1423 1889 1455 1940 et

233 1987 340 2048 unius¹
363 1989 604 2062 interpretatione
627 1991 860 2064 praeclarissima
883 1991 983 2049 nidere
1006 1990 1083 2048 licet.

322 2111 509 2170 Pervenimus
533 2113 569 2170 ad
593 2129 656 2170 eam
680 2113 789 2185 ingenii
811 2112 1043 2186 amplitudinem,
1065 2129 1123 2185 qua
1143 2111 1302 2169 Lutbemm
1327 2109 1363 2167 ad
1387 2126 1452 2182 pro

234 2217 382 2273 vehendas
414 2217 623 2274 diversissimas
658 2217 804 2274 doctrinas
840 2223 870 2275 et
899 2223 991 2290 artes,
1027 2217 1062 2273 ad
1097 2214 1284 2273 excolendum
1316 2212 1452 2287 quidquid

234 2320 375 2393 ejusmodi
400 2322 429 2378 in
453 2322 597 2379 humanae
622 2327 743 2379 naturae
763 2321 871 2379 viribus
887 2323 1010 2394 positum
1027 2327 1086 2393 est,
1110 2321 1282 2393 permultum
1301 2319 1451 2390 adjuvasse

234 2430 364 2496 apparet.
413 2425 494 2495 Quod
518 2427 563 2482 vel
585 2442 637 2483 suo
661 2428 792 2499 exemplo
815 2427 861 2483 vel
886 2427 1007 2484 aliomm
1032 2425 1141 2482 animos
1160 2423 1307 2481 incitando
1322 2423 1451 2496 perfecit.

234 2528 328 2599 Atque
359 2530 414 2586 bac
446 2545 478 2585 re
508 2529 620 2586 Erosmi
653 2531 813 2588 simillimus
842 2537 894 2588 est.
941 2531 985 2588 Ab
1009 2529 1123 2601 eodem,
1156 2529 1232 2601 qnod
1254 2529 1291 2586 ad
1314 2529 1451 2585 classicae

234 2632 417 2703 antiquitatis
441 2633 536 2690 studia
559 2633 699 2708 pertinet,
723 2639 800 2692 totus
823 2635 944 2708 pendet,
967 2641 1034 2692 sunt
1056 2634 1196 2706 quaedam
1220 2633 1368 2704 inquibus
1388 2649 1451 2690 enm

234 2741 368 2808 snperat3
407 2737 538 2808 inprimis
575 2737 604 2793 id
639 2739 729 2810 ipsius
758 2740 919 2814 proprium,
955 2738 1031 2811 quod
1056 2737 1094 2796 ad
1122 2736 1323 2795 adducendum
1350 2753 1451 2794 norum

235 2839 475 2898 Germanicarum
501 2841 665 2899 litterarum
697 2858 800 2900 aevum
829 2844 982 2916 plurimum
1006 2843 1136 2900 eontulit.
1182 2842 1312 2912 Uterque
1336 2840 1452 2897 humani

234 2945 347 3018 ingenii
369 2946 459 3018 vires,
486 2951 622 3018 quantum
647 2945 710 3005 fieri
732 2952 840 3020 potest,
868 2965 975 3021 angere
1000 2953 1030 3005 et
1053 2947 1244 3018 multiplicare
1268 2945 1378 3017 studet,
1401 2943 1453 3000 sed

234 3050 277 3108 ita
306 3056 337 3107 nt
367 3049 472 3109 Christi
499 3069 589 3124 regno
619 3053 687 3110 illae
718 3068 818 3109 omnes
846 3053 1022 3126 inserviant3
1054 3057 1097 3108 tot
1119 3051 1257 3108 doctrinis
1285 3049 1452 3121 artibusque
1497 3089 1500 3094 -

235 3157 364 3229 singulos
394 3157 525 3214 homines
558 3157 594 3215 ad
625 3157 839 3230 adipiscendam
871 3157 994 3214 salutem
1027 3173 1129 3214 carere
1157 3171 1255 3228 posse,
1289 3155 1453 3212 universam

235 3261 390 3318 ecclesiam
421 3278 522 3320 carere
555 3263 590 3320 iis
621 3281 678 3321 non
709 3261 817 3321 debere
853 3261 1044 3334 contendunt,
1076 3266 1174 3334 spreto
1200 3257 1313 3317 Christo
1340 3273 1453 3315 omnem

236 3364 428 3420 eruditionem
460 3371 490 3422 et
518 3367 658 3424 culturam
691 3365 814 3440 frigere,
848 3367 935 3423 immo
965 3365 1089 3438 perdere
1121 3365 1251 3422 homiues
1281 3379 1451 3435 persuasum

234 3465 352 3524 liabent.
402 3468 434 3524 ld
457 3485 570 3540 quoque
594 3471 745 3542 utriusque
766 3471 820 3527 viri
844 3487 992 3529 commone
1016 3470 1091 3544 quod
1117 3485 1260 3540 errorem,
1291 3467 1455 3538 stultitiam,

235 3569 435 3641 stupiditatem
461 3574 548 3630 etiam
572 3573 719 3632 irridendo
739 3576 909 3647 impugnare
930 3593 985 3634 non
1007 3574 1153 3645 dubitant,
1176 3573 1315 3630 Erasmus
1336 3571 1453 3630 facetiis

235 3673 356 3748 Atticm,
381 3677 575 3750 elegantibus,
599 3679 629 3734 in
651 3695 684 3736 re
709 3679 786 3736 seria
808 3679 892 3736 nimis
912 3680 1055 3737 interdum
1073 3679 1206 3748 ludicris,
1231 3677 1376 3735 Lntherus
1391 3675 1454 3732 sale

235 3780 342 3852 passim
373 3782 485 3840 acriore
514 3787 544 3840 et
569 3783 738 3856 agrestiore.
784 3784 917 3856 Denique
940 3784 1033 3858 idem,
1062 3783 1138 3856 quod
1162 3783 1198 3839 de
1221 3781 1344 3838 Erasmo
1366 3795 1455 3850 supra

235 3887 533 3960 commemoravimus,
553 3887 589 3945 de
613 3887 741 3946 Lutbero
764 3889 848 3947 nobis
870 3887 1023 3947 dicendum
1048 3893 1107 3961 est,
1131 3905 1187 3959 quo
1206 3887 1296 3958 magis
1320 3884 1400 3941 varia
1423 3887 1455 3938 et

236 3990 351 4049 diversa
375 3991 451 4051 dona
474 3991 553 4050 Deus
577 3993 721 4051 interdum
745 3995 774 4050 in
798 4011 854 4052 uno
877 4010 980 4066 magno
996 3994 1057 4050 viro
1073 3994 1226 4064 conjuncta
1242 4005 1306 4046 esse
1323 3987 1455 4055 noluerit,

238 4109 274 4152 eo
297 4093 442 4154 difficilius
469 4097 535 4155 huic
561 4115 625 4156 esse
652 4099 748 4156 omnia
774 4099 816 4156 ita
841 4104 1023 4172 temperare,
1055 4103 1086 4154 ut
1112 4097 1148 4153 ud
1178 4101 1285 4152 certam
1310 4091 1454 4166 (quandam

239 4199 473 4270 aequabilitatem
505 4211 535 4261 et
564 4205 644 4276 quasi
677 4211 847 4262 concentum
878 4203 1065 4274 conveniant,
1092 4203 1223 4274 justitiae
1248 4204 1277 4256 et
1299 4195 1455 4269 aequitatis

237 4320 302 4362 esse
325 4309 384 4363 tam
409 4307 535 4380 insignia
555 4307 612 4365 Dei
643 4323 754 4380 organa
782 4307 838 4365 uon
869 4307 1023 4365 secundnm
1054 4322 1090 4364 ea
1119 4322 1193 4377 quae
1224 4305 1358 4360 assecuta
1385 4299 1452 4368 sint,

327 4609 351 4674 1)
371 4608 513 4659 Secundum
533 4611 679 4671 Hebraeoa3
698 4611 725 4660 in
745 4611 860 4662 versione
880 4613 949 4662 Alex.
968 4619 994 4662 et
1013 4611 1088 4676 Vulg.
1108 4619 1147 4662 est
1165 4627 1203 4676 ps.
1219 4611 1245 4661 (l.
