3194 5042
695 330 782 385 Carus
801 330 833 384 V.
1327 332 1378 386 155

151 533 353 608 humanistae,
376 534 428 612 qui
451 533 603 609 dicuntur,
627 533 782 594 classicam
800 534 984 612 antiquitatis
1002 533 1137 610 linguam
1155 533 1192 593 ad
1210 538 1380 610 praesentes

152 659 256 702 causas
275 645 306 702 et
321 642 549 719 disceptationes
564 643 717 718 ingeniose
731 642 992 702 accommodantes.
1029 641 1112 701 Inter
1125 658 1200 719 quos
1214 639 1379 716 Erasmum,

151 767 325 826 magnorum
356 749 485 808 virorum
514 749 649 826 vestigiis
677 750 858 826 ingressum,
892 749 982 826 longe
1009 749 1145 809 omnibus
1172 748 1380 808 antecelluisse

152 856 291 916 vidimus.
339 855 435 930 Quare
457 875 525 916 eum
548 875 619 934 prae
640 857 746 917 ceteris
769 857 964 917 recentiorum
983 861 1149 934 temporum
1167 856 1279 932 ingenii
1297 873 1380 934 prae-

152 982 302 1025 cursorem
317 969 347 1024 et
360 965 467 1024 ducem
481 963 587 1039 fuisse,
607 965 740 1040 insignes
755 964 875 1042 quidam
889 965 1047 1042 scriptores
1061 963 1273 1040 Franoogallioi
1286 981 1381 1041 nuper

155 1071 422 1150 praedicaverunt.1
454 1071 533 1131 illud
553 1072 652 1149 ipsum
669 1071 811 1131 nimimm
828 1071 1023 1132 recentiorum
1041 1077 1207 1149 temporum
1219 1070 1381 1147 ingenium,

151 1181 242 1240 etiam
271 1179 323 1239 ubi
350 1179 522 1256 vulgaribus
550 1179 663 1256 linguis
690 1179 876 1258 loquebatur,
910 1185 1025 1257 praeter
1051 1179 1094 1254 id,
1127 1179 1206 1257 quod
1237 1179 1381 1256 cujusque

78 1297 82 1306 '
155 1287 260 1365 populi
283 1288 436 1364 proprium
463 1291 538 1362 erat,
566 1287 677 1365 ubique
700 1287 841 1348 classicae
867 1287 1053 1364 antiquitatis
1079 1287 1194 1364 aliquid
1216 1286 1381 1344 admixtum

152 1395 209 1455 sibi
231 1395 363 1454 habebat.
406 1394 624 1472 Europaearum
648 1413 716 1454 vero
739 1395 872 1472 gentium
895 1395 970 1454 aliae
993 1399 1060 1472 post
1081 1394 1155 1454 alias
1174 1393 1211 1452 ad
1230 1411 1380 1452 summum

57 1511 60 1514 '
151 1502 379 1562 excolendamm
393 1502 557 1562 litterarum
577 1502 744 1580 artiumque
762 1503 915 1579 fastigium
933 1506 1144 1580 pervenerunt3
1164 1500 1238 1560 aliae
1256 1500 1380 1560 aliarum

152 1609 300 1687 exemplis
322 1610 523 1687 profecerunt3
551 1609 647 1670 aliena
669 1610 811 1670 imitando
834 1615 867 1670 et
886 1610 939 1669 illa
961 1615 992 1670 et
1014 1627 1068 1670 sua
1089 1609 1255 1670 accuratius
1278 1608 1381 1684 digno-

152 1735 234 1778 scere
252 1717 426 1777 didicerunt.
465 1717 515 1777 Sic
534 1717 626 1794 igitur
640 1717 860 1795 progredientes
880 1717 970 1778 simul
987 1718 1021 1776 in
1039 1717 1090 1793 iis,
1110 1734 1185 1796 quae
1202 1716 1234 1775 in
1252 1715 1380 1794 antiqui·

151 1825 222 1884 tatis
241 1825 441 1885 monumentis
457 1843 528 1907 pera
544 1824 717 1885 humaniora
735 1825 925 1900 exhibentur,
944 1825 1022 1885 vitae
1036 1825 1154 1885 habitae
1167 1823 1380 1901 amplectendis

151 1937 182 1993 et·
203 1931 393 2010 penetrandis
416 1933 684 2010 progrediebantur.

259 2039 310 2100 Sic
326 2057 386 2099 non
405 2040 526 2116 mirum,
546 2040 624 2118 quod
642 2039 699 2099 hac
716 2058 755 2098 ex
772 2044 856 2117 parte
870 2038 1022 2114 Germani,
1041 2057 1134 2117 quum
1152 2039 1247 2099 varias
1261 2042 1382 2116 propter

152 2165 256 2208 causas
275 2147 415 2225 postremi
434 2147 587 2224 fastigium
609 2147 686 2206 illud
708 2153 947 2225 assequerentur,
970 2147 1040 2225 plus
1062 2147 1168 2207 ceteris
1190 2149 1379 2224 praestarent

151 2255 250 2316 Etiam
277 2254 402 2316 classica
428 2254 714 2332 Francogallicarum
741 2253 907 2314 litterarum
934 2259 1015 2314 aetas
1047 2272 1184 2332 magnam
1217 2259 1331 2331 partem
1363 2271 1381 2312 a

153 2363 331 2425 Graecorum
354 2367 384 2422 ot
405 2361 604 2422 Romanorum
627 2362 764 2440 exemplo
787 2361 909 2440 pendet,
939 2363 991 2422 sed
1013 2362 1069 2422 hoc
1096 2381 1114 2421 a
1141 2360 1257 2438 magnis
1284 2361 1380 2438 poetis

152 2475 182 2532 et
198 2470 391 2548 scriptoribus
406 2469 590 2531 Germanicis
610 2470 730 2547 plenius
748 2488 783 2530 ac
800 2469 901 2530 verius
919 2470 1166 2548 comprehensum
1184 2487 1262 2545 esse,
1280 2468 1380 2529 nescio

151 2597 189 2638 an
217 2579 285 2656 quis
311 2595 393 2638 nnnc
419 2577 579 2654 negaverit.
624 2577 729 2656 Itaque
752 2577 843 2638 simul
864 2578 911 2638 ris
935 2578 1078 2656 quaedam
1105 2577 1250 2637 humanae
1273 2576 1381 2636 mentis

151 2686 270 2764 propria
288 2690 374 2746 aucta
391 2685 536 2762 gradatim
555 2690 614 2762 est,
638 2704 697 2764 qua
715 2687 834 2746 omnino
857 2685 954 2746 aliena
975 2704 1036 2745 non
1058 2690 1174 2746 tantum
1197 2684 1381 2746 extrinsecus

153 2798 311 2870 spectaret,
336 2793 388 2853 sed
411 2793 600 2869 cogitatione,
624 2811 727 2867 sensu,
750 2795 858 2854 affectu
881 2812 913 2854 se
936 2793 1032 2871 ipsam
1054 2793 1087 2853 in
1110 2793 1162 2852 illa
1184 2792 1268 2871 quasi
1287 2799 1381 2851 trans·

151 2901 286 2976 mittens,
314 2901 488 2960 universum
515 2918 609 2978 genus
637 2902 800 2961 humanum
827 2905 968 2978 tanquam
990 2919 1008 2960 a
1030 2919 1064 2960 se
1085 2919 1145 2961 non
1168 2900 1298 2959 alienum
1320 2917 1381 2958 arn-

151 3009 329 3086 plecteretur
352 3009 475 3086 ejusque
497 3026 591 3067 unum
614 3008 769 3084 ingenium
791 3009 823 3066 in
842 3007 1053 3068 diversissimis
1072 3008 1188 3081 formis,
1211 3023 1285 3083 quas
1304 3005 1381 3064 inter

152 3116 247 3176 varias
265 3120 370 3192 gentes
388 3115 537 3194 variisque
554 3115 737 3192 temporibus
755 3114 865 3188 induit,
884 3131 1043 3190 agnoscere
1061 3115 1172 3192 ubique
1189 3117 1378 3174 assuesceret

151 3224 183 3284 Is
209 3222 347 3283 immensi
374 3223 482 3282 laboris
510 3223 542 3282 in
569 3223 746 3282 addiscenda
773 3222 870 3282 alisna
897 3221 1021 3281 insumti
1049 3221 1165 3282 fructus
1192 3225 1262 3280 erat.
1316 3220 1381 3280 Hoc

152 3336 290 3408 spectans
317 3330 432 3390 Herder
462 3349 521 3392 non
549 3335 664 3389 tantum
692 3329 821 3390 eruditas
848 3329 980 3388 omnium
1008 3329 1142 3406 gentium
1169 3329 1295 3403 litteras,
1328 3327 1379 3387 sed

151 3439 240 3497 etiarn
267 3456 414 3513 anonyma
441 3437 494 3496 illa
520 3437 634 3497 cantica
660 3435 826 3514 popularia,
857 3454 932 3514 quae
955 3435 1010 3494 riri
1033 3435 1111 3496 docti
1134 3436 1308 3513 plerumque
1331 3433 1381 3495 de-

152 3551 324 3622 spexerant,
357 3563 411 3605 suo
443 3545 537 3622 pretio
570 3545 676 3604 habere
707 3563 761 3604 nos
793 3544 900 3604 docuit.
954 3543 998 3603 Eo
1030 3562 1120 3604 sensu
1149 3543 1262 3604 (inethe
1288 3561 1380 3602 senex

151 3658 322 3734 nascentem
350 3652 567 3712 oecumenicam
594 3653 790 3712 litteraturam
818 3649 867 3730 (ut
893 3651 950 3712 hac
972 3670 1043 3712 voce
1065 3651 1108 3710 uti
1131 3649 1233 3729 liceat)
1254 3649 1380 3728 juvenili

151 3759 253 3820 ardore
280 3761 486 3837 proclamavit,
519 3760 598 3838 quod
630 3759 707 3819 male
740 3759 859 3838 quidam
891 3760 933 3818 ita
964 3759 1148 3837 interpretati
1180 3763 1262 3832 sunt,
1295 3757 1380 3836 quasi

152 3867 349 3944 singularium
385 3867 519 3945 gentium
553 3868 747 3945 proprietates
780 3867 989 3926 oblitterandas
1021 3885 1087 3926 esse
1118 3866 1290 3926 censuisset
1344 3863 1380 3923 Id

151 3979 267 4034 tantum
299 3975 335 4034 ab
367 3975 405 4036 iis
438 3974 583 4052 postulat,
616 3975 692 4052 quod
726 3993 743 4033 a
776 3973 904 4050 singulis
938 3973 1113 4034 Christianis
1145 3972 1309 4050 apostrius,
1346 3975 1381 4030 ut

151 4099 254 4142 omnes
278 4099 311 4142 ss
333 4082 470 4142 omnibus
493 4082 574 4156 aliis,
604 4099 674 4142 suos
697 4081 830 4141 deiectus
853 4081 1058 4158 completuris,
1086 4098 1184 4140 carcre
1200 4097 1267 4138 ¹non
1293 4096 1381 4155 posse

153 4189 351 4249 recordentur.
404 4187 500 4263 Quare
527 4194 672 4249 nostrates
701 4189 819 4266 saepius
846 4187 961 4262 laudat,
994 4187 1073 4265 quod
1100 4193 1192 4248 artem
1220 4186 1317 4245 aliena
1348 4185 1381 4244 in

151 4301 286 4355 nostrum
315 4314 472 4356 sermonen
499 4296 633 4356 vertendi
662 4301 743 4355 tanto
765 4301 795 4354 et
817 4295 937 4371 ingenio
960 4298 990 4354 et
1012 4293 1165 4371 diligentia
1188 4293 1380 4367 excoluerint,

260 4545 286 4612 1)
310 4544 342 4598 D.
366 4543 477 4610 Nisard3
502 4543 602 4597 Gastoa
625 4541 756 4613 longera
780 4541 813 4596 D.
838 4542 871 4594 do
894 4541 983 4610 Lacr,
1008 4540 1053 4610 qui
1076 4541 1148 4611 operi
1167 4557 1215 4596 suo
1235 4539 1379 4612 inscripsit:

151 4631 275 4703 Phasma,
293 4633 454 4702 precurseur
473 4635 500 4686 ct
517 4633 654 4687 initiatcur
673 4633 705 4686 do
723 4631 826 4700 l’esprit
844 4631 978 4686 modcrne.
