3134 5054
625 332 718 381 Carnu
739 331 797 380 XV.
1267 331 1319 384 323

94 538 152 596 sed
185 556 250 598 uere
280 558 314 598 ex
344 549 427 614 parte
460 547 490 600 et
520 543 679 615 sagaciter,
713 549 744 600 nt
776 541 918 615 proficere
953 559 987 600 cx
1019 543 1054 600 iis
1083 543 1126 600 illi
1148 545 1317 616 potuissent.

96 641 182 702 Saue
205 645 276 716 quod
300 645 374 703 alias
398 645 605 719 praedicabat,
628 647 770 718 patientia
793 647 823 704 in
847 646 1023 718 imperiectls
1045 649 1208 706 mortalium
1232 650 1318 706 rebus

101 763 182 816 opus
203 764 279 820 esse,
303 751 391 807 etiam
416 768 489 808 nova
512 751 587 809 bona
617 767 670 808 sua
693 753 769 809 mala
792 767 889 808 secum
923 751 1015 822 serre,
1050 751 1079 808 id
1113 753 1175 824 ipse
1206 753 1235 808 in
1266 753 1320 810 hec

98 853 221 924 negotio
241 853 348 911 oblitus
373 861 426 913 est.
480 853 577 913 Multa
599 857 684 914 nimis
708 859 773 914 atra
796 857 823 913 ei
846 855 1025 914 videbantur.
1082 853 1128 912 Sic
1151 855 1318 914 Lntlrerana

97 961 273 1029 tempestate
298 959 390 1017 bonas
412 959 525 1018 litteras
548 961 631 1018 obrui
659 962 850 1032 querebatur,
880 959 957 1032 qued
988 977 1074 1031 quum
1096 961 1204 1032 passim
1225 959 1319 1034 fieret,

98 1075 161 1117 non
186 1062 314 1134 videbat,
350 1080 435 1136 quam
465 1061 548 1122 firma
571 1063 728 1122 duraturae
759 1062 934 1122 multifariae
958 1063 1104 1122 doctrinae
1131 1064 1320 1122 fundamenta

98 1180 118 1220 a
134 1163 361 1226 Melanchtbone
386 1168 508 1240 aliisque
528 1171 705 1240 jacerentur.
769 1167 907 1226 Futurum
931 1173 1011 1238 erat,
1043 1173 1073 1224 ut
1095 1168 1169 1238 qnod
1192 1169 1255 1239 ipse
1281 1169 1317 1226 de

98 1264 258 1328 Germania
279 1271 518 1343 praedicaverat,
550 1279 618 1344 quot
639 1271 678 1330 ibi
703 1271 804 1343 urbes,
838 1277 880 1328 tot
903 1271 964 1329 lere
989 1270 1152 1328 academias
1176 1288 1255 1344 esse,
1286 1273 1315 1328 id

96 1388 171 1430 mox
193 1373 226 1431 de
249 1375 311 1432 sola
334 1377 504 1446 evangelica
527 1378 590 1448 eJus
611 1382 694 1447 parte
718 1375 774 1434 dici
800 1381 903 1447 posset.
963 1375 1064 1446 Neque
1098 1375 1190 1432 minus
1221 1376 1319 1446 inique

95 1476 134 1533 de
167 1479 391 1551 evangelicarum
415 1479 564 1538 civitatum
587 1480 723 1537 libertate
747 1479 784 1538 ad
808 1495 855 1538 res
879 1477 1028 1550 religionis
1051 1479 1215 1550 pertinente
1245 1479 1320 1549 judi-

97 1588 163 1652 eat,
193 1582 238 1638 cui
261 1583 298 1639 ab
321 1583 411 1640 initiis
434 1585 492 1640 suis
513 1601 568 1655 per
590 1585 682 1640 multa
704 1583 853 1641 obstacula
884 1582 1022 1654 paulatim
1042 1583 1079 1638 ad
1108 1581 1318 1654 perfectionem

99 1685 343 1757 progrediendum
365 1693 437 1744 erat.
484 1687 571 1746 Initia
594 1688 738 1746 libertatis
761 1687 820 1744 illic
844 1687 920 1758 dari,
944 1685 1052 1742 Ριοιηηο
1074 1686 1217 1744 obstinate
1232 1685 1320 1744 dene·

100 1791 178 1862 gari,
209 1790 326 1847 videbat
346 1791 476 1864 quidem,
508 1809 564 1848 nou
588 1792 658 1848 satis
682 1809 751 1849 rere
780 1790 972 1864 agnoscebat,
1003 1790 1221 1862 considerabat,
1254 1808 1320 1862 pre-

100 1891 244 1952 litabatur.

189 1999 227 2054 At
251 1999 400 2058 obstacula
429 2000 494 2074 illa,
527 2016 600 2072 (quac
634 2000 761 2058 libertati
792 1999 869 2071 apud
899 1998 1081 2070 evangelicos
1114 1999 1317 2057 detrimentum

102 2102 147 2160 vel
188 2102 353 2161 inferebant
389 2105 434 2160 vel
466 2105 584 2162 illatura
622 2109 718 2176 erant,
764 2103 926 2160 admirabili
967 2104 1126 2174 sagacitate
1165 2106 1321 2176 perspexit.

101 2205 200 2263 Sensit
221 2224 307 2278 quarn
328 2207 414 2266 facile
437 2209 584 2282 principes
607 2215 635 2268 et
660 2209 858 2282 magistratus,
891 2208 1078 2280 evangelicae
1103 2207 1245 2265 ecclesiae
1267 2225 1318 2280 pa-

101 2311 193 2382 troni,
214 2311 367 2382 imperium
390 2312 420 2368 in
444 2327 509 2370 eam
528 2331 580 2385 pro
602 2311 723 2371 arbitrio
746 2311 909 2370 affectaturi
931 2318 1035 2370 essent.
1082 2311 1198 2369 Mature
1215 2329 1320 2386 cogno-

100 2415 158 2487 vit,
190 2422 299 2487 quanta
327 2417 456 2488 pericula
486 2415 615 2476 libertati
639 2417 824 2488 evangelicae
857 2417 894 2474 ab
916 2417 978 2490 ejus
1012 2415 1102 2473 abusu
1125 2417 1320 2474 imminerent.

100 2518 239 2576 Sordidos
268 2520 412 2592 hemines,
446 2522 476 2578 in
510 2523 597 2580 miras
628 2522 789 2596 sententias
819 2520 1002 2592 aberrantes,
1037 2513 1121 2594 (quos
1151 2525 1180 2578 et
1204 2521 1320 2578 rabulas

100 2624 285 2696 evangelicos
309 2619 466 2704 nominat),
491 2624 545 2684 sibi
567 2625 750 2698 respondisse
774 2626 831 2682 ait:
856 2625 928 2696 ,Nos
953 2640 1009 2683 non
1033 2627 1172 2684 servimus
1193 2625 1320 2683 Lutlrere

99 2727 155 2784 sed
178 2729 346 2801 evangelio!
391 2729 436 2787 De
458 2729 564 2788 talibus
588 2729 749 2788 bominibus
772 2729 872 2786 scribit
897 2728 1125 2787 Melanchtboni:
1151 2731 1197 2802 ,In
1221 2730 1320 2788 borum

99 2831 264 2905 nonnullis,
287 2833 325 2892 mi
349 2833 497 2906 Philipps,
521 2834 604 2892 video
628 2841 686 2892 tarn
709 2835 883 2905 impotentes
905 2833 1036 2905 spiritur,
1068 2841 1112 2906 ut,
1141 2833 1164 2890 si
1193 2851 1241 2892 res
1263 2836 1320 2892 illis

98 2937 292 3008 successerit,
315 2940 419 2994 vc'rear
438 2953 475 2995 ne
490 2936 637 2996 Lutherns
653 2937 742 2994 etiarn
757 2937 818 3008 ipse
836 2935 1053 2995 desideraturus
1069 2937 1107 2995 sit
1123 2938 1319 3010 episcoporum

101 3045 140 3096 et
161 3038 330 3111 pontificum
353 3037 571 3112 tirannidemss
609 3040 741 3112 Denique
763 3057 829 3097 eum
852 3057 908 3098 nou
927 3039 1016 3112 fugit,
1039 3042 1130 3112 ipsum
1147 3039 1319 3113 Lutherum,

99 3149 136 3200 ut
153 3143 221 3202 istos
237 3143 420 3216 reprimeret,
437 3143 474 3202 ad
490 3144 683 3202 exercendum
699 3145 851 3216 imperium
867 3143 1009 3216 quoddam
1020 3143 1155 3215 protrahi.
1192 3143 1271 3212 Quod
1284 3161 1319 3200 ee

101 3247 219 3304 facilius
235 3246 299 3306 fieri
315 3247 395 3320 vidit,
416 3265 472 3320 qno
487 3249 626 3306 libentius
641 3249 721 3306 multi
738 3248 788 3304 alii
805 3249 850 3306 vel
867 3255 950 3321 grata
964 3246 1167 3306 beneficiorum
1183 3249 1321 3318 memoria

101 3351 151 3409 vel
174 3351 372 3410 imbecillitate
398 3352 522 3424 quadam
551 3352 693 3424 ejusmodi
715 3353 869 3424 imperium
893 3354 1079 3410 sustinerant.
1130 3353 1261 3412 Accessit
1290 3359 1322 3410 nt

102 3456 155 3514 ille
178 3455 214 3513 ed
237 3456 440 3516 dominandum
456 3463 541 3516 natus
556 3456 705 3516 videretur
719 3461 837 3529 propter
854 3458 997 3516 excelsum
1013 3459 1151 3531 animum,
1174 3460 1320 3533 ingenium

102 3559 210 3618 ardens
232 3577 267 3618 ac
289 3561 456 3634 vehemens,
479 3562 509 3618 in
532 3578 587 3634 quo
609 3560 730 3619 Pelidae
755 3562 932 3620 stomachum
952 3561 1058 3620 cedere
1077 3564 1168 3621 nescii
1185 3563 1321 3623 Erasmus

102 3664 220 3736 saepius
250 3666 368 3724 notavit.
414 3665 514 3738 Neque
545 3681 599 3724 nos
630 3663 788 3724 infitiamur
811 3666 969 3724 Lutherum
992 3669 1214 3740 tentationibus,
1250 3685 1321 3740 quas

104 3775 188 3826 tanta
210 3769 366 3828 dominatio
390 3770 547 3842 spiritualis
569 3769 745 3828 necessitate
769 3770 890 3842 quadarn
914 3771 954 3838 ei,
969 3771 1103 3842 imposita
1126 3788 1223 3828 secum
1247 3771 1321 3841 tulit,

105 3877 138 3928 ut
160 3873 244 3930 homo
268 3879 346 3946 erat,
370 3875 433 3946 plus
456 3875 545 3932 semel
569 3873 770 3946 succubuisse,
794 3873 923 3944 quamvis
946 3873 1057 3930 sincero
1075 3874 1168 3930 anime
1193 3875 1220 3932 ei
1236 3873 1319 3930 resti·

104 3977 182 4033 terit.
220 3975 343 4034 Rursum
356 3976 494 4035 Erasmus
507 3994 651 4049 nunquam
664 3978 783 4050 negavit
800 3978 944 4034 sincerum
961 3977 1140 4048 evangelium
1157 3993 1174 4032 a
1191 3975 1320 4034 Luthero

105 4079 281 4154 praedicari,
302 4082 353 4140 sed
375 4083 502 4154 privatas
526 4080 662 4154 quasdam
685 4084 746 4154 ejus
762 4082 926 4154 opiniones,
948 4079 1099 4152 evangelio
1114 4081 1278 4153 adjunctas,
1303 4098 1321 4138 a

106 4186 297 4244 sectatoribus
331 4203 382 4258 pro
416 4187 479 4259 ipso
510 4187 661 4260 evangelio
696 4185 798 4244 haberi
824 4185 1007 4258 querebatur.
1067 4184 1138 4243 lnde
1170 4184 1246 4258 apud
1270 4185 1320 4243 bos

106 4289 222 4362 angusti
244 4290 332 4346 animi
355 4290 463 4362 aliquid
487 4292 567 4350 nasci
589 4289 715 4350 videbat.
776 4290 872 4360 Quare
903 4305 960 4346 non
990 4289 1051 4346 sine
1084 4305 1135 4346 sue
1162 4292 1229 4362 jure
1259 4292 1320 4361 jam

196 4570 222 4634 1)
240 4569 308 4634 app.
329 4570 406 4632 xix,
431 4578 455 4620 r.
