3144 5092
637 287 725 343 Crrur
743 289 775 342 V.
1285 289 1317 342 91

63 489 189 550 animo
222 491 274 550 tua
304 489 378 550 mibi
406 485 547 570 obsequia
574 495 604 552 et
632 491 730 552 studia
756 492 868 568 defers,
901 497 962 552 tam
989 491 1138 570 exquisito
1164 493 1320 552 verborum

65 601 249 675 apparatu,
276 599 368 658 tantis
395 599 534 658 laudibus
560 599 709 660 abstineas
736 617 833 678 neque
860 600 1024 677 pessimum
1050 581 1220 677 exemplum
1242 599 1321 660 inter

68 705 286 783 philosophos
315 710 441 766 statuas:
469 706 524 766 tibi
551 725 620 767 vero
647 707 827 784 persuadeas
853 707 925 784 ipsi,
953 725 1001 766 me
1029 706 1092 766 sive
1118 706 1240 766 interior
1262 707 1320 765 sim

70 813 183 872 tantis
208 814 364 890 encomiis,
387 814 577 874 vehementer
599 814 637 874 iis
659 814 781 890 offendi,
806 815 869 875 sive
891 833 945 892 par
962 815 995 902 in
1013 813 1136 873 minima
1153 831 1198 890 re,
1221 819 1321 874 tumen

70 921 218 980 metueri
241 921 359 981 veritati
381 921 654 999 philosophantium
677 923 796 1000 ipsique
818 923 888 982 adeo
911 921 1027 1000 pietati,
1050 940 1089 981 ne
1110 921 1182 980 dum
1200 926 1321 999 propter·

73 1027 291 1104 coguitionem
317 1047 440 1106 operum
467 1029 634 1090 divinorum
661 1034 777 1090 nostras
799 1031 932 1109 ipsorum
954 1048 1215 1090 commemoramus
1237 1029 1319 1088 audi-

75 1154 219 1214 musque
241 1136 356 1212 laudes,
379 1136 503 1196 laudum
524 1155 672 1214 verarum,
696 1156 772 1216 quae
794 1138 1013 1216 sapientissimo
1031 1142 1179 1198 tantorum
1198 1155 1320 1214 operum

76 1243 204 1303 auctori
227 1243 383 1320 debentur,
406 1244 647 1306 obliviscamur}l

199 1350 305 1430 Itaque
326 1351 487 1430 Keplerus,
515 1353 672 1431 quidquid
687 1353 725 1412 ad
751 1352 870 1431 plenius
893 1353 1125 1430 cognoscendam
1147 1371 1247 1412 rerum
1269 1371 1320 1412 na-

81 1463 190 1518 turam
220 1459 396 1534 contullerat,
424 1459 455 1518 id
482 1460 515 1519 in
538 1460 594 1520 Dei
621 1461 745 1538 gloriam
773 1466 804 1521 et
831 1461 896 1538 ipse
923 1460 1012 1520 vertit
1039 1465 1069 1521 ct
1095 1462 1131 1520 ab
1154 1461 1222 1521 aliis
1244 1461 1320 1521 verti

81 1566 195 1626 voluit.
239 1565 292 1627 Sic'
311 1567 344 1626 in
366 1567 549 1627 celeberrimi
568 1567 678 1646 operis,
702 1568 781 1646 quod
799 1568 836 1628 de
853 1569 1007 1628 harmonia
1024 1568 1128 1628 mundi
1146 1568 1320 1646 composuit,

81 1674 164 1734 libro
194 1675 299 1752 quinto
327 1679 471 1751 extremo,
500 1675 551 1736 ubi
573 1676 611 1736 ad
632 1675 843 1753 perficiendam
865 1675 1011 1754 reliquam
1033 1681 1147 1754 partem
1170 1676 1320 1754 prospicit,

84 1800 177 1858 opem
200 1782 357 1860 profitetur
378 1783 454 1858 iore,
477 1787 523 1858 ut,
547 1784 574 1842 si
597 1783 695 1843 visum
717 1783 780 1844 Deo
803 1783 905 1859 fuerit,
928 1802 989 1843 non
1011 1784 1152 1844 moriatur
1171 1783 1223 1843 sed
1241 1783 1321 1843 vivat

83 1888 237 1967 librisque
259 1890 453 1967 sequentibus
475 1895 575 1949 namet
597 1909 685 1968 opera
707 1890 853 1951 Domini.²
894 1889 979 1965 Quod
1001 1909 1095 1969 quum
1117 1889 1248 1966 fecisset,
1271 1891 1321 1950 hio

85 1997 190 2056 verbis
213 1995 311 2056 Deum
337 2001 474 2074 precatus
501 1996 582 2056 est:³
610 1996 669 2072 ,lln
695 2015 776 2056 nuno
803 2015 879 2074 opus
902 1996 1104 2056 consummavi
1126 1997 1320 2074 professionis

85 2121 186 2178 meae,
214 2103 305 2163 tantis
333 2103 448 2180 ingenii
475 2121 549 2163 usus
576 2103 702 2180 viribus,
730 2109 855 2182 quantas
882 2104 957 2163 mihi
984 2104 1105 2182 dedisti;
1133 2104 1319 2164 manifestavi

86 2209 216 2286 gloriam
233 2229 356 2288 operum
374 2215 492 2271 tuorum
510 2211 682 2272 hominibus
699 2211 772 2272 istus
792 2212 1055 2272 demonstrationes
1073 2211 1207 2288 lecturis,
1227 2229 1319 2290 quan-

88 2323 156 2377 tum
192 2317 230 2377 de
265 2317 350 2378 illius
386 2317 533 2378 infinitate
569 2335 673 2396 capere
704 2322 865 2396 potuerunt
896 2319 1051 2396 angustiae
1082 2320 1191 2380 mentis
1222 2337 1317 2396 meae;

89 2428 245 2502 promptus
283 2425 357 2484 mihi
389 2430 451 2485 erat
482 2425 600 2486 animus
631 2425 668 2486 ad
701 2426 940 2487 emendatissime
971 2427 1254 2505 philosophandum
1292 2427 1319 2486 si

91 2533 163 2610 quid
191 2532 347 2609 indignum
374 2534 435 2593 tuis
463 2533 596 2594 consiliis
624 2533 771 2612 prolatum
799 2552 900 2609 arne,
927 2535 1089 2594 vermiculo
1112 2535 1144 2594 iu
1166 2534 1319 2595 volutabro

93 2644 277 2716 peccatorum
308 2643 377 2700 nato
412 2644 442 2700 et
473 2641 614 2716 enutrito,
647 2642 727 2720 quod
759 2641 834 2702 scire
860 2641 936 2702 velis
962 2642 1111 2718 homines,
1143 2642 1174 2701 id
1202 2661 1319 2720 quoquc

94 2747 219 2825 inspires
248 2752 282 2807 ut
308 2749 476 2826 emendem3
506 2748 532 2808 si
560 2752 678 2808 tuorum
706 2767 829 2826 operum
851 2749 1017 2809 admirabili
1039 2749 1264 2827 pulchritudine
1286 2749 1318 2808 in

95 2855 285 2915 temeritatem
317 2856 466 2933 protectus
499 2873 579 2932 sunr,
610 2861 663 2916 aut
693 2857 719 2916 si
747 2857 871 2933 gloriam
897 2857 1047 2935 propriam
1074 2857 1154 2934 apud
1183 2858 1318 2918 homiues

95 2963 200 3038 amavi,
223 2963 294 3021 dum
312 2963 484 3039 progredior
502 2963 533 3021 in
552 2981 640 3040 opere
657 2967 726 3022 tuae
743 2963 854 3040 gloriae
872 2965 1031 3040 destinato,
1054 2965 1137 3024 mitis
1154 2969 1185 3024 et
1203 2964 1317 3024 miseri·

97 3087 158 3129 cors
184 3069 327 3147 condona;
355 3069 484 3147 denique
510 3075 545 3129 ut
571 3069 836 3130 demonstrationes
863 3071 938 3130 istae
965 3077 1033 3130 tuae
1060 3071 1170 3148 gloriae
1197 3076 1227 3130 et
1254 3071 1316 3130 ani-

97 3195 205 3235 marum
224 3177 314 3236 saluti
332 3177 438 3238 cedant
455 3195 511 3237 neo
530 3177 558 3236 ei
575 3176 726 3237 ullatenus
745 3177 856 3252 obsint,
875 3177 1022 3254 propitius
1037 3178 1153 3237 efficere
1167 3177 1316 3254 digneris‘

98 3285 243 3344 Postremo
271 3288 301 3344 et
328 3284 402 3344 alios
428 3284 564 3344 homiues
592 3288 622 3343 et
649 3301 682 3344 se
708 3285 808 3362 ipsum
836 3302 974 3360 evocans,
1008 3284 1177 3360 ,Laudate‘,
1210 3285 1316 3363 inquit,

101 3391 259 3452 Creatorem
281 3391 451 3452 barmoniae
474 3391 629 3470 coelestes;
653 3391 771 3451 laudate
794 3409 875 3467 eum,
898 3391 1080 3452 detentarum
1098 3383 1317 3452 haimoniarum

100 3499 204 3574 arbitri,
231 3499 320 3559 lauda
346 3505 377 3560 et
403 3504 449 3574 tu,
477 3499 575 3560 anima
601 3517 678 3576 mea,
705 3499 879 3577 Dominum;
907 3517 1035 3578 namque
1063 3517 1101 3558 ex
1123 3500 1189 3577 ipso
1212 3503 1243 3560 et
1264 3518 1318 3578 per

101 3606 192 3682 ipsum
217 3612 248 3667 et
274 3607 306 3665 in
332 3607 398 3684 ipso
427 3611 498 3668 suut
524 3607 636 3682 omnia,
667 3613 728 3667 tarn
756 3625 802 3682 ea,
831 3625 907 3685 quae
941 3607 1125 3684 ignoramus,
1157 3625 1246 3685 quarn
1274 3625 1316 3683 ea,

102 3731 171 3791 quae
192 3715 315 3790 scimus,
339 3715 462 3774 minima
484 3715 604 3776 illorum
627 3733 709 3793 pars,
733 3714 802 3793 quia
824 3715 922 3775 adhuc
943 3715 1013 3792 plus
1036 3715 1115 3774 ultra
1137 3717 1200 3775 est‘

197 3821 244 3881 Ebr
284 3822 332 3882 his
374 3823 510 3883 omnibus
546 3827 681 3900 apparet,
722 3821 887 3882 clarissime
922 3821 1085 3900 Keplerum
1122 3821 1316 3897 intellexisse,

104 3933 216 4005 quantae
247 3929 404 3989 mutationi
436 3931 468 3988 in
501 3930 670 3990 mortalium
702 3929 928 4006 cogitationibus
961 3929 998 3989 de
1026 3934 1186 4004 systemate
1212 3929 1316 3988 mundi

105 4035 261 4097 afficiendae
279 4037 521 4098 mathematicum
538 4037 692 4114 ingenium
711 4055 799 4097 suum
817 4037 982 4097 inserviret.
1023 4036 1142 4097 Etenim
1161 4035 1317 4114 Copernici

106 4144 173 4220 quod
197 4149 282 4205 autea
309 4143 397 4223 pauci
424 4149 539 4204 tantum
567 4145 773 4222 probaverant,
801 4163 861 4204 non
884 4149 999 4204 tantum
1023 4144 1147 4205 sublatis
1170 4143 1317 4204 erroribus

198 4409 224 4477 1)
243 4407 346 4462 Ibidem
364 4425 389 4478 p.
405 4408 466 4463 593.

197 4497 224 4566 2)
242 4496 352 4568 Kepleri
370 4513 450 4566 opera
468 4497 508 4552 ed.
528 4497 622 4552 Frisch
640 4497 666 4552 V
685 4515 709 4567 p.
725 4497 785 4554 210.

197 4589 224 4658 3)
242 4587 345 4644 Ibidem
363 4605 389 4657 p.
404 4585 464 4642 323.
