3134 5054
666 311 759 362 Gneus
775 309 837 360 ΧΠ.
894 315 896 320 “
1309 309 1361 366 285

234 518 370 593 ansque
400 521 446 578 rel
473 537 538 580 cnm
559 521 737 598 Augustino,
765 521 812 580 rel
838 536 904 580 cnm
923 519 1051 580 Luthero
1078 521 1267 596 omnibusque
1296 521 1359 584 iere

140 623 212 694 ejus
235 624 349 698 amicis,
370 625 510 698 imprimis
532 625 773 700 Melancbtboee,
795 624 844 698 qui
867 641 984 698 prorsus
1007 624 1130 683 eandem
1152 631 1221 684 tunc
1243 633 1360 687 seuten-

139 726 217 784 tiam
233 727 365 799 tenebat,
387 728 527 788 Erasmus
540 729 679 804 progredi
693 745 751 788 non
767 733 890 802 poterat
926 727 1012 788 Recti
1027 729 1136 803 aliquid
1149 737 1361 804 persequentes

141 829 226 888 ultra
245 837 353 890 metam
375 833 521 906 progressi
544 849 609 893 esse
629 834 658 891 ei
679 833 859 892 ridebantur.
897 833 1040 892 Nimirum
1055 833 1093 892 ad
1107 835 1171 907 ipse
1184 834 1359 896 christianes

141 933 296 1006 religionis
325 936 464 1009 mysteria
492 937 697 1011 amplectende
725 937 784 996 alie
813 942 901 1010 etque
929 937 972 996 illi
1001 937 1050 995 vis
1075 925 1258 1012 perseueret
1302 940 1359 1000 Pro

142 1037 322 1114 insignibus,
352 1039 454 1112 quibus
476 1040 613 1100 divinitus
635 1041 777 1115 pollebat,
807 1042 918 1114 ingenii
939 1040 1054 1100 dotibus
1075 1043 1228 1102 veritatem
1250 1043 1319 1104 inde
1341 1061 1360 1103 a

142 1143 272 1214 pueritia
293 1141 440 1203 indefesso
459 1143 559 1204 labore
583 1161 725 1219 quaerere
747 1145 845 1218 nixus,
867 1145 1006 1218 paulatim
1030 1145 1145 1204 erudito
1167 1163 1203 1205 ac
1223 1149 1358 1221 religioso

143 1263 249 1306 sacrae
279 1247 439 1321 scriptume
467 1249 563 1308 studio
592 1250 740 1324 puriorem
776 1249 919 1322 quandam
953 1251 1143 1323 altioremque
1174 1251 1359 1328 theologiam,

142 1367 233 1426 quem
254 1369 328 1426 quae
350 1353 562 1414 escholasticie
575 1354 742 1430 docebatur,
765 1360 868 1414 nactus
886 1361 959 1414 erat
984 1339 987 1346 ’
1003 1355 1114 1414 Tamen
1135 1373 1229 1431 neque
1248 1360 1294 1418 rel
1313 1375 1358 1435 ea

142 1459 300 1531 quaejam
323 1457 359 1516 ab
382 1458 466 1516 initio
488 1475 559 1518 rere
580 1463 729 1534 rectaque,
750 1459 820 1518 licet
841 1475 906 1518 cum
929 1459 1076 1519 erroribus
1099 1461 1262 1536 coniuncta,
1282 1479 1360 1522 com·

141 1561 342 1634 prehenderet
375 1567 576 1638 elicerent,
606 1565 688 1638 parri
711 1581 836 1638 uuquam
858 1563 941 1638 iecit,
965 1580 1060 1638 neque
1084 1582 1162 1624 nnuc
1183 1566 1358 1642 theologiam

142 1681 229 1724 suem
250 1667 342 1724 omnis
364 1669 470 1726 erroris
491 1674 640 1742 expertem
664 1685 728 1728 esse
750 1669 871 1743 peterit
915 1668 973 1727 Sed
987 1669 1132 1728 sincerum
1153 1670 1216 1728 veri
1231 1672 1357 1732 studium

144 1785 294 1842 nunqnam
318 1769 424 1830 frustra
446 1787 511 1830 esse
534 1789 702 1846 persuasum
730 1772 864 1833 hebebct.
909 1773 1033 1846 Seepiue
1054 1779 1193 1846 provocat
1215 1775 1252 1833 ed
1275 1775 1358 1836 Pauli

142 1875 281 1948 verbnm,
311 1892 368 1948 quo
390 1875 483 1936 Deum
506 1893 564 1934 non
584 1877 771 1951 longinquom
794 1894 858 1936 esse
881 1877 918 1936 ab
941 1894 1113 1951 unoquoque
1135 1879 1277 1954 nostrum,
1306 1896 1359 1939 noe

143 1980 181 2036 in
203 1995 238 2038 eo
266 1979 377 2055 virere,
412 1983 523 2040 moveri
553 1986 583 2041 et
613 1996 678 2041 esse
707 1983 867 2055 proclamet
896 1987 982 2054 atque
1013 1987 1117 2040 testem
1144 1981 1233 2040 divini
1266 1986 1359 2042 nostri

144 2084 264 2157 generis
298 2085 386 2143 etiam
420 2085 566 2144 ethnicum
592 2090 709 2158 poe'tam
738 2085 878 2159 eddecet3
907 2086 1006 2157 iisqne
1032 2086 1062 2143 in
1089 2085 1215 2144 humane
1240 2093 1358 2162 ¹ustura,

143 2187 276 2260 quemvis
295 2193 415 2260 peccato
437 2188 595 2260 mecnlete,
618 2205 771 2262 superesse
794 2188 902 2261 aliquid
918 2189 1016 2262 docet,
1036 2205 1094 2262 qno
1109 2189 1146 2247 ad
1165 2191 1358 2262 cognitionem

143 2291 291 2363 quandam
305 2291 361 2350 Dei
381 2297 412 2350 et
426 2293 581 2352 voluotetis
600 2294 663 2365 ejns
683 2291 814 2366 aspirare
834 2293 941 2366 possit3
963 2291 1015 2351 sed
1029 2291 1189 2366 perferrem
1204 2309 1261 2352 non
1275 2294 1358 2354 reddi

142 2395 222 2454 benc
236 2395 429 2471 cognitionem
443 2397 500 2454 nisi
514 2395 668 2470 adjurante
683 2397 786 2470 spiritu
801 2401 916 2470 sancto,
930 2397 1109 2456 reveletione
1124 2396 1181 2457 Dei
1196 2399 1227 2456 in
1243 2397 1358 2458 Christo

143 2499 240 2574 tecta,
266 2501 297 2558 in
320 2502 400 2575 cnjus
420 2517 545 2574 persons
567 2502 654 2560 etiam
675 2502 739 2575 ipsa
762 2502 1027 2576 immansuetum,
1056 2517 1120 2560 enm
1148 2502 1246 2562 divine
1268 2504 1359 2578 uuita,

143 2603 187 2663 ed
208 2603 417 2678 perfectionem
431 2604 545 2664 demum
563 2611 704 2679 provecte
724 2607 775 2681 eit3
798 2606 875 2664 bnnc
898 2607 1013 2666 ecoelo
1034 2607 1162 2680 venisse,
1186 2613 1219 2666 nt
1241 2623 1357 2682 ,norum

143 2708 290 2781 quendem
309 2710 446 2785 populum
467 2711 498 2768 iu
520 2711 608 2770 terris
630 2711 809 2785 institueret,
833 2711 883 2784 qui
905 2715 983 2770 totns
1005 2727 1023 2768 e
1047 2712 1128 2770 coelo
1149 2711 1306 2788 penderet,
1329 2720 1361 2774 et

142 2813 278 2874 omnibns
299 2814 384 2889 hujus
405 2814 504 2873 mnndi
524 2814 679 2888 praesidiis
701 2813 812 2874 diffisus
834 2815 892 2874 elio
914 2815 1037 2889 quodem
1060 2815 1144 2874 modo
1167 2817 1248 2876 dives
1271 2824 1358 2893 esset,

140 2918 275 2992 sapiens,
304 2918 424 2993 nobilis,
454 2924 572 2993 potens,
602 2918 691 2978 felix!
744 2919 793 2978 Sic
815 2935 886 2978 vera
908 2921 971 2992 ejns
993 2924 1093 2978 coetos
1115 2921 1259 2994 membra,
1291 2921 1359 2980 dnm

140 3023 206 3080 suis
228 3037 360 3095 qnseqne
373 3023 468 3091 ,variis
489 3022 572 3081 donis
595 3040 684 3083 unum
706 3023 861 3082 Dominnm
884 3023 1006 3082 ederent
1029 3023 1141 3096 sibique
1170 3023 1293 3082 invicem
1315 3026 1359 3082 in-

141 3127 285 3200 servient,
306 3127 338 3185 in
361 3127 519 3186 coelestem
540 3127 667 3187 indolem
688 3129 771 3202 quasi
788 3124 987 3198 mansfignrari
1011 3127 1061 3185 ait

233 3230 295 3290 llac
321 3233 457 3290 universa
482 3232 645 3306 theologiae
673 3233 787 3291 ratione
816 3230 955 3290 Erasmus
977 3229 1108 3288 Graecae
1140 3229 1284 3290 ecclesiae
1306 3248 1360 3306 pe·

141 3333 238 3393 tribus
264 3335 387 3394 similem
408 3351 441 3393 se
462 3334 601 3410 praebet,
629 3353 665 3396 ex
688 3335 789 3409 quibus
811 3334 943 3409 Origeni,
968 3333 1143 3408 Athanasio,
1166 3335 1360 3410 Nenianzcno,

142 3438 268 3513 Besilio,
299 3438 500 3512 chrysostomo
531 3439 683 3513 plurimum
713 3439 815 3498 tribuit
843 3441 1021 3512 multumque
1050 3453 1157 3512 operte
1181 3439 1270 3499 dedit
1314 3441 1360 3500 Ad

142 3541 261 3600 illorum
283 3543 505 3617 antesignanum
520 3543 666 3616 Originem
689 3561 800 3604 summo
822 3544 918 3604 studio
940 3543 1123 3604 uaemudum
1141 3543 1229 3604 etiem
1249 3552 1360 3618 postre-

143 3647 202 3706 mis
229 3648 306 3706 ritee
334 3647 436 3708 dicbus
464 3647 562 3708 rediit.
613 3649 716 3722 Itaque
746 3650 881 3710 similiter
903 3655 991 3723 atque
1016 3649 1059 3707 illi
1081 3665 1181 3709 omnes
1203 3654 1264 3708 tum
1287 3651 1359 3709 resi·

143 3751 235 3810 dnnm
256 3751 288 3810 in
309 3753 436 3812 naturali
456 3753 572 3813 bomine
593 3753 717 3814 liberum
740 3754 905 3828 arbitrium,
928 3753 1005 3828 qnod
1026 3745 1229 3828 αὐτεξούσιον
1251 3753 1356 3812 Graeci

142 3862 263 3931 vocent,
289 3857 390 3916 summi
420 3859 557 3918 momenti
585 3859 763 3933 aestimavit,
794 3866 853 3918 tum
884 3858 940 3918 bac
968 3873 1004 3915 cx
1033 3863 1118 3932 parte
1150 3857 1295 3917 interdum
1322 3855 1360 3916 ad

142 3963 306 4021 sententies
325 3954 536 4037 Pelagianismo
559 3964 704 4037 proximus
726 3962 824 4022 delebi
846 3943 1103 4036 iuritnsridetur,
1125 3961 1169 4019 ite
1189 3967 1303 4035 tamen,
1326 3967 1359 4020 nt

142 4071 285 4138 quantum
311 4066 487 4126 discriminis
521 4069 573 4143 sit,
609 4067 737 4142 quisquis
764 4071 856 4126 totum
885 4066 1096 4126 sententiarum
1128 4081 1233 4124 rernm
1264 4079 1359 4138 aeque

105 4167 113 4176 “
141 4169 292 4245 probeque
322 4171 481 4247 examinet,
512 4187 578 4230 mox
596 4171 763 4246 perspiciat
807 4170 883 4242 Quin
903 4171 990 4229 immo
1011 4169 1121 4228 arctius
1143 4184 1229 4242 quem
1252 4168 1359 4229 Graeci

140 4275 288 4334 humanae
311 4281 434 4335 naturae
456 4269 503 4356 (nt
524 4275 569 4335 bis
590 4277 688 4338 verbis
704 4270 784 4358 utar)
802 4275 1009 4336 exeltetioncm
1023 4279 1054 4332 ct
1068 4271 1360 4349 transfigurationem,

140 4394 232 4453 qnam
261 4379 303 4438 illi
334 4380 423 4439 etiam
446 4368 644 4462 θεοποίησιν
665 4381 829 4455 nominant,
860 4396 926 4440 cum
947 4367 1149 4453 redemptione
1177 4395 1232 4454 per
1254 4375 1361 4438 (ibristi

140 4484 318 4557 sengninem
344 4483 423 4544 lecte
459 4486 614 4559 conjungit
665 4486 758 4561 Hujus
785 4491 907 4546 mortem
934 4483 1044 4544 intueri
1069 4483 1159 4542 ritem
1188 4498 1252 4544 esse
1276 4483 1362 4556 dicit;

138 4593 270 4666 ,tanmm
300 4590 359 4648 vim
390 4588 500 4650 bebere
526 4589 634 4650 Christi
662 4607 716 4664 pro
744 4590 828 4650 nobis
858 4587 986 4648 crncifixi
1018 4588 1304 4664 mummplactonem,
1330 4593 1362 4648 ut
