3194 5042
238 333 290 389 134
780 331 867 387 Carus
885 329 918 384 V.

238 541 338 616 optare
368 554 428 596 non
459 535 613 594 audebant.
666 533 771 613 Neque
802 539 912 610 tamen,
950 551 1043 612 quum
1074 531 1139 610 ejus
1171 533 1246 594 liber
1276 533 1392 611 ingenti
1425 539 1472 595 tot

238 644 419 706 eruditorum
450 641 605 702 hominum
630 659 755 702 assensu
782 642 1030 720 comprobaretur,
1062 640 1249 701 involuerum
1276 641 1353 700 illud
1381 644 1471 720 quasi

237 752 389 831 piaculum
416 750 599 810 imminentis
626 749 859 810 adversariorum
886 749 995 810 furoris
1022 766 1088 808 esse
1115 753 1236 826 poterat.
1281 749 1379 809 Immo
1409 751 1472 810 soe-

238 859 361 920 dissima
382 858 440 918 ista
462 875 551 936 quam
573 856 705 918 diximus
723 857 835 935 publici
851 856 957 933 judicii
975 855 1095 916 moralis
1113 857 1261 934 corruptio
1279 857 1473 918 nobilissimo

239 967 367 1027 maxime
393 966 469 1042 viro,
497 965 549 1043 qui
576 965 689 1024 invitus
717 964 929 1044 quodammodo
956 963 1063 1024 iterum
1090 982 1156 1024 eam
1184 965 1312 1039 subibat,
1341 966 1474 1026 exitiosa

239 1080 309 1136 erat
351 1073 486 1133 Audaces
509 1077 539 1132 et
561 1072 749 1149 impudentes
771 1071 905 1132 veritatis
928 1089 1117 1150 oppressores
1135 1071 1186 1148 iis,
1210 1073 1261 1150 qui
1280 1073 1358 1132 hanc
1377 1073 1474 1132 simul

238 1187 269 1243 et
296 1180 478 1242 dissimulari
505 1185 535 1240 et
562 1179 704 1240 vindicari
732 1197 821 1258 posse
847 1179 1002 1257 putabunt,
1030 1179 1165 1240 fortiores
1193 1197 1225 1240 se
1247 1180 1473 1258 praestiterunt.

239 1290 321 1350 Haec
342 1288 406 1348 dira
428 1287 615 1349 Galilaeauae
637 1287 803 1364 tragoediae
826 1287 911 1365 quasi
934 1265 1120 1364 catastrophe
1141 1291 1211 1347 eret

346 1396 599 1473 Praeparaverunt
621 1413 686 1454 eam
708 1395 806 1454 variae
823 1395 983 1469 liberioris,
1007 1412 1082 1472 quae
1099 1394 1196 1456 adhuc
1213 1395 1323 1456 Romae
1342 1397 1473 1473 vigebat,

239 1503 332 1584 partis
364 1503 470 1563 clades.
525 1501 682 1580 Virginius
715 1501 903 1578 Caesaribus,
935 1501 1052 1562 Urbano
1084 1501 1284 1580 gratissimus,
1316 1504 1474 1580 epistolae,

240 1629 299 1691 qua
329 1610 487 1670 academici
519 1609 633 1686 Lyncei
665 1614 803 1670 stateram
834 1610 981 1670 aurariam
1012 1609 1057 1669 illi
1085 1609 1302 1685 dedicaverant,
1334 1611 1473 1689 scriptor,

237 1719 300 1796 jam
326 1736 404 1778 anno
428 1721 496 1795 post
518 1735 535 1777 e
557 1717 618 1777 vita
641 1722 815 1778 excesserat
863 1717 967 1778 Casius
990 1717 1147 1796 Princeps,
1175 1717 1362 1794 Lynoecrum
1385 1738 1474 1796 prae·

241 1845 301 1902 ses,
330 1844 364 1886 eo
391 1829 535 1902 tempore,
563 1843 622 1903 quo
649 1825 738 1884 etiarn
765 1843 876 1884 novum
890 1824 1028 1898 ¹(ialilaei
1055 1843 1131 1902 opus
1158 1825 1277 1885 tandem
1304 1827 1475 1904 perlectum

241 1934 389 1995 societatis
417 1911 536 1993 nomine
558 1933 645 1993 edere
667 1931 793 2008 volebat,
824 1937 957 1992 mortuus
981 1937 1034 1992 est.
1079 1932 1187 1994 Postea
1210 1932 1382 2011 Ciampclus
1406 1934 1474 1994 alii-

240 2060 311 2121 que,
336 2042 388 2120 qui
410 2046 440 2102 et
459 2039 582 2102 Galilaei
605 2041 758 2117 ingenium
781 2040 977 2100 acmantum
999 2044 1079 2100 recte
1096 2040 1303 2116 aestimabant,
1327 2046 1358 2100 et
1376 2041 1474 2119 pluri-

240 2168 322 2209 mum
349 2167 384 2211 eo
410 2167 506 2228 usque
529 2148 639 2208 Romae
666 2147 833 2224 valuerant,
861 2153 1015 2226 propterea
1042 2147 1120 2226 quod
1142 2149 1179 2208 ab
1201 2148 1364 2226 Hispaniae
1386 2154 1475 2226 parta

240 2262 342 2317 contra
372 2255 622 2333 Francogallicam
658 2256 786 2330 stabant,
824 2255 961 2316 Pontifici
992 2255 1191 2332 Praneogallis
1226 2261 1299 2316 tunc
1334 2257 1475 2334 impense

240 2364 352 2424 faventi
374 2365 406 2424 iu
429 2363 529 2423 odium
552 2367 704 2424 venerunt.
752 2363 923 2440 Ciampolus
946 2380 1034 2440 quem
1056 2364 1122 2440 ipse
1145 2363 1295 2424 Galilaeus
1317 2363 1474 2425 Maecena-

240 2477 300 2532 tem
324 2489 412 2532 suum
434 2469 617 2546 vocaverat,l
639 2471 677 2530 ad
699 2471 904 2548 magistratum
927 2469 1089 2547 gerendum
1112 2471 1197 2548 quasi
1220 2471 1292 2531 extri
1314 2471 1347 2531 in
1369 2473 1473 2550 Apen-

240 2579 327 2638 niuos
354 2579 465 2638 missus
493 2583 545 2638 est
591 2578 697 2656 Itaque
724 2596 758 2638 co
786 2583 931 2656 tempore,
959 2595 1017 2656 quo
1044 2595 1115 2655 prae
1142 2579 1247 2638 ceteris
1271 2577 1397 2640 Galilaei
1422 2581 1474 2640 ad·
1571 2581 1572 2634 i

240 2685 379 2745 versariis
392 2685 522 2745 Jesuitae
540 2690 745 2762 tempestatem
763 2685 907 2746 adversus
925 2703 992 2746 eum
1007 2685 1175 2761 movebant,
1193 2686 1299 2746 horum
1313 2689 1473 2748 sententiis

241 2793 378 2852 Urbanus
400 2795 494 2852 totum
518 2809 550 2852 se
573 2791 661 2852 dedit.
707 2792 800 2853 Paulo
823 2797 892 2852 ante
914 2792 945 2852 in
968 2792 1145 2869 gravissime
1166 2792 1366 2869 contentione,
1395 2813 1473 2873 quae

239 2900 278 2960 iis
301 2900 334 2958 in
357 2899 515 2961 Germania
536 2917 604 2960 cum
627 2899 695 2960 aliis
718 2900 871 2960 ordinibus
894 2905 969 2972 erat,
992 2901 1025 2960 in
1047 2919 1148 2960 eorum
1171 2905 1266 2961 castra
1289 2903 1474 2962 transierat.2

241 3007 299 3083 Qui
321 3007 368 3066 illi
390 3012 614 3086 persuaserunt,
644 3007 786 3068 Censores
809 3026 903 3086 quum
925 3008 1115 3086 imprimendi
1138 3007 1206 3068 libri
1228 3008 1379 3068 licentiam
1402 3029 1473 3070 con-

240 3116 413 3191 cessissent,
436 3115 639 3193 turpissimam
661 3115 795 3175 fraudem
818 3115 959 3192 subiisse3
983 3133 1089 3176 novam
1110 3115 1278 3193 opinionem
1296 3118 1473 3177 astronomi-

240 3242 305 3284 cam
328 3223 469 3284 ecelesiae
491 3224 610 3283 noxiam
634 3241 712 3298 esse,
735 3223 825 3282 immo
844 3222 1133 3298 Haeresiarcharum,
1157 3222 1280 3283 Lutheri
1303 3230 1333 3284 et
1352 3223 1472 3284 Calvini

240 3331 394 3406 doctrinis,
417 3330 664 3408 perniciosiorem.
711 3328 827 3408 Quippe
849 3330 903 3390 toti
926 3348 1065 3390 ararum
1086 3330 1251 3410 visibilium
1274 3331 1374 3408 specie
1397 3350 1472 3409 pen-

240 3438 343 3498 dentes
366 3438 593 3512 contendebant,
616 3437 674 3497 nisi
698 3443 776 3498 terre
798 3456 836 3498 ex
854 3437 1023 3498 Aristotelis
1047 3437 1194 3498 sententia
1211 3443 1346 3498 centrum
1364 3440 1473 3499 mundi

240 3549 411 3623 poneretur,
439 3545 528 3604 etiam
552 3543 704 3605 Christum
731 3549 867 3606 centrum
893 3545 997 3604 mundi
1025 3545 1178 3624 spirituale
1201 3563 1267 3606 esse
1288 3564 1349 3606 non
1370 3564 1470 3624 posse.

239 3652 394 3712 Praeterea
416 3651 552 3712 nonnulli
575 3651 712 3712 Pontifici
734 3652 960 3713 insusurrabant
982 3653 1107 3731 aliquid,
1131 3653 1209 3731 quod
1231 3653 1380 3732 privatum
1404 3654 1472 3730 ejus

240 3759 338 3820 odium
362 3759 503 3835 conciret,
526 3765 679 3820 monentes
698 3759 863 3821 Galilaeum
882 3759 1134 3838 sapientissimum
1152 3766 1253 3822 contra
1272 3761 1470 3838 Copernicum

239 3873 460 3944 argumentum,
494 3867 571 3946 quod
605 3867 856 3943 ,Sanctissimus‘,
888 3886 977 3946 quem
1009 3868 1157 3944 dicebant,
1189 3869 1226 3928 ab
1257 3869 1472 3946 omnipotentia

239 3975 340 4034 divina
367 3975 590 4052 assumpsisset,
618 3975 650 4034 in
673 3975 834 4054 Simplicii,
862 3975 1077 4053 simplicissimi
1105 3975 1235 4036 hominis
1261 3994 1311 4036 cre
1337 3976 1471 4053 positum

239 4081 327 4140 nrum
349 4083 464 4143 recissa.
991 4073 993 4078 ’

347 4188 405 4264 Qui
433 4208 502 4250 vero
529 4191 675 4267 ejusmodi
698 4190 759 4251 odii
781 4191 863 4252 virus
887 4191 1071 4266 evomebant,
1099 4189 1188 4250 iidem
1211 4208 1271 4250 non
1293 4190 1393 4250 minus
1416 4209 1469 4250 ne-

239 4295 328 4356 fanda
359 4297 540 4374 adulatione,
573 4298 605 4357 in
636 4317 695 4376 qua
726 4297 829 4358 eadem
860 4298 923 4359 veri
954 4297 1100 4376 neglectio
1133 4297 1282 4376 apparuit,
1314 4297 1469 4360 Pontificis

348 4541 375 4610 1)
395 4540 481 4609 Opere
499 4541 541 4596 IX
560 4543 619 4596 177.

347 4629 375 4699 a)
393 4627 430 4682 M.
448 4628 520 4685 Julio
539 4633 570 4685 A.
592 4629 669 4686 1629.
706 4629 745 4686 Cl.
764 4629 870 4700 Paule,
888 4629 987 4702 Ptpsta
1007 4631 1031 4684 2.
1047 4631 1117 4686 dull.
1136 4631 1165 4686 Il
1182 4631 1235 4687 558
1249 4647 1270 4686 s.
