3144 5092
223 200 259 255 86
767 195 855 252 Oarur
873 197 906 251 V.

224 408 285 464 tem
316 403 394 462 inter
417 401 579 464 1111111111
612 400 762 478 vigentem
789 401 826 460 ab
854 399 958 460 Itaiico
988 399 1144 460 arcendam
1171 417 1239 460 esse
1268 405 1488 478 putaverant,

224 510 438 588 Inquisitorum
462 510 561 568 surore
583 507 726 585 impedire
748 527 808 568 non
831 507 942 586 potuit,
971 507 1130 586 quominus
1153 514 1337 586 superesset
1364 510 1488 567 utrim-

224 637 282 696 que
300 617 419 695 aliquod
437 617 577 677 bonarum
596 615 762 676 litterarum
780 615 942 676 vinculum
975 614 1118 692 Inprimis
1131 616 1354 676 communibus
1372 617 1485 676 seien-
1548 609 1550 662 1

225 726 283 786 tiae
310 724 454 784 naturalis
477 723 598 798 studiis,
626 742 644 782 a
665 723 894 783 Melanchthone
921 722 1000 782 haud
1023 723 1133 782 frustra
1155 722 1320 799 insigniter
1348 724 1485 801 praedi·
1548 749 1550 784 1

225 833 299 892 catis
307 831 343 912 ¹),
380 833 458 891 iuter
494 831 675 891 clarissimos
712 831 868 908 utriusque
904 829 1015 906 gentis,
1053 831 1143 889 immo
1174 831 1264 890 etiam
1298 832 1485 892 universae
1549 889 1550 918 ,

224 941 360 1018 Europae
386 939 466 999 viros
493 957 604 998 novum
630 937 777 998 amicitiae
799 937 904 998 foedus
924 937 1062 1016 junctum
1084 941 1137 998 est
1184 937 1279 1014 Cujus
1303 938 1355 998 rei
1385 940 1482 998 initia

225 1047 310 1126 quasi
337 1045 546 1124 conspicienda
572 1046 614 1106 ita
641 1045 859 1123 praebebimus,
886 1049 921 1105 ut
947 1045 1070 1122 Kepleri
1102 1049 1132 1104 et
1161 1043 1286 1106 Galilaei
1315 1045 1480 1118 indolem,

226 1155 299 1230 vim,
331 1159 465 1214 mutuam
496 1153 746 1223 necessitudinem
775 1153 904 1214 breviter
930 1152 1139 1212 describamus.
1189 1152 1275 1212 Unde
1306 1154 1417 1212 simul
1448 1165 1479 1212 et

225 1262 342 1322 diversa
358 1262 590 1322 Romaneneium
612 1279 647 1321 ac
665 1260 906 1324 Germanicarum
928 1260 1063 1337 gentium
1085 1259 1229 1336 condicio,
1253 1265 1283 1319 et
1307 1261 1477 1321 invictum

226 1369 358 1428 veritatis
380 1369 473 1429 1111111
497 1368 654 1429 violentiae
676 1369 766 1428 armis
790 1367 968 1428 noemenias
991 1368 1081 1426 robur
1103 1367 1263 1444 apparebit.

331 1475 494 1552 Keplerum
520 1480 551 1535 et
574 1475 753 1551 (1111111111,
782 1475 860 1554 quod
883 1475 921 1534 ad
943 1493 1099 1536 commune
1121 1473 1348 1552 investigandae
1375 1483 1475 1536 nat-u·

225 1601 275 1642 rae
307 1582 440 1642 studium
472 1601 526 1660 per
551 1583 701 1660 Europam
727 1587 922 1662 propagatum
948 1583 1090 1661 pertinet,
1121 1600 1223 1642 revera
1249 1601 1322 1660 prae
1350 1587 1474 1644 eeteris

225 1689 361 1750 omnibus
393 1707 496 1750 recens
527 1690 706 1768 reipublicae
736 1690 895 1751 litterariae
926 1707 1034 1750 aevum
1066 1689 1258 1766 inaugurasae
1289 1690 1350 1749 riri
1382 1692 1471 1752 dccu'
1549 1743 1550 1762 ,

225 1797 421 1858 consentiunt.
464 1797 553 1858 Multi
572 1797 692 1876 quidem
710 1798 764 1858 illo
783 1797 882 1858 seculo
901 1801 1054 1873 noverant,
1078 1797 1225 1858 doctrinas
1243 1797 1409 1875 physicas,
1436 1801 1469 1858 in

226 1905 337 1966 scholis
360 1925 378 1965 a
405 1905 499 1966 servis
522 1905 691 1966 Aristotelis
715 1905 907 1966 sectatoribus
934 1904 1070 1979 traditas,
1098 1905 1275 1965 correctione
1302 1910 1335 1965 et
1365 1908 1466 1966 refor-
1549 1885 1550 1906 ¹

225 2014 355 2074 mationa
378 2032 471 2091 cgere.
517 2013 610 2073 Erant
632 2013 683 2091 qui
707 2013 885 2073 concitatum
907 2012 1017 2091 ubique
1039 2011 1169 2072 intrandi
1192 2012 1225 2070 in
1247 2030 1350 2072 rerum
1371 2021 1465 2074 natu-

224 2139 274 2182 rae
301 2121 464 2199 panstalia
491 2120 671 2182 desiderium
698 2139 767 2180 cum
789 2120 944 2180 Paraoelso
972 2119 1147 2196 excogitatis
1169 2119 1306 2196 mysticis
1329 2121 1464 2198 phanta-

226 2229 286 2289 siae
313 2229 464 2306 figmentis
491 2228 599 2306 partim
626 2227 788 2305 ingeniosis
810 2227 919 2305 partim
942 2227 1122 2287 immanibus
1145 2226 1267 2304 explere
1289 2229 1461 2289 studerent

225 2336 281 2396 His
309 2337 424 2395 obviam
447 2339 552 2396 euntes
575 2335 640 2412 alii,
669 2336 847 2414 quibusnam
870 2333 1025 2394 severioris
1048 2334 1121 2394 artis
1143 2333 1265 2394 auxiliis
1287 2335 1325 2394 ad
1347 2354 1461 2414 propo

226 2443 317 2502 situm
335 2443 425 2502 finem
443 2443 674 2520 appropinquari
692 2442 836 2519 paulatim
854 2446 967 2519 posset,
986 2441 1140 2502 ostendere
1158 2445 1326 2518 coeperunt
1371 2442 1458 2517 Quod

225 2553 259 2608 ut
290 2549 421 2608 saniores
453 2553 551 2609 mente
582 2549 721 2627 aequales
752 2554 946 2625 agnoscerent
977 2567 1063 2608 nemo
1091 2549 1161 2626 plus
1189 2549 1329 2624 contulit,
1362 2570 1455 2628 quam

226 2655 325 2731 magni
356 2653 402 2712 illi
435 2673 509 2732 quos
536 2656 754 2716 nominavimus
781 2655 850 2730 viri,
883 2675 976 2734 quum
1004 2661 1034 2716 ot
1060 2675 1078 2715 a
1109 2657 1198 2716 certis
1230 2657 1454 2734 experimentis,

226 2780 301 2840 quae
333 2761 471 2822 sensibus
499 2780 531 2822 se
558 2763 744 2839 ingerebant,
777 2761 949 2824 inductione
976 2763 1120 2841 pmdatim
1148 2763 1268 2840 longius
1296 2767 1453 2842 progrede-

224 2873 338 2944 rentur,
362 2869 446 2929 etad
464 2869 646 2930 definiendas
665 2873 786 2930 naturae
804 2871 887 2946 leges
906 2871 1069 2931 doctrinam
1088 2871 1338 2946 mathematicam,
1362 2873 1450 2932 etiam

226 2977 387 3037 invitorum
422 2977 545 3038 rationis
576 2995 732 3038 assensum
765 2977 849 3056 quasi
881 2982 1118 3056 extorquentem,
1156 2977 1346 3056 applicarent
1403 2980 1450 3040 Sic

225 3085 374 3163 Keplerus
403 3085 488 3162 ,Sine
515 3085 727 3164 experimentis
750 3085 890 3163 propriis,
918 3085 1028 3163 inquit,
1055 3085 1132 3144 nihil
1155 3087 1289 3146 111111.ι1
1333 3085 1373 3146 Et
1392 3087 1448 3147 alio

224 3194 301 3268 loce,
329 3195 366 3254 de
388 3193 514 3254 Roberto
537 3193 662 3254 Fluddio
689 3193 837 3252 Paracelsi
864 3192 1012 3270 discipulo
1039 3193 1112 3254 haec
1138 3193 1223 3253 dicit:
1253 3193 1336 3271 ,Ipse
1357 3194 1447 3272 pluri·

1548 469 1550 524 1

130 3319 134 3332 ·
225 3319 307 3359 mum
334 3301 497 3360 delectatur
523 3319 624 3361 rerum
651 3300 867 3377 aenigmatibus
894 3301 1072 3376 tenebrosis,
1105 3319 1198 3379 quum
1221 3319 1275 3377 ego
1298 3319 1346 3361 res
1368 3301 1446 3379 ipsas

224 3407 401 3468 obscuritate
424 3407 572 3468 involutas
595 3407 626 3466 in
645 3408 743 3468 lucem
761 3407 931 3468 intellectus
950 3408 1080 3485 proferre
1098 3409 1188 3485 nitar;
1212 3408 1288 3468 illud
1306 3409 1446 3469 1111111111

225 3518 271 3573 111
298 3514 456 3590 chymicis,
485 3515 668 3590 hermetiois,
696 3513 912 3592 paracelsistis,
939 3515 996 3574 hoe
1022 3514 1176 3592 proprium
1203 3515 1312 3576 babent
1338 3517 1445 3576 mathe

224 3621 361 3681 matioi.‘⁸
409 3623 467 3682 Pro
499 3627 544 3682 tot
570 3622 693 3683 occultis
716 3641 884 3700 corporum,
912 3640 986 3700 quas
1013 3641 1067 3700 pro
1095 3622 1192 3682 lubitu
1215 3628 1287 3682 tunc
1308 3623 1444 3699 imagina-

224 3730 331 3788 bantur
358 3729 491 3807 physici,
524 3729 728 3808 qualitatibus,
761 3747 862 3790 eorum
894 3729 1090 3808 quantitatem
1119 3735 1149 3790 et
1176 3749 1230 3807 per
1256 3731 1442 3808 quantitatem

223 3842 320 3896 cetera
352 3837 450 3932 omnia
477 3855 632 3916 quousque
659 3837 723 3897 fieri
745 3843 847 3916 posset
873 3838 1010 3916 pernosci
1037 3837 1144 3913 voluit,
1176 3837 1232 3897 hac
1255 3837 1381 3898 maxime
1405 3856 1441 3898 ex

331 4049 357 4118 1)
377 4049 415 4104 Oi.
432 4049 623 4104 Commentatio
637 4065 698 4104 mea
711 4049 743 4102 de
758 4047 963 4104 Melanchtbone
981 4047 1141 4119 reipublicae
1159 4047 1303 4104 litterariae
1322 4047 1437 4104 11111111-

222 4139 264 4190 tor
316 4179 322 4190 .
417 4179 422 4191 .

263 4154 278 4192 θ
297 4155 314 4207 p
330 4139 484 4298 2101111111
508 4244 589 4298 opera
606 4229 646 4282 ed.
667 4227 760 4282 Frisch
778 4228 804 4282 V
824 4228 877 4282 224
901 4229 938 4298 (id
962 4229 1033 4298 quod
1056 4227 1089 4281 da
1109 4227 1262 4297 conjectura
1280 4227 1389 4297 quadam
1405 4229 1437 4283 ibi

221 4317 386 4386 pronuntiat,
407 4318 487 4372 etiam
504 4317 599 4374 latiore
616 4333 697 4373 sensu
716 4334 778 4372 eum
796 4319 915 4374 tenuisse
934 4320 1056 4387 constat).

328 4407 356 4474 3)
374 4407 477 4461 ibidem
495 4407 520 4460 V
539 4407 599 4462 332.
638 4407 675 4463 Cf.
699 4407 809 4462 Euckan
831 4407 871 4462 iu:
901 4407 1129 4476 Schaarschmidt,
1153 4405 1365 4478 philosophische
1385 4405 1434 4462 111·

221 4492 353 4549 1111111111
371 4493 438 4550 XIV
458 4497 518 4552 325.
