3156 5056
238 282 291 337 204
719 285 821 336 Passis
841 284 953 336 Parente

238 507 270 558 ut
292 499 538 573 perniciosissimo
563 499 808 572 indulgentiarum
834 500 950 574 abusui,
981 505 1049 558 tunc
1071 515 1140 557 vere
1163 499 1341 557 intolerabili
1363 497 1452 572 facto,

237 604 352 677 publice
374 611 557 679 occurreret,
587 604 778 678 protrahebat
801 620 867 664 eum
887 609 989 677 postea
1011 604 1133 663 invitum
1156 604 1187 660 in
1208 603 1343 662 latiorem
1365 605 1450 676 quasi

239 725 356 768 scenam
379 708 481 769 eadem
504 710 695 782 conscientia,
718 727 824 784 cogens
846 725 925 782 eum,
948 715 980 768 ut
1002 709 1168 782 terimam,
1195 724 1281 781 quam
1304 709 1451 766 interioris

240 814 327 872 animi
368 815 550 888 experientia
591 819 739 873 assecutus
783 818 851 872 curn
886 814 1036 886 evangelio
1071 829 1106 870 ac
1144 812 1256 872 ratione
1294 828 1451 886 congruam

239 924 429 993 cognmerat,
452 931 554 977 contra
576 919 718 978 ecclesiae
741 919 909 992 optimates,
933 918 1062 991 ejusdem
1085 917 1216 976 veritatis
1237 917 1451 975 revocationem

238 1029 405 1096 poscentes,
427 1021 548 1082 firmiter
570 1028 686 1082 teneret
709 1029 795 1095 atque
819 1021 999 1082 detenderet.
1038 1023 1095 1082 Sed
1119 1027 1151 1079 ut
1173 1022 1210 1080 ab
1232 1021 1277 1079 bis
1299 1021 1388 1080 initiis
1411 1021 1450 1080 ad

238 1126 450 1186 reformandam
484 1129 636 1187 eeclesiam
670 1127 782 1202 longius
815 1127 1002 1201 procederet,
1034 1144 1070 1186 ea
1100 1129 1160 1200 via,
1195 1143 1281 1199 quam
1312 1125 1451 1184 Erasmus

237 1231 344 1304 passim
371 1229 597 1307 significaverat,
627 1232 818 1306 ingredienda
849 1232 876 1291 ei
909 1238 988 1305 erat3
1021 1247 1115 1303 nequo
1145 1231 1176 1289 id
1201 1231 1253 1288 illo
1279 1247 1366 1304 aevo,
1393 1247 1450 1304 quo

238 1337 351 1396 cultura
373 1353 441 1396 vere
464 1337 590 1396 bumana
612 1355 678 1398 curn
697 1339 813 1411 puriore
837 1337 979 1411 religione
1003 1336 1205 1410 conjungenda
1227 1353 1246 1394 a
1267 1334 1451 1394 nobilissimis

239 1440 363 1514 ingeniis
396 1442 502 1517 ubique
535 1442 764 1518 efflagitabatur,
800 1442 926 1502 feliciter
959 1439 1023 1500 fieri
1057 1445 1174 1514 poterat
1206 1441 1262 1498 nisi
1295 1442 1449 1514 assumptis

239 1546 337 1603 variae
372 1562 407 1604 ac
439 1549 615 1622 multiplicis,
649 1565 734 1620 quam
763 1547 902 1606 Erasmus
930 1547 1090 1620 obtulerat,
1127 1545 1298 1604 eruditionis
1328 1545 1450 1604 auxiliis.

239 1649 322 1708 Hane
342 1667 378 1708 ex
398 1651 473 1710 illius
496 1653 611 1726 scriptis
626 1653 785 1726 Lametus,
809 1658 841 1710 nt
862 1653 893 1710 in
914 1652 1050 1726 epistola,
1071 1667 1157 1724 quam
1172 1652 1296 1724 primam
1315 1651 1344 1708 ei
1364 1651 1450 1722 nisit,

238 1753 300 1826 ipse
329 1753 451 1828 fatetur,
479 1773 532 1830 per
561 1758 631 1816 satis
660 1758 776 1828 longum
806 1763 919 1830 tempus
941 1755 1068 1829 quotidie
1094 1753 1157 1814 iere
1180 1755 1349 1829 hauriebat,
1376 1755 1450 1814 banc

240 1875 275 1916 ex
296 1856 398 1916 eodem
420 1859 500 1918 fonte
521 1863 642 1936 largitor
662 1863 792 1920 haustam
813 1861 1054 1935 praestantissimi
1071 1861 1142 1920 socii
1165 1860 1193 1918 ei
1215 1859 1383 1920 afferebant.

326 1963 406 2035 Quae
434 1966 531 2026 omnia
560 1968 603 2025 ita
629 1983 661 2026 se
688 1967 798 2028 habere
829 1967 915 2026 facile
941 1971 1071 2040 apparet.
1124 1965 1241 2024 Etenim
1269 1965 1300 2023 id
1329 1965 1449 2038 primum

239 2067 270 2125 in
297 2076 431 2143 promptu
461 2077 520 2144 est,
549 2072 722 2148 botherum,
752 2089 837 2145 quum
866 2073 949 2130 initio
978 2087 1031 2145 pro
1059 2071 1169 2142 pietate
1194 2085 1247 2128 sua
1268 2070 1450 2142 pervolgatas

239 2171 352 2232 fabulas
374 2180 405 2232 et
427 2177 568 2234 ementita
590 2177 778 2250 documenta,
807 2177 911 2250 quibus
939 2176 1158 2234 divinatoriae
1180 2174 1330 2234 Romame
1353 2177 1449 2233 anctu-

239 2277 311 2334 ritas
332 2279 493 2354 nitebatur,
521 2299 575 2354 pro
598 2283 674 2340 veris
691 2283 867 2356 accepisset,
894 2283 1033 2355 paulatim
1057 2280 1173 2340 Erasmi
1194 2281 1318 2338 maxime
1337 2279 1450 2352 scriptis

239 2383 396 2440 excitatum
423 2391 455 2443 et
484 2384 617 2444 edoctum
647 2386 684 2444 ad
707 2389 851 2446 saniorem
875 2387 955 2445 illam
977 2403 1073 2446 rerum
1096 2385 1300 2450 historicarum
1322 2390 1449 2444 contem·

238 2485 397 2557 piationem
417 2490 600 2562 pervenisse,
623 2507 681 2562 qna
699 2493 759 2563 jam
780 2493 811 2550 in
833 2492 1027 2563 disputatione
1045 2491 1180 2564 Lipsiaca
1202 2505 1269 2547 usus
1291 2495 1344 2547 est.
1383 2488 1448 2561 lpse

239 2589 328 2646 multo
357 2597 424 2662 post
445 2591 558 2650 Erasmi
590 2600 711 2652 mortem
734 2597 805 2654 satis
830 2603 966 2654 accurate
988 2595 1170 2668 recordatur,
1199 2600 1336 2667 quantam
1364 2595 1394 2652 in
1418 2611 1449 2651 se

240 2691 296 2748 rim
327 2692 441 2752 libellus
470 2697 533 2770 ejus
565 2701 742 2771 exercuerit,
772 2717 828 2772 quo
857 2701 894 2759 de
916 2701 1010 2759 Husso
1034 2699 1222 2758 Constantine
1246 2705 1375 2758 cremato
1399 2698 1449 2756 sed

181 2863 187 2874 ι
239 2811 297 2853 non
319 2798 445 2858 refutato
467 2801 580 2860 locutus
603 2808 656 2862 est.
701 2804 791 2862 Immo
814 2822 900 2878 quum
923 2810 1077 2880 memorat,
1099 2822 1131 2864 se
1154 2804 1233 2864 baud
1255 2805 1340 2876 longe
1362 2821 1448 2877 quon·

240 2900 306 2960 dam
329 2901 455 2963 abfuisse
484 2923 502 2964 a
531 2907 683 2966 scribendo
714 2916 816 2968 contra
845 2911 968 2970 audacia
992 2910 1107 2968 Erasini
1136 2911 1173 2968 de
1204 2915 1311 2983 papatu
1335 2909 1448 2983 judicia,

240 3025 324 3068 nemo
353 3007 509 3085 dubitabit,
538 3013 604 3084 quin
635 3015 719 3072 simul
751 3015 858 3072 stimuli
885 3015 953 3073 inde
976 3016 1006 3072 in
1027 3015 1122 3072 auimo
1145 3015 1239 3072 relicti
1263 3020 1331 3072 tuno
1353 3016 1450 3072 merni-

240 3111 342 3172 ιιιιιιι.1
377 3114 459 3185 Quae
480 3117 557 3174 enim
578 3117 629 3176 ille
644 3124 745 3178 eontra
759 3120 862 3176 nimios
877 3117 1047 3179 Pontificius
1063 3119 1243 3178 auctoritatis
1259 3125 1289 3177 et
1303 3119 1449 3191 potentiae

240 3219 381 3292 vindices,
408 3221 541 3279 veriatis
569 3221 725 3281 historicae
752 3239 853 3296 parum
882 3223 1023 3296 curiosos,
1053 3225 1228 3296 protulerat,
1256 3240 1291 3281 eo
1319 3224 1450 3296 graviora

241 3329 339 3394 crant,
361 3341 417 3394 quo
440 3325 532 3398 magis
554 3333 726 3398 argumenta
747 3345 801 3384 sua
822 3345 840 3384 a
861 3327 953 3386 solida
973 3333 1232 3398 rerumgestarum
1248 3329 1353 3387 notitia
1367 3344 1449 3400 repe-

240 3425 322 3482 tebat
344 3431 453 3498 etque
475 3429 580 3486 elarius
603 3433 751 3504 apparuit,
774 3449 840 3490 eum
865 3448 924 3490 non
944 3432 1040 3490 hostili
1063 3433 1094 3490 in
1114 3433 1206 3504 ipsam
1231 3432 1330 3490 sedem
1346 3433 1449 3492 Roma-

240 3543 306 3585 nam
328 3530 424 3586 animo
447 3533 568 3604 moveri,
591 3533 643 3591 sed
661 3534 864 3594 modestiorem
879 3535 1023 3609 quendam
1039 3538 1100 3609 ejus
1115 3537 1287 3610 primatum,
1309 3539 1340 3594 in
1362 3537 1449 3594 bisto-

239 3631 299 3690 rieo
328 3632 404 3705 quod
434 3649 486 3691 nos
515 3631 636 3694 dicimus
661 3641 728 3710 jure
758 3640 896 3714 positum,
931 3641 1103 3713 defendere,
1137 3642 1242 3713 quippe
1273 3658 1359 3713 quem
1387 3658 1450 3699 cum

238 3737 362 3796 veritate
393 3744 424 3797 et
452 3755 517 3797 cum
545 3742 687 3799 ecclesiae
716 3744 811 3802 salute
841 3745 933 3802 solnm
961 3746 1119 3804 consistere
1149 3761 1233 3818 posse
1262 3747 1449 3804 existimaret.

238 3840 350 3900 Eodem
376 3844 472 3902 animo
500 3845 588 3903 etiam
614 3845 758 3906 Lutberus
787 3849 886 3921 Papae
917 3851 1119 3908 auctoritatem
1150 3865 1309 3922 agnoscere
1334 3855 1451 3922 paratas

240 3951 317 4021 erat,
347 3946 439 4006 donee
469 3951 578 4008 curiam
609 3952 748 4024 ejusmodi
778 3954 937 4012 modestam
963 3953 1135 4027 dignitatem
1157 3971 1296 4028 respuere
1318 3971 1374 4012 neo
1396 3953 1452 4011 nisi

238 4051 460 4111 antichristiano
483 4055 606 4127 imperio
630 4073 717 4129 super
739 4073 839 4116 omnes
861 4063 959 4116 terrae
983 4058 1100 4116 thronos
1118 4057 1195 4116 elato
1209 4063 1375 4116 contentam
1390 4057 1452 4115 iore

238 4153 416 4225 pedetentim
439 4158 634 4232 intellegeret.
679 4160 759 4218 Tune
788 4166 887 4234 spreto
915 4161 1145 4220 adversariorum
1176 4160 1273 4220 furore
1300 4163 1454 4220 veritatem

239 4259 435 4330 evangelicam
464 4262 679 4336 imperterritus
710 4280 872 4339 propagare
903 4266 1041 4338 perrexit.
1102 4263 1155 4324 (lui
1185 4265 1301 4324 veritati
1329 4265 1392 4338 ipse
1422 4255 1456 4323 et

238 4363 353 4434 seriptis
381 4371 411 4422 et
440 4365 505 4425 viva
533 4383 603 4425 voce
626 4368 669 4426 ita
691 4369 837 4443 inserviit,
867 4373 900 4428 ut
921 4386 985 4428 eum
1009 4369 1132 4443 simplici
1154 4385 1189 4428 ac
1210 4369 1341 4443 populari
1365 4385 1454 4428 evan·

329 4577 355 4647 1)
373 4579 556 4632 Lauterbaeb's
574 4581 713 4645 Tagebueb
733 4587 832 4646 p.108.
