3134 5054
639 310 730 362 Cluen
747 309 780 363 X.
1266 308 1317 366 253

111 529 153 600 qui
174 529 340 602 aequalibus
361 528 481 603 ingenie
504 533 534 587 et
556 527 717 587 eruditione
740 527 900 587 anteibunt.
945 527 999 585 His
1020 546 1085 586 cum
1102 528 1222 586 Erasmo
1240 531 1316 587 siros

107 631 313 700 jurisconsultos
338 634 404 692 illos
432 632 650 706 adjuvantibus,
681 634 730 705 qui
760 633 934 706 postulatum
963 649 981 690 a
1006 632 1156 692 Frideriee
1178 634 1316 706 Supieute

107 737 204 808 justum
231 737 373 810 judicium
406 738 611 796 Germanicum
648 743 749 796 contra
777 737 975 795 Romanenses
1009 737 1214 796 vindicandum
1249 756 1316 796 eeu-

109 841 217 916 sebant,
243 841 352 901 luctum
376 847 435 912 est,
458 847 490 900 ut
513 841 621 900 Caesar
642 838 790 916 Pontifici,
817 842 847 898 iu
870 841 980 900 Italicis
1002 842 1090 900 rebus
1112 842 1167 900 sibi
1191 842 1317 916 cedenti,

110 962 160 1003 non
188 952 315 1022 tantum,
349 953 490 1019 quantum
521 947 582 1019 ipse
611 945 740 1018 volebat,
774 947 805 1003 iu
836 944 1016 1004 Germanicis
1050 945 1154 1005 cedere
1188 947 1317 1005 auderet.

109 1050 201 1123 ltaque
224 1051 379 1120 monacho,
411 1049 592 1109 aPontifiee
615 1051 794 1109 sollemniter
816 1049 967 1124 damnato,
998 1051 1113 1110 litterae
1137 1051 1219 1123 illae,
1246 1067 1317 1123 ‹puas

111 1161 202 1214 centra
222 1172 350 1214 esuoues
374 1155 516 1214 eeclesiae
540 1161 570 1214 et
587 1156 635 1228 jus
657 1159 779 1213 naturae
797 1170 860 1213 esse
877 1153 1025 1213 Aleauder
1043 1155 1188 1227 jactabat,
1211 1155 1316 1213 missae

108 1266 169 1316 suut
200 1277 217 1318 a
249 1259 368 1334 Carolo,
402 1260 446 1318 his
478 1260 574 1319 verbis
606 1260 781 1333 inscriptae:
819 1259 1018 1334 ,Honorabili,
1050 1260 1169 1333 dilectu,
1204 1259 1317 1332 devoto,

109 1363 219 1422 Ductori
242 1365 371 1424 Martino
393 1364 538 1439 Luthero,
567 1363 683 1422 Ordinis
704 1363 928 1437 Augustiniani.‘
973 1362 1106 1422 Eundem
1136 1365 1198 1436 ipse
1224 1365 1318 1436 Impe-

108 1475 182 1526 rutur
203 1471 379 1543 Imperiique
403 1470 552 1542 Principes
576 1486 610 1528 ac
633 1469 775 1528 Procerus
801 1469 832 1526 iu
855 1485 1019 1527 consessum
1042 1485 1124 1526 suum
1147 1468 1318 1541 splendidis-

110 1575 205 1632 simum
228 1574 421 1648 admiserunt,
452 1573 576 1648 benigne
601 1580 630 1631 et
653 1574 801 1647 patienter
822 1573 1008 1648 audiverunt,
1039 1573 1209 1646 promissam
1237 1591 1319 1630 secu-

108 1678 235 1752 ritatem,
258 1679 364 1752 spretis
387 1678 574 1737 clandestinis
594 1677 818 1737 Remanensium
841 1679 977 1752 susurris,
1001 1682 1198 1736 seruauerunt.
1238 1677 1319 1749 Quod

109 1799 161 1840 non
190 1788 303 1842 tuntum
333 1784 446 1842 illustre
468 1785 499 1842 iu
522 1800 607 1842 omne
630 1800 733 1844 aevum
761 1785 923 1856 exemplum
942 1785 1008 1856 jure
1032 1781 1139 1840 dictum
1162 1789 1207 1840 est
1216 1778 1237 1856 ¹,
1267 1782 1319 1840 sed

108 1889 189 1946 etiam
212 1887 342 1947 Luthero
370 1888 551 1946 occasionem
576 1887 710 1960 praebuit
731 1887 902 1962 praestandi
924 1888 1105 1960 praeclaram
1128 1887 1206 1945 illam
1231 1887 1319 1944 animi

107 2009 171 2050 vere
202 1992 353 2051 christiani
383 1991 595 2066 fortitudinem,
626 1993 657 2050 iu
688 2008 745 2065 qua
773 1993 864 2065 ipsius
893 1991 982 2049 divini
1013 1992 1131 2065 spiritus
1159 1991 1317 2064 potentiam

106 2103 223 2156 cunetae
256 2095 398 2168 quondam
432 2102 535 2170 gentes
564 2096 740 2170 laudabunt,
773 2096 968 2155 Palluvicinus
998 2097 1076 2154 enim
1107 2095 1236 2168 Jesuitu,
1270 2096 1319 2167 qui

107 2201 183 2258 illum
218 2217 288 2259 suae
324 2201 440 2274 linguae
473 2200 580 2259 viribus
615 2199 751 2260 confisum
786 2200 975 2260 Wurmetiam
1013 2217 1044 2259 se
1079 2199 1235 2258 contulisse
1269 2201 1320 2274 uit,

106 2305 234 2364 omuibus
256 2305 328 2364 risui
350 2306 415 2364 erit.
461 2305 584 2364 Tantam
606 2305 762 2364 humanam
784 2305 967 2378 prudentiam
990 2321 1024 2362 ae
1046 2305 1216 2374 versutiam,
1238 2321 1319 2362 mun-

106 2409 207 2468 danum
244 2409 350 2468 lustum
385 2426 420 2468 ac
451 2410 630 2484 superbiam,
668 2407 841 2468 infernalem
872 2409 1011 2468 malitiam
1045 2415 1133 2482 atque
1167 2408 1320 2481 ialleciam,

106 2523 209 2586 quauta
229 2516 260 2573 iu
275 2513 395 2588 agendis
410 2515 498 2573 rebus
514 2515 718 2574 ecclesiasticis
734 2514 913 2574 Wormutiue
930 2513 1151 2588 exhibebantur,
1174 2514 1319 2571 Lutherus

106 2617 180 2677 haud
203 2619 291 2693 palene
314 2619 461 2691 perspexit
476 2619 606 2693 quidem,
626 2619 677 2678 scd
693 2617 834 2677 divinavit
849 2633 884 2676 ac
900 2619 983 2676 simul
1000 2618 1180 2692 contempsit.
1218 2618 1319 2690 Neque

106 2727 201 2782 temen
226 2723 292 2782 odio
314 2721 457 2797 flagrabat
478 2723 726 2798 adversariorum,
756 2723 808 2782 sed
830 2739 883 2797 pro
905 2723 940 2780 iis
963 2723 1073 2781 orabat.
1117 2723 1247 2781 Electori
1271 2738 1322 2780 suo

106 2829 234 2902 scripsit,
258 2844 289 2885 se
314 2827 473 2886 Romanam
496 2827 650 2886 eeclesiam
672 2827 820 2886 humiliter
842 2827 986 2886 honorare
1004 2828 1093 2902 velle,
1113 2828 1204 2885 solum
1227 2827 1321 2885 Deum

106 2934 225 3004 ejusque
258 2932 375 2990 verbum
410 2948 442 2988 se
477 2933 503 2991 ei
537 2929 696 3006 praeferre.
757 2931 946 2992 Wormatium
980 2929 1177 3006 proficiscem,
1213 2937 1320 3004 (putante

106 3037 209 3108 spiritu
228 3037 326 3094 omnia
348 3037 478 3109 periculo
498 3043 529 3094 et
552 3036 778 3096 crudelissimam
802 3041 924 3094 mertem
947 3037 1122 3110 neglexerit,
1145 3041 1187 3094 tot
1207 3037 1323 3093 immor-

106 3141 172 3202 tulis
196 3141 354 3199 memoriae
378 3141 468 3199 verim
491 3142 553 3214 ejus
576 3145 727 3199 testentur.
762 3140 807 3198 Ex
830 3139 934 3213 quibus
956 3157 1044 3198 unum
1066 3140 1137 3198 illud
1160 3138 1322 3214 afferemus,

104 3244 180 3316 quod
202 3251 304 3304 contre
326 3243 510 3304 deterrentes
533 3263 599 3304 eum
619 3245 801 3304 aduersarios
823 3245 929 3304 edidit:
955 3243 1099 3320 ‚Christus
1120 3245 1204 3319 vivit,
1227 3253 1257 3304 et
1279 3247 1322 3302 iu·

104 3349 247 3407 trsbimus
276 3349 466 3408 Wormatiam
499 3350 596 3408 invitis
628 3350 761 3409 omuibus
791 3351 883 3422 portis
917 3348 1024 3407 inferni
1057 3365 1092 3408 ac
1125 3349 1321 3421 potentatibus

103 3453 201 3512 aeris}
244 3453 289 3512 De
316 3453 403 3512 Hussi
425 3455 504 3512 exitu
533 3471 551 3512 a
576 3454 728 3527 permultis
752 3452 995 3512 eonumouefactus
1019 3461 1077 3527 est,
1108 3455 1159 3513 sed
1182 3471 1239 3513 nun
1259 3469 1323 3512 cre-

104 3563 213 3616 matam
243 3574 307 3616 curn
334 3558 429 3617 llusso
459 3559 613 3618 veritatem
642 3574 707 3617 esse
729 3559 831 3617 tenuit.
887 3558 1018 3616 Eundem
1041 3559 1208 3629 ueritatem,
1236 3576 1321 3630 quam

104 3661 204 3720 divine
236 3664 331 3734 gratia
364 3679 395 3720 se
428 3663 596 3736 cognovisse
627 3679 796 3735 persuasum
826 3662 966 3736 habebat,
997 3666 1085 3734 utque
1118 3665 1320 3720 intemeratam

105 3766 312 3824 censcientiam
334 3766 478 3840 impavide
502 3773 618 3825 secutus
639 3772 692 3828 est.
730 3767 791 3825 lluc
814 3767 908 3824 animo
933 3783 1029 3824 corum
1050 3766 1176 3824 Caesare
1192 3765 1323 3838 Imperii-

106 3887 163 3941 que
182 3869 337 3929 Ordinibus
359 3871 468 3943 scriptu
490 3886 555 3944 sua,
579 3871 747 3944 priusquam
770 3873 826 3930 rite
848 3870 975 3929 refutata
996 3877 1107 3943 essent,
1132 3875 1233 3927 centra
1255 3885 1322 3926 cen·

106 3975 259 4033 scientiam
281 3977 443 4047 promiscue
465 3991 605 4034 reuocare
628 3975 730 4034 abnuit
751 3981 781 4034 et
802 3975 893 4034 uerba
914 3975 965 4032 ills
988 3973 1092 4031 edidit:
1121 3973 1185 4029 Non
1208 3989 1322 4045 possum

107 4078 207 4152 aliter,
231 4079 278 4137 lrie
301 4084 361 4153 sto,
385 4079 463 4139 Deus
486 4096 532 4137 une
555 4079 686 4154 adjuvet,
709 4079 812 4138 Amen.
857 4078 1006 4150 Quumque
1026 4082 1128 4150 postea
1150 4093 1185 4134 ex
1208 4076 1323 4151 publico

107 4179 244 4240 mandate
267 4182 347 4240 missi
367 4181 510 4240 duumuiri
532 4183 559 4241 ei
583 4181 818 4256 denuntiassent,
846 4189 878 4239 ut
907 4199 942 4238 ex
966 4181 1036 4240 urbe
1060 4180 1170 4255 abiret,
1199 4181 1324 4240 addidis-

107 4291 243 4361 senlque,
267 4287 417 4360 ,quonium
441 4287 479 4345 ad
501 4303 551 4344 eor
574 4293 605 4346 et
628 4289 768 4346 unitatem
791 4285 887 4344 redire
911 4287 1063 4360 noluisset,
1087 4285 1242 4346 Caesarem
1260 4291 1324 4359 post

109 4389 222 4462 elapsos
251 4391 377 4463 reliquos
406 4391 492 4449 datae
523 4392 688 4450 securitatis
711 4391 787 4464 dies,
815 4395 848 4447 ut
870 4389 1039 4448 silvecatum
1062 4389 1130 4448 fidei
1153 4391 1323 4467 catholicae,

107 4523 363 4534 —————---

198 4609 223 4676 1)
243 4607 402 4661 Suckuudori
418 4609 511 4671 I,156.
