<?xml version="1.0" encoding="UTF-8"?>
<!DOCTYPE html PUBLIC "-//W3C//DTD XHTML 1.0 Transitional//EN"
    "http://www.w3.org/TR/xhtml1/DTD/xhtml1-transitional.dtd">
<html xmlns="http://www.w3.org/1999/xhtml" xml:lang="en" lang="en">
 <head>
  <title>
</title>
<meta http-equiv="Content-Type" content="text/html;charset=utf-8" />
  <meta name='ocr-system' content='tesseract 3.04.00' />
  <meta name='ocr-capabilities' content='ocr_page ocr_carea ocr_par ocr_line ocrx_word'/>
</head>
<body>
  <div class='ocr_page' id='page_1' title='image "./erasmusredivivu00schlgoog_0224.png"; bbox 0 0 3156 5056; ppageno 0'>
   <div class='ocr_carea' id='block_1_1' title="bbox 629 308 1335 363">
    <p class='ocr_par' dir='ltr' id='par_1_1' title="bbox 629 308 1335 363">
     <span class='ocr_line' id='line_1_1' title="bbox 629 308 1335 363; baseline -0.003 -1"><span class='ocrx_word' id='word_1_1' title='bbox 629 314 721 362; x_wconf 81' lang='lat' dir='ltr'><strong>Osrun</strong></span> <span class='ocrx_word' id='word_1_2' title='bbox 737 312 810 363; x_wconf 88' lang='lat' dir='ltr'>VIII.</span> <span class='ocrx_word' id='word_1_3' title='bbox 1285 308 1335 362; x_wconf 79' lang='grc'><strong>207</strong></span> 
     </span>
    </p>
   </div>
   <div class='ocr_carea' id='block_1_2' title="bbox 120 506 1345 4344">
    <p class='ocr_par' dir='ltr' id='par_1_2' title="bbox 120 506 1345 4238">
     <span class='ocr_line' id='line_1_2' title="bbox 120 506 1337 585; baseline -0.007 -14"><span class='ocrx_word' id='word_1_4' title='bbox 120 514 159 571; x_wconf 90' lang='lat' dir='ltr'><strong>ad</strong></span> <span class='ocrx_word' id='word_1_5' title='bbox 181 513 303 572; x_wconf 87' lang='lat' dir='ltr'><strong>Luthori</strong></span> <span class='ocrx_word' id='word_1_6' title='bbox 327 513 478 585; x_wconf 89' lang='lat' dir='ltr'><strong>epistolam</strong></span> <span class='ocrx_word' id='word_1_7' title='bbox 501 527 588 583; x_wconf 88' lang='lat' dir='ltr'><strong>supra</strong></span> <span class='ocrx_word' id='word_1_8' title='bbox 610 513 861 568; x_wconf 76' lang='lat' dir='ltr'><strong>commemoratam</strong></span> <span class='ocrx_word' id='word_1_9' title='bbox 885 507 1055 580; x_wconf 81' lang='lat' dir='ltr'><strong>respondet,</strong></span> <span class='ocrx_word' id='word_1_10' title='bbox 1084 508 1146 565; x_wconf 91' lang='lat' dir='ltr'><strong>sine</strong></span> <span class='ocrx_word' id='word_1_11' title='bbox 1171 506 1337 564; x_wconf 72' lang='lat' dir='ltr'><strong>adulatione</strong></span> 
     </span>
     <span class='ocr_line' id='line_1_3' title="bbox 121 599 1338 690; baseline -0.006 -16"><span class='ocrx_word' id='word_1_12' title='bbox 121 617 267 676; x_wconf 83' lang='lat' dir='ltr'><strong>sedeatis</strong></span> <span class='ocrx_word' id='word_1_13' title='bbox 290 621 392 690; x_wconf 81' lang='lat' dir='ltr'><strong>aperte</strong></span> <span class='ocrx_word' id='word_1_14' title='bbox 415 613 564 690; x_wconf 88' lang='lat' dir='ltr'><strong>significat.</strong></span> <span class='ocrx_word' id='word_1_15' title='bbox 610 613 736 672; x_wconf 85' lang='lat' dir='ltr'><strong>Videbat</strong></span> <span class='ocrx_word' id='word_1_16' title='bbox 758 610 882 672; x_wconf 90' lang='lat' dir='ltr'><strong>eandem</strong></span> <span class='ocrx_word' id='word_1_17' title='bbox 906 627 1037 685; x_wconf 83' lang='lat' dir='ltr'><strong>causam,</strong></span> <span class='ocrx_word' id='word_1_18' title='bbox 1058 599 1144 684; x_wconf 84' lang='lat' dir='ltr'><strong>quam</strong></span> <span class='ocrx_word' id='word_1_19' title='bbox 1167 611 1230 684; x_wconf 88' lang='lat' dir='ltr'><strong>ipse</strong></span> <span class='ocrx_word' id='word_1_20' title='bbox 1253 611 1338 668; x_wconf 88' lang='lat' dir='ltr'><strong>susti-</strong></span> 
     </span>
     <span class='ocr_line' id='line_1_4' title="bbox 122 715 1340 794; baseline -0.005 -16"><span class='ocrx_word' id='word_1_21' title='bbox 122 727 219 794; x_wconf 81' lang='lat' dir='ltr'>neret,</span> <span class='ocrx_word' id='word_1_22' title='bbox 240 720 344 778; x_wconf 91' lang='lat' dir='ltr'><strong>abillo</strong></span> <span class='ocrx_word' id='word_1_23' title='bbox 360 717 476 778; x_wconf 85' lang='lat' dir='ltr'><strong>fortiter</strong></span> <span class='ocrx_word' id='word_1_24' title='bbox 491 719 554 793; x_wconf 84' lang='lat' dir='ltr'><strong>agi,</strong></span> <span class='ocrx_word' id='word_1_25' title='bbox 578 717 702 776; x_wconf 87' lang='lat' dir='ltr'><strong>eandem</strong></span> <span class='ocrx_word' id='word_1_26' title='bbox 720 723 834 790; x_wconf 91' lang='lat' dir='ltr'><strong>partem</strong></span> <span class='ocrx_word' id='word_1_27' title='bbox 854 716 1051 774; x_wconf 76' lang='lat' dir='ltr'><strong>monachalem</strong></span> <span class='ocrx_word' id='word_1_28' title='bbox 1076 721 1136 774; x_wconf 90' lang='lat' dir='ltr'><strong>tum</strong></span> <span class='ocrx_word' id='word_1_29' title='bbox 1159 715 1214 771; x_wconf 94' lang='lat' dir='ltr'><strong>sihi</strong></span> <span class='ocrx_word' id='word_1_30' title='bbox 1229 715 1340 786; x_wconf 89' lang='lat' dir='ltr'><strong>pariter</strong></span> 
     </span>
     <span class='ocr_line' id='line_1_5' title="bbox 123 818 1340 902; baseline -0.005 -20"><span class='ocrx_word' id='word_1_31' title='bbox 123 831 213 898; x_wconf 88' lang='lat' dir='ltr'><strong>atque</strong></span> <span class='ocrx_word' id='word_1_32' title='bbox 228 825 271 882; x_wconf 93' lang='lat' dir='ltr'><strong>illi</strong></span> <span class='ocrx_word' id='word_1_33' title='bbox 287 823 504 882; x_wconf 79' lang='lat' dir='ltr'><strong>infestissimam</strong></span> <span class='ocrx_word' id='word_1_34' title='bbox 518 839 598 895; x_wconf 88' lang='lat' dir='ltr'><strong>esse,</strong></span> <span class='ocrx_word' id='word_1_35' title='bbox 621 829 680 882; x_wconf 88' lang='lat' dir='ltr'><strong>tum</strong></span> <span class='ocrx_word' id='word_1_36' title='bbox 702 827 822 896; x_wconf 93' lang='lat' dir='ltr'><strong>propter</strong></span> <span class='ocrx_word' id='word_1_37' title='bbox 844 821 977 880; x_wconf 88' lang='lat' dir='ltr'><strong>mirabile</strong></span> <span class='ocrx_word' id='word_1_38' title='bbox 999 820 1137 902; x_wconf 82' lang='lat' dir='ltr'><strong>studium,</strong></span> <span class='ocrx_word' id='word_1_39' title='bbox 1160 835 1216 891; x_wconf 92' lang='lat' dir='ltr'><strong>quo</strong></span> <span class='ocrx_word' id='word_1_40' title='bbox 1231 818 1340 892; x_wconf 88' lang='lat' dir='ltr'><strong>Papam</strong></span> 
     </span>
     <span class='ocr_line' id='line_1_6' title="bbox 123 909 1339 1003; baseline -0.005 -15"><span class='ocrx_word' id='word_1_41' title='bbox 123 930 349 1003; x_wconf 86' lang='lat' dir='ltr'><strong>omnipotentem</strong></span> <span class='ocrx_word' id='word_1_42' title='bbox 372 934 403 986; x_wconf 88' lang='lat' dir='ltr'><strong>et</strong></span> <span class='ocrx_word' id='word_1_43' title='bbox 424 928 487 986; x_wconf 88' lang='lat' dir='ltr'><strong>falli</strong></span> <span class='ocrx_word' id='word_1_44' title='bbox 509 909 637 986; x_wconf 88' lang='lat' dir='ltr'><strong>nescium</strong></span> <span class='ocrx_word' id='word_1_45' title='bbox 661 927 812 986; x_wconf 91' lang='lat' dir='ltr'><strong>declarare</strong></span> <span class='ocrx_word' id='word_1_46' title='bbox 835 926 997 998; x_wconf 75' lang='lat' dir='ltr'><strong>nitebatur,</strong></span> <span class='ocrx_word' id='word_1_47' title='bbox 1020 924 1139 982; x_wconf 80' lang='lat' dir='ltr'><strong>acurio</strong></span> <span class='ocrx_word' id='word_1_48' title='bbox 1158 939 1339 996; x_wconf 89' lang='lat' dir='ltr'><strong>summopere</strong></span> 
     </span>
     <span class='ocr_line' id='line_1_7' title="bbox 123 1006 1340 1104; baseline -0.006 -12"><span class='ocrx_word' id='word_1_49' title='bbox 123 1034 225 1092; x_wconf 82' lang='lat' dir='ltr'><strong>foueri.</strong></span> <span class='ocrx_word' id='word_1_50' title='bbox 270 1033 329 1092; x_wconf 89' lang='lat' dir='ltr'><strong>Sed</strong></span> <span class='ocrx_word' id='word_1_51' title='bbox 355 1051 433 1092; x_wconf 87' lang='lat' dir='ltr'><strong>nnnc</strong></span> <span class='ocrx_word' id='word_1_52' title='bbox 457 1033 581 1091; x_wconf 89' lang='lat' dir='ltr'><strong>maxime</strong></span> <span class='ocrx_word' id='word_1_53' title='bbox 604 1033 716 1104; x_wconf 88' lang='lat' dir='ltr'><strong>magnis</strong></span> <span class='ocrx_word' id='word_1_54' title='bbox 740 1033 812 1104; x_wconf 89' lang='lat' dir='ltr'><strong>illis,</strong></span> <span class='ocrx_word' id='word_1_55' title='bbox 841 1047 916 1103; x_wconf 91' lang='lat' dir='ltr'><strong>quae</strong></span> <span class='ocrx_word' id='word_1_56' title='bbox 939 1006 1090 1103; x_wconf 79' lang='lat' dir='ltr'><strong>superiore</strong></span> <span class='ocrx_word' id='word_1_57' title='bbox 1113 1029 1209 1102; x_wconf 88' lang='lat' dir='ltr'><strong>capite</strong></span> <span class='ocrx_word' id='word_1_58' title='bbox 1231 1028 1340 1086; x_wconf 91' lang='lat' dir='ltr'><strong>descri-</strong></span> 
     </span>
     <span class='ocr_line' id='line_1_8' title="bbox 122 1132 1340 1212; baseline -0.005 -16"><span class='ocrx_word' id='word_1_59' title='bbox 122 1139 244 1212; x_wconf 86' lang='lat' dir='ltr'><strong>psimus,</strong></span> <span class='ocrx_word' id='word_1_60' title='bbox 266 1139 381 1196; x_wconf 77' lang='lat' dir='ltr'><strong>auxiliis</strong></span> <span class='ocrx_word' id='word_1_61' title='bbox 399 1136 505 1210; x_wconf 83' lang='lat' dir='ltr'><strong>fretus,</strong></span> <span class='ocrx_word' id='word_1_62' title='bbox 529 1136 644 1196; x_wconf 85' lang='lat' dir='ltr'><strong>Curiam</strong></span> <span class='ocrx_word' id='word_1_63' title='bbox 667 1153 686 1193; x_wconf 89' lang='lat' dir='ltr'><strong>a</strong></span> <span class='ocrx_word' id='word_1_64' title='bbox 707 1136 853 1208; x_wconf 87' lang='lat' dir='ltr'><strong>perversis</strong></span> <span class='ocrx_word' id='word_1_65' title='bbox 875 1136 939 1194; x_wconf 88' lang='lat' dir='ltr'><strong>istis</strong></span> <span class='ocrx_word' id='word_1_66' title='bbox 959 1135 1078 1193; x_wconf 88' lang='lat' dir='ltr'><strong>asseclis</strong></span> <span class='ocrx_word' id='word_1_67' title='bbox 1100 1135 1230 1206; x_wconf 85' lang='lat' dir='ltr'><strong>separari</strong></span> <span class='ocrx_word' id='word_1_68' title='bbox 1253 1137 1284 1191; x_wconf 90' lang='lat' dir='ltr'><strong>et</strong></span> <span class='ocrx_word' id='word_1_69' title='bbox 1303 1132 1340 1191; x_wconf 93' lang='lat' dir='ltr'><strong>ad</strong></span> 
     </span>
     <span class='ocr_line' id='line_1_9' title="bbox 123 1236 1341 1311; baseline -0.004 -11"><span class='ocrx_word' id='word_1_70' title='bbox 123 1241 339 1300; x_wconf 79' lang='lat' dir='ltr'><strong>concedendam</strong></span> <span class='ocrx_word' id='word_1_71' title='bbox 368 1243 512 1300; x_wconf 89' lang='lat' dir='ltr'><strong>sinceram</strong></span> <span class='ocrx_word' id='word_1_72' title='bbox 542 1242 684 1300; x_wconf 89' lang='lat' dir='ltr'><strong>ecclesiae</strong></span> <span class='ocrx_word' id='word_1_73' title='bbox 713 1239 944 1298; x_wconf 89' lang='lat' dir='ltr'><strong>emendationem</strong></span> <span class='ocrx_word' id='word_1_74' title='bbox 971 1239 1090 1311; x_wconf 89' lang='lat' dir='ltr'><strong>perduci</strong></span> <span class='ocrx_word' id='word_1_75' title='bbox 1113 1253 1198 1311; x_wconf 88' lang='lat' dir='ltr'><strong>posse</strong></span> <span class='ocrx_word' id='word_1_76' title='bbox 1220 1236 1341 1296; x_wconf 71' lang='lat' dir='ltr'><strong>miniter</strong></span> 
     </span>
     <span class='ocr_line' id='line_1_10' title="bbox 123 1341 1340 1418; baseline -0.005 -14"><span class='ocrx_word' id='word_1_77' title='bbox 123 1347 254 1406; x_wconf 88' lang='lat' dir='ltr'><strong>tenebat.</strong></span> <span class='ocrx_word' id='word_1_78' title='bbox 299 1347 401 1418; x_wconf 88' lang='lat' dir='ltr'><strong>Neque</strong></span> <span class='ocrx_word' id='word_1_79' title='bbox 429 1345 466 1404; x_wconf 91' lang='lat' dir='ltr'><strong>de</strong></span> <span class='ocrx_word' id='word_1_80' title='bbox 495 1361 531 1404; x_wconf 88' lang='lat' dir='ltr'><strong>ea</strong></span> <span class='ocrx_word' id='word_1_81' title='bbox 553 1363 586 1404; x_wconf 92' lang='lat' dir='ltr'><strong>re</strong></span> <span class='ocrx_word' id='word_1_82' title='bbox 608 1351 727 1417; x_wconf 87' lang='lat' dir='ltr'><strong>propter</strong></span> <span class='ocrx_word' id='word_1_83' title='bbox 748 1359 836 1402; x_wconf 86' lang='lat' dir='ltr'><strong>unam</strong></span> <span class='ocrx_word' id='word_1_84' title='bbox 859 1344 905 1402; x_wconf 88' lang='lat' dir='ltr'><strong>vel</strong></span> <span class='ocrx_word' id='word_1_85' title='bbox 928 1343 1051 1402; x_wconf 87' lang='lat' dir='ltr'><strong>alteram</strong></span> <span class='ocrx_word' id='word_1_86' title='bbox 1073 1343 1223 1400; x_wconf 84' lang='lat' dir='ltr'><strong>uictoriam</strong></span> <span class='ocrx_word' id='word_1_87' title='bbox 1245 1341 1340 1414; x_wconf 92' lang='lat' dir='ltr'><strong>sophi·</strong></span> 
     </span>
     <span class='ocr_line' id='line_1_11' title="bbox 123 1446 1339 1523; baseline -0.003 -15"><span class='ocrx_word' id='word_1_88' title='bbox 123 1453 215 1509; x_wconf 88' lang='lat' dir='ltr'><strong>sticae</strong></span> <span class='ocrx_word' id='word_1_89' title='bbox 237 1451 333 1520; x_wconf 80' lang='lat' dir='ltr'><strong>istius,</strong></span> <span class='ocrx_word' id='word_1_90' title='bbox 363 1467 449 1523; x_wconf 91' lang='lat' dir='ltr'><strong>quam</strong></span> <span class='ocrx_word' id='word_1_91' title='bbox 470 1450 600 1522; x_wconf 86' lang='lat' dir='ltr'><strong>dicebat,</strong></span> <span class='ocrx_word' id='word_1_92' title='bbox 630 1450 724 1522; x_wconf 87' lang='lat' dir='ltr'><strong>pertis</strong></span> <span class='ocrx_word' id='word_1_93' title='bbox 746 1450 844 1506; x_wconf 88' lang='lat' dir='ltr'><strong>statim</strong></span> <span class='ocrx_word' id='word_1_94' title='bbox 867 1447 1079 1520; x_wconf 90' lang='lat' dir='ltr'><strong>desperandum</strong></span> <span class='ocrx_word' id='word_1_95' title='bbox 1104 1464 1169 1505; x_wconf 88' lang='lat' dir='ltr'><strong>ease</strong></span> <span class='ocrx_word' id='word_1_96' title='bbox 1192 1446 1339 1505; x_wconf 86' lang='lat' dir='ltr'><strong>censebat</strong></span> 
     </span>
     <span class='ocr_line' id='line_1_12' title="bbox 123 1551 1339 1629; baseline -0.003 -17"><span class='ocrx_word' id='word_1_97' title='bbox 123 1554 234 1614; x_wconf 87' lang='lat' dir='ltr'><strong>Romae</strong></span> <span class='ocrx_word' id='word_1_98' title='bbox 255 1572 310 1629; x_wconf 90' lang='lat' dir='ltr'><strong>per</strong></span> <span class='ocrx_word' id='word_1_99' title='bbox 329 1556 492 1613; x_wconf 89' lang='lat' dir='ltr'><strong>seculorum</strong></span> <span class='ocrx_word' id='word_1_100' title='bbox 513 1553 666 1612; x_wconf 90' lang='lat' dir='ltr'><strong>decursum</strong></span> <span class='ocrx_word' id='word_1_101' title='bbox 686 1555 747 1626; x_wconf 91' lang='lat' dir='ltr'><strong>jam</strong></span> <span class='ocrx_word' id='word_1_102' title='bbox 766 1554 882 1626; x_wconf 88' lang='lat' dir='ltr'><strong>saepius</strong></span> <span class='ocrx_word' id='word_1_103' title='bbox 905 1553 1005 1611; x_wconf 90' lang='lat' dir='ltr'><strong>resin</strong></span> <span class='ocrx_word' id='word_1_104' title='bbox 1026 1554 1110 1625; x_wconf 90' lang='lat' dir='ltr'><strong>pejus</strong></span> <span class='ocrx_word' id='word_1_105' title='bbox 1133 1557 1165 1609; x_wconf 89' lang='lat' dir='ltr'><strong>et</strong></span> <span class='ocrx_word' id='word_1_106' title='bbox 1186 1553 1216 1608; x_wconf 96' lang='lat' dir='ltr'><strong>in</strong></span> <span class='ocrx_word' id='word_1_107' title='bbox 1236 1551 1339 1609; x_wconf 89' lang='lat' dir='ltr'><strong>melius</strong></span> 
     </span>
     <span class='ocr_line' id='line_1_13' title="bbox 123 1655 1341 1734; baseline -0.003 -16"><span class='ocrx_word' id='word_1_108' title='bbox 123 1665 250 1718; x_wconf 71' lang='lat' dir='ltr'><strong>mumtas</strong></span> <span class='ocrx_word' id='word_1_109' title='bbox 274 1676 351 1734; x_wconf 84' lang='lat' dir='ltr'><strong>esse,</strong></span> <span class='ocrx_word' id='word_1_110' title='bbox 376 1677 412 1718; x_wconf 85' lang='lat' dir='ltr'><strong>ex</strong></span> <span class='ocrx_word' id='word_1_111' title='bbox 434 1659 562 1718; x_wconf 81' lang='lat' dir='ltr'><strong>historiis</strong></span> <span class='ocrx_word' id='word_1_112' title='bbox 584 1659 693 1732; x_wconf 91' lang='lat' dir='ltr'><strong>optime</strong></span> <span class='ocrx_word' id='word_1_113' title='bbox 715 1663 845 1716; x_wconf 83' lang='lat' dir='ltr'><strong>noverat.</strong></span> <span class='ocrx_word' id='word_1_114' title='bbox 886 1657 979 1728; x_wconf 77' lang='lat' dir='ltr'><strong>Quam</strong></span> <span class='ocrx_word' id='word_1_115' title='bbox 1001 1673 1104 1715; x_wconf 87' lang='lat' dir='ltr'><strong>novam</strong></span> <span class='ocrx_word' id='word_1_116' title='bbox 1124 1655 1227 1715; x_wconf 88' lang='lat' dir='ltr'><strong>faciem</strong></span> <span class='ocrx_word' id='word_1_117' title='bbox 1251 1671 1341 1714; x_wconf 80' lang='lat' dir='ltr'><strong>nouus</strong></span> 
     </span>
     <span class='ocr_line' id='line_1_14' title="bbox 123 1759 1340 1838; baseline -0.003 -16"><span class='ocrx_word' id='word_1_118' title='bbox 123 1765 204 1838; x_wconf 91' lang='lat' dir='ltr'><strong>Papa</strong></span> <span class='ocrx_word' id='word_1_119' title='bbox 226 1763 313 1822; x_wconf 89' lang='lat' dir='ltr'><strong>rebus</strong></span> <span class='ocrx_word' id='word_1_120' title='bbox 336 1763 474 1822; x_wconf 86' lang='lat' dir='ltr'><strong>Romanis</strong></span> <span class='ocrx_word' id='word_1_121' title='bbox 496 1762 620 1822; x_wconf 89' lang='lat' dir='ltr'><strong>induere</strong></span> <span class='ocrx_word' id='word_1_122' title='bbox 643 1766 757 1836; x_wconf 88' lang='lat' dir='ltr'><strong>posset,</strong></span> <span class='ocrx_word' id='word_1_123' title='bbox 778 1767 844 1835; x_wconf 90' lang='lat' dir='ltr'><strong>post</strong></span> <span class='ocrx_word' id='word_1_124' title='bbox 864 1761 936 1820; x_wconf 86' lang='lat' dir='ltr'><strong>Julii</strong></span> <span class='ocrx_word' id='word_1_125' title='bbox 956 1761 994 1820; x_wconf 90' lang='lat' dir='ltr'><strong>ll.</strong></span> <span class='ocrx_word' id='word_1_126' title='bbox 1012 1765 1135 1819; x_wconf 86' lang='lat' dir='ltr'><strong>mortem</strong></span> <span class='ocrx_word' id='word_1_127' title='bbox 1158 1761 1264 1819; x_wconf 84' lang='lat' dir='ltr'><strong>uidisse</strong></span> <span class='ocrx_word' id='word_1_128' title='bbox 1285 1759 1340 1818; x_wconf 89' lang='lat' dir='ltr'><strong>sihi</strong></span> 
     </span>
     <span class='ocr_line' id='line_1_15' title="bbox 123 1865 1341 1939; baseline -0.004 -13"><span class='ocrx_word' id='word_1_129' title='bbox 123 1868 286 1928; x_wconf 88' lang='lat' dir='ltr'><strong>videbatur.</strong></span> <span class='ocrx_word' id='word_1_130' title='bbox 341 1869 502 1927; x_wconf 88' lang='lat' dir='ltr'><strong>Praeterea</strong></span> <span class='ocrx_word' id='word_1_131' title='bbox 537 1885 602 1926; x_wconf 90' lang='lat' dir='ltr'><strong>cum</strong></span> <span class='ocrx_word' id='word_1_132' title='bbox 636 1868 734 1926; x_wconf 90' lang='lat' dir='ltr'><strong>multis</strong></span> <span class='ocrx_word' id='word_1_133' title='bbox 768 1868 834 1926; x_wconf 92' lang='lat' dir='ltr'><strong>aliis</strong></span> <span class='ocrx_word' id='word_1_134' title='bbox 867 1881 1037 1939; x_wconf 86' lang='lat' dir='ltr'><strong>magnarum</strong></span> <span class='ocrx_word' id='word_1_135' title='bbox 1071 1865 1244 1938; x_wconf 86' lang='lat' dir='ltr'><strong>synodorum</strong></span> <span class='ocrx_word' id='word_1_136' title='bbox 1276 1870 1341 1936; x_wconf 89' lang='lat' dir='ltr'><strong>post</strong></span> 
     </span>
     <span class='ocr_line' id='line_1_16' title="bbox 123 1965 1340 2046; baseline -0.005 -16"><span class='ocrx_word' id='word_1_137' title='bbox 123 1973 249 2030; x_wconf 88' lang='lat' dir='ltr'><strong>schisma</strong></span> <span class='ocrx_word' id='word_1_138' title='bbox 277 1973 382 2046; x_wconf 87' lang='lat' dir='ltr'><strong>papale</strong></span> <span class='ocrx_word' id='word_1_139' title='bbox 406 1972 594 2031; x_wconf 72' lang='lat' dir='ltr'><strong>constantiae</strong></span> <span class='ocrx_word' id='word_1_140' title='bbox 618 1977 649 2030; x_wconf 90' lang='lat' dir='ltr'><strong>et</strong></span> <span class='ocrx_word' id='word_1_141' title='bbox 669 1972 806 2030; x_wconf 90' lang='lat' dir='ltr'><strong>Basileae</strong></span> <span class='ocrx_word' id='word_1_142' title='bbox 827 1977 956 2029; x_wconf 91' lang='lat' dir='ltr'><strong>actarum</strong></span> <span class='ocrx_word' id='word_1_143' title='bbox 978 1985 1089 2028; x_wconf 91' lang='lat' dir='ltr'><strong>memor</strong></span> <span class='ocrx_word' id='word_1_144' title='bbox 1110 1967 1249 2040; x_wconf 88' lang='lat' dir='ltr'><strong>sperabat</strong></span> <span class='ocrx_word' id='word_1_145' title='bbox 1268 1965 1340 2040; x_wconf 76' lang='lat' dir='ltr'><strong>fore,</strong></span> 
     </span>
     <span class='ocr_line' id='line_1_17' title="bbox 124 2067 1340 2136; baseline -0.006 -2"><span class='ocrx_word' id='word_1_146' title='bbox 124 2083 158 2134; x_wconf 94' lang='lat' dir='ltr'><strong>ut</strong></span> <span class='ocrx_word' id='word_1_147' title='bbox 185 2093 256 2135; x_wconf 88' lang='lat' dir='ltr'><strong>vera</strong></span> <span class='ocrx_word' id='word_1_148' title='bbox 284 2077 427 2135; x_wconf 88' lang='lat' dir='ltr'><strong>ecclesiae</strong></span> <span class='ocrx_word' id='word_1_149' title='bbox 456 2067 625 2136; x_wconf 81' lang='lat' dir='ltr'><strong>reformatio</strong></span> <span class='ocrx_word' id='word_1_150' title='bbox 655 2077 715 2133; x_wconf 90' lang='lat' dir='ltr'><strong>illic</strong></span> <span class='ocrx_word' id='word_1_151' title='bbox 745 2073 854 2133; x_wconf 85' lang='lat' dir='ltr'><strong>frustra</strong></span> <span class='ocrx_word' id='word_1_152' title='bbox 881 2079 995 2133; x_wconf 84' lang='lat' dir='ltr'><strong>tentata</strong></span> <span class='ocrx_word' id='word_1_153' title='bbox 1016 2089 1035 2130; x_wconf 90' lang='lat' dir='ltr'><strong>a</strong></span> <span class='ocrx_word' id='word_1_154' title='bbox 1057 2071 1154 2130; x_wconf 90' lang='lat' dir='ltr'><strong>futuro</strong></span> <span class='ocrx_word' id='word_1_155' title='bbox 1176 2088 1249 2130; x_wconf 86' lang='lat' dir='ltr'><strong>noro</strong></span> <span class='ocrx_word' id='word_1_156' title='bbox 1272 2087 1340 2128; x_wconf 90' lang='lat' dir='ltr'><strong>con·</strong></span> 
     </span>
     <span class='ocr_line' id='line_1_18' title="bbox 125 2178 1340 2254; baseline -0.005 -16"><span class='ocrx_word' id='word_1_157' title='bbox 125 2181 193 2240; x_wconf 90' lang='lat' dir='ltr'><strong>cilio</strong></span> <span class='ocrx_word' id='word_1_158' title='bbox 222 2181 354 2254; x_wconf 89' lang='lat' dir='ltr'><strong>generali</strong></span> <span class='ocrx_word' id='word_1_159' title='bbox 380 2185 578 2254; x_wconf 79' lang='lat' dir='ltr'><strong>perageretur.</strong></span> <span class='ocrx_word' id='word_1_160' title='bbox 625 2180 802 2252; x_wconf 80' lang='lat' dir='ltr'><strong>Quamquam</strong></span> <span class='ocrx_word' id='word_1_161' title='bbox 825 2179 902 2236; x_wconf 89' lang='lat' dir='ltr'><strong>enim</strong></span> <span class='ocrx_word' id='word_1_162' title='bbox 928 2194 985 2236; x_wconf 93' lang='lat' dir='ltr'><strong>non</strong></span> <span class='ocrx_word' id='word_1_163' title='bbox 1007 2178 1175 2250; x_wconf 80' lang='lat' dir='ltr'><strong>ignorabat,</strong></span> <span class='ocrx_word' id='word_1_164' title='bbox 1203 2181 1340 2248; x_wconf 86' lang='lat' dir='ltr'><strong>quantum</strong></span> 
     </span>
     <span class='ocr_line' id='line_1_19' title="bbox 124 2278 1341 2358; baseline -0.005 -14"><span class='ocrx_word' id='word_1_165' title='bbox 124 2302 193 2358; x_wconf 89' lang='lat' dir='ltr'><strong>pars</strong></span> <span class='ocrx_word' id='word_1_166' title='bbox 221 2285 381 2344; x_wconf 90' lang='lat' dir='ltr'><strong>monastica</strong></span> <span class='ocrx_word' id='word_1_167' title='bbox 410 2286 446 2342; x_wconf 88' lang='lat' dir='ltr'><strong>ab</strong></span> <span class='ocrx_word' id='word_1_168' title='bbox 478 2287 555 2344; x_wconf 90' lang='lat' dir='ltr'><strong>omni</strong></span> <span class='ocrx_word' id='word_1_169' title='bbox 586 2283 725 2357; x_wconf 89' lang='lat' dir='ltr'><strong>ejusmodi</strong></span> <span class='ocrx_word' id='word_1_170' title='bbox 760 2301 857 2342; x_wconf 89' lang='lat' dir='ltr'><strong>rerum</strong></span> <span class='ocrx_word' id='word_1_171' title='bbox 886 2282 1109 2340; x_wconf 88' lang='lat' dir='ltr'><strong>christianarum</strong></span> <span class='ocrx_word' id='word_1_172' title='bbox 1138 2278 1341 2338; x_wconf 87' lang='lat' dir='ltr'><strong>emendatione</strong></span> 
     </span>
     <span class='ocr_line' id='line_1_20' title="bbox 126 2386 1340 2462; baseline -0.005 -15"><span class='ocrx_word' id='word_1_173' title='bbox 126 2389 286 2448; x_wconf 89' lang='lat' dir='ltr'><strong>abhorrens</strong></span> <span class='ocrx_word' id='word_1_174' title='bbox 301 2389 410 2450; x_wconf 87' lang='lat' dir='ltr'><strong>Romae</strong></span> <span class='ocrx_word' id='word_1_175' title='bbox 427 2391 552 2462; x_wconf 86' lang='lat' dir='ltr'><strong>valeret,</strong></span> <span class='ocrx_word' id='word_1_176' title='bbox 575 2395 673 2448; x_wconf 88' lang='lat' dir='ltr'><strong>tamen</strong></span> <span class='ocrx_word' id='word_1_177' title='bbox 690 2405 766 2446; x_wconf 93' lang='lat' dir='ltr'><strong>nunc</strong></span> <span class='ocrx_word' id='word_1_178' title='bbox 784 2388 869 2460; x_wconf 90' lang='lat' dir='ltr'><strong>longe</strong></span> <span class='ocrx_word' id='word_1_179' title='bbox 888 2404 925 2447; x_wconf 90' lang='lat' dir='ltr'><strong>ea</strong></span> <span class='ocrx_word' id='word_1_180' title='bbox 940 2386 1090 2446; x_wconf 79' lang='lat' dir='ltr'><strong>fortiorem</strong></span> <span class='ocrx_word' id='word_1_181' title='bbox 1108 2402 1172 2444; x_wconf 87' lang='lat' dir='ltr'><strong>esse</strong></span> <span class='ocrx_word' id='word_1_182' title='bbox 1189 2386 1340 2445; x_wconf 84' lang='lat' dir='ltr'><strong>veritatem</strong></span> 
     </span>
     <span class='ocr_line' id='line_1_21' title="bbox 128 2487 1342 2568; baseline -0.007 -15"><span class='ocrx_word' id='word_1_183' title='bbox 128 2495 325 2568; x_wconf 82' lang='lat' dir='ltr'><strong>existimabat,</strong></span> <span class='ocrx_word' id='word_1_184' title='bbox 349 2511 406 2552; x_wconf 91' lang='lat' dir='ltr'><strong>non</strong></span> <span class='ocrx_word' id='word_1_185' title='bbox 428 2500 579 2552; x_wconf 89' lang='lat' dir='ltr'><strong>tantuma</strong></span> <span class='ocrx_word' id='word_1_186' title='bbox 601 2494 730 2552; x_wconf 90' lang='lat' dir='ltr'><strong>Luthero</strong></span> <span class='ocrx_word' id='word_1_187' title='bbox 753 2510 817 2552; x_wconf 88' lang='lat' dir='ltr'><strong>cum</strong></span> <span class='ocrx_word' id='word_1_188' title='bbox 840 2509 945 2566; x_wconf 85' lang='lat' dir='ltr'><strong>magno</strong></span> <span class='ocrx_word' id='word_1_189' title='bbox 963 2492 1041 2550; x_wconf 90' lang='lat' dir='ltr'><strong>orbis</strong></span> <span class='ocrx_word' id='word_1_190' title='bbox 1063 2491 1204 2564; x_wconf 86' lang='lat' dir='ltr'><strong>applausu</strong></span> <span class='ocrx_word' id='word_1_191' title='bbox 1226 2487 1342 2547; x_wconf 86' lang='lat' dir='ltr'><strong>fortiter</strong></span> 
     </span>
     <span class='ocr_line' id='line_1_22' title="bbox 127 2593 1342 2672; baseline -0.005 -14"><span class='ocrx_word' id='word_1_192' title='bbox 127 2605 215 2672; x_wconf 88' lang='lat' dir='ltr'><strong>atque</strong></span> <span class='ocrx_word' id='word_1_193' title='bbox 238 2599 377 2656; x_wconf 86' lang='lat' dir='ltr'><strong>audacter</strong></span> <span class='ocrx_word' id='word_1_194' title='bbox 398 2597 587 2672; x_wconf 86' lang='lat' dir='ltr'><strong>vindicatam,</strong></span> <span class='ocrx_word' id='word_1_195' title='bbox 608 2598 660 2658; x_wconf 91' lang='lat' dir='ltr'><strong>sed</strong></span> <span class='ocrx_word' id='word_1_196' title='bbox 683 2599 773 2656; x_wconf 84' lang='lat' dir='ltr'><strong>etism</strong></span> <span class='ocrx_word' id='word_1_197' title='bbox 796 2613 814 2655; x_wconf 94' lang='lat' dir='ltr'><strong>a</strong></span> <span class='ocrx_word' id='word_1_198' title='bbox 837 2601 880 2655; x_wconf 88' lang='lat' dir='ltr'><strong>tot</strong></span> <span class='ocrx_word' id='word_1_199' title='bbox 901 2597 1028 2656; x_wconf 90' lang='lat' dir='ltr'><strong>omnium</strong></span> <span class='ocrx_word' id='word_1_200' title='bbox 1051 2593 1112 2654; x_wconf 90' lang='lat' dir='ltr'><strong>lere</strong></span> <span class='ocrx_word' id='word_1_201' title='bbox 1132 2595 1260 2667; x_wconf 89' lang='lat' dir='ltr'><strong>gentium</strong></span> <span class='ocrx_word' id='word_1_202' title='bbox 1281 2595 1342 2668; x_wconf 93' lang='lat' dir='ltr'><strong>epi-</strong></span> 
     </span>
     <span class='ocr_line' id='line_1_23' title="bbox 127 2699 1342 2776; baseline -0.004 -14"><span class='ocrx_word' id='word_1_203' title='bbox 127 2705 235 2776; x_wconf 89' lang='lat' dir='ltr'><strong>scopis,</strong></span> <span class='ocrx_word' id='word_1_204' title='bbox 264 2704 313 2776; x_wconf 91' lang='lat' dir='ltr'><strong>qui</strong></span> <span class='ocrx_word' id='word_1_205' title='bbox 337 2709 367 2762; x_wconf 91' lang='lat' dir='ltr'><strong>et</strong></span> <span class='ocrx_word' id='word_1_206' title='bbox 389 2703 530 2762; x_wconf 92' lang='lat' dir='ltr'><strong>bonarum</strong></span> <span class='ocrx_word' id='word_1_207' title='bbox 553 2704 660 2761; x_wconf 88' lang='lat' dir='ltr'><strong>artium</strong></span> <span class='ocrx_word' id='word_1_208' title='bbox 684 2709 715 2760; x_wconf 90' lang='lat' dir='ltr'><strong>et</strong></span> <span class='ocrx_word' id='word_1_209' title='bbox 736 2703 861 2775; x_wconf 91' lang='lat' dir='ltr'><strong>purioris</strong></span> <span class='ocrx_word' id='word_1_210' title='bbox 883 2702 1002 2775; x_wconf 88' lang='lat' dir='ltr'><strong>pietatis</strong></span> <span class='ocrx_word' id='word_1_211' title='bbox 1028 2701 1203 2759; x_wconf 88' lang='lat' dir='ltr'><strong>christianae</strong></span> <span class='ocrx_word' id='word_1_212' title='bbox 1226 2699 1342 2773; x_wconf 89' lang='lat' dir='ltr'><strong>patroni</strong></span> 
     </span>
     <span class='ocr_line' id='line_1_24' title="bbox 128 2803 1342 2880; baseline -0.004 -13"><span class='ocrx_word' id='word_1_213' title='bbox 128 2815 226 2880; x_wconf 88' lang='lat' dir='ltr'><strong>erant,</strong></span> <span class='ocrx_word' id='word_1_214' title='bbox 256 2814 375 2866; x_wconf 89' lang='lat' dir='ltr'><strong>strenue</strong></span> <span class='ocrx_word' id='word_1_215' title='bbox 404 2812 603 2876; x_wconf 85' lang='lat' dir='ltr'><strong>sustentatam.</strong></span> <span class='ocrx_word' id='word_1_216' title='bbox 653 2808 755 2880; x_wconf 87' lang='lat' dir='ltr'><strong>Itaque</strong></span> <span class='ocrx_word' id='word_1_217' title='bbox 784 2825 842 2865; x_wconf 92' lang='lat' dir='ltr'><strong>non</strong></span> <span class='ocrx_word' id='word_1_218' title='bbox 872 2807 990 2866; x_wconf 84' lang='lat' dir='ltr'><strong>stultam</strong></span> <span class='ocrx_word' id='word_1_219' title='bbox 1020 2823 1100 2878; x_wconf 90' lang='lat' dir='ltr'><strong>spem</strong></span> <span class='ocrx_word' id='word_1_220' title='bbox 1123 2821 1188 2865; x_wconf 89' lang='lat' dir='ltr'><strong>esse</strong></span> <span class='ocrx_word' id='word_1_221' title='bbox 1211 2803 1342 2877; x_wconf 87' lang='lat' dir='ltr'><strong>putabat,</strong></span> 
     </span>
     <span class='ocr_line' id='line_1_25' title="bbox 128 2907 1343 2984; baseline -0.004 -14"><span class='ocrx_word' id='word_1_222' title='bbox 128 2913 191 2970; x_wconf 90' lang='lat' dir='ltr'><strong>fore</strong></span> <span class='ocrx_word' id='word_1_223' title='bbox 221 2919 253 2970; x_wconf 88' lang='lat' dir='ltr'><strong>ut</strong></span> <span class='ocrx_word' id='word_1_224' title='bbox 281 2912 406 2970; x_wconf 88' lang='lat' dir='ltr'><strong>ducente</strong></span> <span class='ocrx_word' id='word_1_225' title='bbox 435 2912 532 2970; x_wconf 91' lang='lat' dir='ltr'><strong>divina</strong></span> <span class='ocrx_word' id='word_1_226' title='bbox 559 2912 743 2984; x_wconf 89' lang='lat' dir='ltr'><strong>providentia</strong></span> <span class='ocrx_word' id='word_1_227' title='bbox 770 2912 873 2970; x_wconf 89' lang='lat' dir='ltr'><strong>melior</strong></span> <span class='ocrx_word' id='word_1_228' title='bbox 900 2910 1004 2982; x_wconf 90' lang='lat' dir='ltr'><strong>aliquis</strong></span> <span class='ocrx_word' id='word_1_229' title='bbox 1026 2907 1162 2967; x_wconf 83' lang='lat' dir='ltr'><strong>Pontifex</strong></span> <span class='ocrx_word' id='word_1_230' title='bbox 1187 2925 1251 2966; x_wconf 92' lang='lat' dir='ltr'><strong>cum</strong></span> <span class='ocrx_word' id='word_1_231' title='bbox 1273 2909 1343 2966; x_wconf 89' lang='lat' dir='ltr'><strong>viris</strong></span> 
     </span>
     <span class='ocr_line' id='line_1_26' title="bbox 128 3012 1342 3090; baseline -0.005 -16"><span class='ocrx_word' id='word_1_232' title='bbox 128 3017 186 3074; x_wconf 91' lang='lat' dir='ltr'><strong>illis</strong></span> <span class='ocrx_word' id='word_1_233' title='bbox 214 3019 396 3089; x_wconf 90' lang='lat' dir='ltr'><strong>conjunctus,</strong></span> <span class='ocrx_word' id='word_1_234' title='bbox 427 3015 597 3090; x_wconf 90' lang='lat' dir='ltr'><strong>urgentibus</strong></span> <span class='ocrx_word' id='word_1_235' title='bbox 628 3023 659 3073; x_wconf 91' lang='lat' dir='ltr'><strong>et</strong></span> <span class='ocrx_word' id='word_1_236' title='bbox 685 3017 755 3088; x_wconf 88' lang='lat' dir='ltr'><strong>ipsis</strong></span> <span class='ocrx_word' id='word_1_237' title='bbox 785 3021 870 3087; x_wconf 89' lang='lat' dir='ltr'><strong>atque</strong></span> <span class='ocrx_word' id='word_1_238' title='bbox 897 3014 1100 3088; x_wconf 83' lang='lat' dir='ltr'><strong>adjuvantibus</strong></span> <span class='ocrx_word' id='word_1_239' title='bbox 1121 3012 1342 3070; x_wconf 89' lang='lat' dir='ltr'><strong>christianarum</strong></span> 
     </span>
     <span class='ocr_line' id='line_1_27' title="bbox 128 3115 1343 3195; baseline -0.005 -17"><span class='ocrx_word' id='word_1_240' title='bbox 128 3121 258 3194; x_wconf 90' lang='lat' dir='ltr'><strong>gentium</strong></span> <span class='ocrx_word' id='word_1_241' title='bbox 279 3121 472 3195; x_wconf 87' lang='lat' dir='ltr'><strong>principibus,</strong></span> <span class='ocrx_word' id='word_1_242' title='bbox 495 3120 634 3178; x_wconf 87' lang='lat' dir='ltr'><strong>mutanda</strong></span> <span class='ocrx_word' id='word_1_243' title='bbox 653 3125 792 3192; x_wconf 78' lang='lat' dir='ltr'><strong>mutaret,</strong></span> <span class='ocrx_word' id='word_1_244' title='bbox 815 3118 921 3176; x_wconf 89' lang='lat' dir='ltr'><strong>abusus</strong></span> <span class='ocrx_word' id='word_1_245' title='bbox 936 3123 967 3175; x_wconf 93' lang='lat' dir='ltr'><strong>et</strong></span> <span class='ocrx_word' id='word_1_246' title='bbox 982 3117 1202 3190; x_wconf 85' lang='lat' dir='ltr'><strong>superstitiones</strong></span> <span class='ocrx_word' id='word_1_247' title='bbox 1215 3115 1343 3185; x_wconf 82' lang='lat' dir='ltr'><strong>tolleret,</strong></span> 
     </span>
     <span class='ocr_line' id='line_1_28' title="bbox 127 3220 1344 3298; baseline -0.007 -15"><span class='ocrx_word' id='word_1_248' title='bbox 127 3226 349 3284; x_wconf 88' lang='lat' dir='ltr'><strong>immoderatam</strong></span> <span class='ocrx_word' id='word_1_249' title='bbox 373 3227 532 3298; x_wconf 86' lang='lat' dir='ltr'><strong>potentiam</strong></span> <span class='ocrx_word' id='word_1_250' title='bbox 548 3223 779 3296; x_wconf 90' lang='lat' dir='ltr'><strong>mundanumque</strong></span> <span class='ocrx_word' id='word_1_251' title='bbox 803 3222 908 3281; x_wconf 87' lang='lat' dir='ltr'><strong>fastum</strong></span> <span class='ocrx_word' id='word_1_252' title='bbox 931 3237 985 3280; x_wconf 90' lang='lat' dir='ltr'><strong>sua</strong></span> <span class='ocrx_word' id='word_1_253' title='bbox 1003 3225 1106 3293; x_wconf 88' lang='lat' dir='ltr'><strong>sponte</strong></span> <span class='ocrx_word' id='word_1_254' title='bbox 1129 3220 1291 3292; x_wconf 90' lang='lat' dir='ltr'><strong>deponeret</strong></span> <span class='ocrx_word' id='word_1_255' title='bbox 1312 3224 1344 3276; x_wconf 88' lang='lat' dir='ltr'><strong>et</strong></span> 
     </span>
     <span class='ocr_line' id='line_1_29' title="bbox 129 3321 1343 3402; baseline -0.007 -14"><span class='ocrx_word' id='word_1_256' title='bbox 129 3331 274 3402; x_wconf 87' lang='lat' dir='ltr'><strong>euangelii</strong></span> <span class='ocrx_word' id='word_1_257' title='bbox 302 3330 469 3390; x_wconf 83' lang='lat' dir='ltr'><strong>libertatem</strong></span> <span class='ocrx_word' id='word_1_258' title='bbox 492 3329 663 3389; x_wconf 84' lang='lat' dir='ltr'><strong>Christianis</strong></span> <span class='ocrx_word' id='word_1_259' title='bbox 688 3328 833 3388; x_wconf 89' lang='lat' dir='ltr'><strong>redderet</strong></span> <span class='ocrx_word' id='word_1_260' title='bbox 879 3326 955 3386; x_wconf 87' lang='lat' dir='ltr'><strong>Satis</strong></span> <span class='ocrx_word' id='word_1_261' title='bbox 984 3324 1111 3399; x_wconf 91' lang='lat' dir='ltr'><strong>prudens</strong></span> <span class='ocrx_word' id='word_1_262' title='bbox 1137 3325 1182 3382; x_wconf 86' lang='lat' dir='ltr'><strong>vir</strong></span> <span class='ocrx_word' id='word_1_263' title='bbox 1212 3329 1276 3382; x_wconf 88' lang='lat' dir='ltr'><strong>erat</strong></span> <span class='ocrx_word' id='word_1_264' title='bbox 1305 3321 1343 3380; x_wconf 91' lang='lat' dir='ltr'><strong>ad</strong></span> 
     </span>
     <span class='ocr_line' id='line_1_30' title="bbox 129 3426 1344 3510; baseline -0.006 -18"><span class='ocrx_word' id='word_1_265' title='bbox 129 3435 371 3509; x_wconf 82' lang='lat' dir='ltr'><strong>intellegendum,</strong></span> <span class='ocrx_word' id='word_1_266' title='bbox 401 3451 487 3508; x_wconf 86' lang='lat' dir='ltr'><strong>quam</strong></span> <span class='ocrx_word' id='word_1_267' title='bbox 518 3435 570 3510; x_wconf 88' lang='lat' dir='ltr'><strong>,ad</strong></span> <span class='ocrx_word' id='word_1_268' title='bbox 596 3434 728 3492; x_wconf 89' lang='lat' dir='ltr'><strong>homines</strong></span> <span class='ocrx_word' id='word_1_269' title='bbox 750 3430 953 3505; x_wconf 89' lang='lat' dir='ltr'><strong>impossibilia‘</strong></span> <span class='ocrx_word' id='word_1_270' title='bbox 982 3430 1055 3488; x_wconf 92' lang='lat' dir='ltr'><strong>haec</strong></span> <span class='ocrx_word' id='word_1_271' title='bbox 1079 3429 1262 3501; x_wconf 86' lang='lat' dir='ltr'><strong>viderentur,</strong></span> <span class='ocrx_word' id='word_1_272' title='bbox 1292 3426 1344 3486; x_wconf 91' lang='lat' dir='ltr'><strong>sed</strong></span> 
     </span>
     <span class='ocr_line' id='line_1_31' title="bbox 129 3532 1344 3611; baseline -0.007 -14"><span class='ocrx_word' id='word_1_273' title='bbox 129 3538 288 3597; x_wconf 87' lang='lat' dir='ltr'><strong>secundum</strong></span> <span class='ocrx_word' id='word_1_274' title='bbox 311 3537 418 3597; x_wconf 88' lang='lat' dir='ltr'><strong>Christi</strong></span> <span class='ocrx_word' id='word_1_275' title='bbox 448 3539 567 3598; x_wconf 89' lang='lat' dir='ltr'><strong>verbum</strong></span> <span class='ocrx_word' id='word_1_276' title='bbox 597 3539 693 3597; x_wconf 88' lang='lat' dir='ltr'><strong>omnia</strong></span> <span class='ocrx_word' id='word_1_277' title='bbox 722 3537 799 3611; x_wconf 90' lang='lat' dir='ltr'><strong>apud</strong></span> <span class='ocrx_word' id='word_1_278' title='bbox 829 3536 923 3596; x_wconf 89' lang='lat' dir='ltr'><strong>Deum</strong></span> <span class='ocrx_word' id='word_1_279' title='bbox 950 3535 1100 3608; x_wconf 84' lang='lat' dir='ltr'><strong>possibilie</strong></span> <span class='ocrx_word' id='word_1_280' title='bbox 1121 3550 1186 3592; x_wconf 90' lang='lat' dir='ltr'><strong>esse</strong></span> <span class='ocrx_word' id='word_1_281' title='bbox 1209 3532 1344 3591; x_wconf 91' lang='lat' dir='ltr'><strong>recorda-</strong></span> 
     </span>
     <span class='ocr_line' id='line_1_32' title="bbox 129 3635 1344 3717; baseline -0.006 -17"><span class='ocrx_word' id='word_1_282' title='bbox 129 3643 224 3700; x_wconf 89' lang='lat' dir='ltr'><strong>batur.</strong></span> <span class='ocrx_word' id='word_1_283' title='bbox 276 3645 311 3701; x_wconf 89' lang='lat' dir='ltr'><strong>In</strong></span> <span class='ocrx_word' id='word_1_284' title='bbox 339 3644 464 3702; x_wconf 90' lang='lat' dir='ltr'><strong>ecclesia</strong></span> <span class='ocrx_word' id='word_1_285' title='bbox 491 3643 663 3717; x_wconf 86' lang='lat' dir='ltr'><strong>christiana,</strong></span> <span class='ocrx_word' id='word_1_286' title='bbox 692 3657 768 3715; x_wconf 91' lang='lat' dir='ltr'><strong>quae</strong></span> <span class='ocrx_word' id='word_1_287' title='bbox 790 3658 850 3700; x_wconf 91' lang='lat' dir='ltr'><strong>una</strong></span> <span class='ocrx_word' id='word_1_288' title='bbox 872 3657 936 3701; x_wconf 89' lang='lat' dir='ltr'><strong>esse</strong></span> <span class='ocrx_word' id='word_1_289' title='bbox 961 3645 992 3698; x_wconf 91' lang='lat' dir='ltr'><strong>et</strong></span> <span class='ocrx_word' id='word_1_290' title='bbox 1013 3654 1131 3698; x_wconf 87' lang='lat' dir='ltr'><strong>manere</strong></span> <span class='ocrx_word' id='word_1_291' title='bbox 1155 3637 1277 3708; x_wconf 87' lang='lat' dir='ltr'><strong>debeat,</strong></span> <span class='ocrx_word' id='word_1_292' title='bbox 1307 3635 1344 3693; x_wconf 91' lang='lat' dir='ltr'><strong>ab</strong></span> 
     </span>
     <span class='ocr_line' id='line_1_33' title="bbox 129 3738 1343 3821; baseline -0.007 -17"><span class='ocrx_word' id='word_1_293' title='bbox 129 3747 291 3806; x_wconf 89' lang='lat' dir='ltr'><strong>bominibus</strong></span> <span class='ocrx_word' id='word_1_294' title='bbox 317 3749 359 3806; x_wconf 92' lang='lat' dir='ltr'><strong>ita</strong></span> <span class='ocrx_word' id='word_1_295' title='bbox 384 3765 500 3821; x_wconf 88' lang='lat' dir='ltr'><strong>semper</strong></span> <span class='ocrx_word' id='word_1_296' title='bbox 520 3763 620 3806; x_wconf 89' lang='lat' dir='ltr'><strong>omnes</strong></span> <span class='ocrx_word' id='word_1_297' title='bbox 642 3765 691 3806; x_wconf 89' lang='lat' dir='ltr'><strong>res</strong></span> <span class='ocrx_word' id='word_1_298' title='bbox 713 3747 857 3820; x_wconf 89' lang='lat' dir='ltr'><strong>gerendas</strong></span> <span class='ocrx_word' id='word_1_299' title='bbox 878 3763 942 3804; x_wconf 92' lang='lat' dir='ltr'><strong>esse</strong></span> <span class='ocrx_word' id='word_1_300' title='bbox 963 3744 1062 3816; x_wconf 85' lang='lat' dir='ltr'><strong>docet,</strong></span> <span class='ocrx_word' id='word_1_301' title='bbox 1092 3743 1173 3815; x_wconf 87' lang='lat' dir='ltr'><strong>quasi</strong></span> <span class='ocrx_word' id='word_1_302' title='bbox 1196 3740 1239 3808; x_wconf 86' lang='lat' dir='ltr'><strong>id,</strong></span> <span class='ocrx_word' id='word_1_303' title='bbox 1267 3738 1343 3811; x_wconf 90' lang='lat' dir='ltr'><strong>quod</strong></span> 
     </span>
     <span class='ocr_line' id='line_1_34' title="bbox 130 3843 1344 3924; baseline -0.01 -14"><span class='ocrx_word' id='word_1_304' title='bbox 130 3869 167 3910; x_wconf 88' lang='lat' dir='ltr'><strong>ex</strong></span> <span class='ocrx_word' id='word_1_305' title='bbox 195 3851 251 3909; x_wconf 92' lang='lat' dir='ltr'><strong>Dei</strong></span> <span class='ocrx_word' id='word_1_306' title='bbox 280 3859 379 3912; x_wconf 90' lang='lat' dir='ltr'><strong>mente</strong></span> <span class='ocrx_word' id='word_1_307' title='bbox 412 3854 463 3924; x_wconf 77' lang='lat' dir='ltr'><strong>sit,</strong></span> <span class='ocrx_word' id='word_1_308' title='bbox 494 3853 583 3911; x_wconf 88' lang='lat' dir='ltr'><strong>etiam</strong></span> <span class='ocrx_word' id='word_1_309' title='bbox 612 3853 767 3924; x_wconf 87' lang='lat' dir='ltr'><strong>adjuvante</strong></span> <span class='ocrx_word' id='word_1_310' title='bbox 794 3851 859 3908; x_wconf 91' lang='lat' dir='ltr'><strong>Deo</strong></span> <span class='ocrx_word' id='word_1_311' title='bbox 887 3847 989 3922; x_wconf 87' lang='lat' dir='ltr'><strong>pertici</strong></span> <span class='ocrx_word' id='word_1_312' title='bbox 1022 3848 1128 3920; x_wconf 76' lang='lat' dir='ltr'><strong>possit3</strong></span> <span class='ocrx_word' id='word_1_313' title='bbox 1158 3843 1292 3902; x_wconf 87' lang='lat' dir='ltr'><strong>fiduciam</strong></span> <span class='ocrx_word' id='word_1_314' title='bbox 1315 3843 1344 3898; x_wconf 91' lang='lat' dir='ltr'><strong>in</strong></span> 
     </span>
     <span class='ocr_line' id='line_1_35' title="bbox 129 3948 1344 4029; baseline -0.008 -15"><span class='ocrx_word' id='word_1_315' title='bbox 129 3955 245 4014; x_wconf 86' lang='lat' dir='ltr'><strong>Christo</strong></span> <span class='ocrx_word' id='word_1_316' title='bbox 267 3957 328 4014; x_wconf 92' lang='lat' dir='ltr'><strong>solo</strong></span> <span class='ocrx_word' id='word_1_317' title='bbox 351 3958 494 4016; x_wconf 90' lang='lat' dir='ltr'><strong>ecclesiae</strong></span> <span class='ocrx_word' id='word_1_318' title='bbox 518 3957 634 4016; x_wconf 87' lang='lat' dir='ltr'><strong>domino</strong></span> <span class='ocrx_word' id='word_1_319' title='bbox 655 3955 833 4029; x_wconf 90' lang='lat' dir='ltr'><strong>ponendum,</strong></span> <span class='ocrx_word' id='word_1_320' title='bbox 856 3970 940 4025; x_wconf 89' lang='lat' dir='ltr'><strong>quem</strong></span> <span class='ocrx_word' id='word_1_321' title='bbox 958 3953 1073 4024; x_wconf 88' lang='lat' dir='ltr'><strong>saepius</strong></span> <span class='ocrx_word' id='word_1_322' title='bbox 1087 3951 1165 4008; x_wconf 92' lang='lat' dir='ltr'><strong>inter</strong></span> <span class='ocrx_word' id='word_1_323' title='bbox 1180 3948 1344 4006; x_wconf 86' lang='lat' dir='ltr'><strong>exorientes</strong></span> 
     </span>
     <span class='ocr_line' id='line_1_36' title="bbox 129 4050 1345 4136; baseline -0.008 -18"><span class='ocrx_word' id='word_1_324' title='bbox 129 4061 173 4118; x_wconf 88' lang='lat' dir='ltr'><strong>ani</strong></span> <span class='ocrx_word' id='word_1_325' title='bbox 198 4061 263 4118; x_wconf 88' lang='lat' dir='ltr'><strong>aeui</strong></span> <span class='ocrx_word' id='word_1_326' title='bbox 284 4067 474 4136; x_wconf 87' lang='lat' dir='ltr'><strong>tempestates</strong></span> <span class='ocrx_word' id='word_1_327' title='bbox 496 4077 632 4136; x_wconf 85' lang='lat' dir='ltr'><strong>magnum</strong></span> <span class='ocrx_word' id='word_1_328' title='bbox 654 4060 809 4133; x_wconf 80' lang='lat' dir='ltr'><strong>choragum</strong></span> <span class='ocrx_word' id='word_1_329' title='bbox 836 4057 907 4116; x_wconf 89' lang='lat' dir='ltr'><strong>dicit</strong></span> <span class='ocrx_word' id='word_1_330' title='bbox 930 4055 969 4114; x_wconf 88' lang='lat' dir='ltr'><strong>ad</strong></span> <span class='ocrx_word' id='word_1_331' title='bbox 990 4054 1095 4113; x_wconf 87' lang='lat' dir='ltr'><strong>bonum</strong></span> <span class='ocrx_word' id='word_1_332' title='bbox 1116 4053 1225 4110; x_wconf 87' lang='lat' dir='ltr'><strong>exitum</strong></span> <span class='ocrx_word' id='word_1_333' title='bbox 1248 4050 1345 4109; x_wconf 88' lang='lat' dir='ltr'><strong>omnia</strong></span> 
     </span>
     <span class='ocr_line' id='line_1_37' title="bbox 129 4165 484 4238; baseline 0.006 -16"><span class='ocrx_word' id='word_1_334' title='bbox 129 4165 246 4224; x_wconf 89' lang='lat' dir='ltr'><strong>tandem</strong></span> <span class='ocrx_word' id='word_1_335' title='bbox 269 4166 484 4238; x_wconf 90' lang='lat' dir='ltr'><strong>perducturum.</strong></span> 
     </span>
    </p>

    <p class='ocr_par' dir='ltr' id='par_1_3' title="bbox 217 4261 1345 4344">
     <span class='ocr_line' id='line_1_38' title="bbox 217 4261 1345 4344; baseline -0.01 -16"><span class='ocrx_word' id='word_1_336' title='bbox 217 4271 279 4329; x_wconf 87' lang='lat' dir='ltr'><strong>Hoc</strong></span> <span class='ocrx_word' id='word_1_337' title='bbox 302 4271 392 4344; x_wconf 88' lang='lat' dir='ltr'><strong>igitur</strong></span> <span class='ocrx_word' id='word_1_338' title='bbox 413 4272 509 4330; x_wconf 88' lang='lat' dir='ltr'><strong>animo</strong></span> <span class='ocrx_word' id='word_1_339' title='bbox 532 4269 670 4328; x_wconf 83' lang='lat' dir='ltr'><strong>Erasmus</strong></span> <span class='ocrx_word' id='word_1_340' title='bbox 692 4266 865 4338; x_wconf 87' lang='lat' dir='ltr'><strong>Luthemm‚</strong></span> <span class='ocrx_word' id='word_1_341' title='bbox 896 4265 967 4324; x_wconf 90' lang='lat' dir='ltr'><strong>licet</strong></span> <span class='ocrx_word' id='word_1_342' title='bbox 989 4262 1098 4322; x_wconf 90' lang='lat' dir='ltr'><strong>fuerint</strong></span> <span class='ocrx_word' id='word_1_343' title='bbox 1118 4263 1149 4320; x_wconf 91' lang='lat' dir='ltr'><strong>in</strong></span> <span class='ocrx_word' id='word_1_344' title='bbox 1171 4261 1240 4335; x_wconf 89' lang='lat' dir='ltr'><strong>hoc,</strong></span> <span class='ocrx_word' id='word_1_345' title='bbox 1269 4276 1345 4333; x_wconf 86' lang='lat' dir='ltr'><strong>quse</strong></span> 
     </span>
    </p>
   </div>
   <div class='ocr_carea' id='block_1_3' title="bbox 127 4365 1346 4660">
    <p class='ocr_par' dir='ltr' id='par_1_4' title="bbox 127 4365 1346 4660">
     <span class='ocr_line' id='line_1_39' title="bbox 129 4365 1346 4449; baseline -0.008 -17"><span class='ocrx_word' id='word_1_346' title='bbox 129 4373 167 4432; x_wconf 90' lang='lat' dir='ltr'><strong>ab</strong></span> <span class='ocrx_word' id='word_1_347' title='bbox 196 4376 280 4434; x_wconf 90' lang='lat' dir='ltr'><strong>initio</strong></span> <span class='ocrx_word' id='word_1_348' title='bbox 310 4375 366 4449; x_wconf 92' lang='lat' dir='ltr'><strong>ipsi</strong></span> <span class='ocrx_word' id='word_1_349' title='bbox 397 4382 429 4434; x_wconf 88' lang='lat' dir='ltr'><strong>ut</strong></span> <span class='ocrx_word' id='word_1_350' title='bbox 459 4377 543 4434; x_wconf 90' lang='lat' dir='ltr'><strong>nimis</strong></span> <span class='ocrx_word' id='word_1_351' title='bbox 573 4375 699 4433; x_wconf 85' lang='lat' dir='ltr'><strong>violenta</strong></span> <span class='ocrx_word' id='word_1_352' title='bbox 726 4377 757 4430; x_wconf 90' lang='lat' dir='ltr'><strong>et</strong></span> <span class='ocrx_word' id='word_1_353' title='bbox 784 4370 902 4429; x_wconf 86' lang='lat' dir='ltr'><strong>horrida</strong></span> <span class='ocrx_word' id='word_1_354' title='bbox 922 4367 1129 4442; x_wconf 90' lang='lat' dir='ltr'><strong>displicebant,</strong></span> <span class='ocrx_word' id='word_1_355' title='bbox 1160 4381 1214 4439; x_wconf 90' lang='lat' dir='ltr'><strong>per</strong></span> <span class='ocrx_word' id='word_1_356' title='bbox 1236 4365 1346 4438; x_wconf 89' lang='lat' dir='ltr'><strong>aliquot</strong></span> 
     </span>
     <span class='ocr_line' id='line_1_40' title="bbox 128 4469 1345 4554; baseline -0.009 -16"><span class='ocrx_word' id='word_1_357' title='bbox 128 4495 220 4538; x_wconf 87' lang='lat' dir='ltr'><strong>annos</strong></span> <span class='ocrx_word' id='word_1_358' title='bbox 250 4481 340 4554; x_wconf 86' lang='lat' dir='ltr'><strong>probe</strong></span> <span class='ocrx_word' id='word_1_359' title='bbox 371 4479 544 4552; x_wconf 90' lang='lat' dir='ltr'><strong>fortiterque</strong></span> <span class='ocrx_word' id='word_1_360' title='bbox 574 4475 736 4552; x_wconf 88' lang='lat' dir='ltr'><strong>adjuvabat.</strong></span> <span class='ocrx_word' id='word_1_361' title='bbox 785 4475 904 4532; x_wconf 86' lang='lat' dir='ltr'><strong>Cautius</strong></span> <span class='ocrx_word' id='word_1_362' title='bbox 926 4472 1042 4546; x_wconf 91' lang='lat' dir='ltr'><strong>quidem</strong></span> <span class='ocrx_word' id='word_1_363' title='bbox 1069 4469 1229 4543; x_wconf 86' lang='lat' dir='ltr'><strong>interdum,</strong></span> <span class='ocrx_word' id='word_1_364' title='bbox 1259 4486 1345 4542; x_wconf 91' lang='lat' dir='ltr'><strong>quam</strong></span> 
     </span>
     <span class='ocr_line' id='line_1_41' title="bbox 127 4573 1345 4660; baseline -0.011 -15"><span class='ocrx_word' id='word_1_365' title='bbox 127 4585 356 4660; x_wconf 82' lang='lat' dir='ltr'><strong>desideraveris,</strong></span> <span class='ocrx_word' id='word_1_366' title='bbox 379 4586 415 4645; x_wconf 90' lang='lat' dir='ltr'><strong>de</strong></span> <span class='ocrx_word' id='word_1_367' title='bbox 440 4603 475 4644; x_wconf 88' lang='lat' dir='ltr'><strong>eo</strong></span> <span class='ocrx_word' id='word_1_368' title='bbox 497 4586 608 4642; x_wconf 89' lang='lat' dir='ltr'><strong>locutus</strong></span> <span class='ocrx_word' id='word_1_369' title='bbox 631 4588 690 4656; x_wconf 78' lang='lat' dir='ltr'><strong>est,</strong></span> <span class='ocrx_word' id='word_1_370' title='bbox 710 4596 803 4653; x_wconf 92' lang='lat' dir='ltr'><strong>neque</strong></span> <span class='ocrx_word' id='word_1_371' title='bbox 827 4585 918 4636; x_wconf 90' lang='lat' dir='ltr'><strong>totam</strong></span> <span class='ocrx_word' id='word_1_372' title='bbox 941 4580 1004 4652; x_wconf 91' lang='lat' dir='ltr'><strong>ejus</strong></span> <span class='ocrx_word' id='word_1_373' title='bbox 1020 4593 1134 4636; x_wconf 87' lang='lat' dir='ltr'><strong>causam</strong></span> <span class='ocrx_word' id='word_1_374' title='bbox 1151 4591 1232 4633; x_wconf 90' lang='lat' dir='ltr'><strong>suam</strong></span> <span class='ocrx_word' id='word_1_375' title='bbox 1247 4573 1345 4632; x_wconf 90' lang='lat' dir='ltr'><strong>facere</strong></span> 
     </span>
    </p>
   </div>
   <div class='ocr_carea' id='block_1_4' title="bbox 0 0 1591 5056">
    <p class='ocr_par' dir='ltr' id='par_1_5' title="bbox 0 0 1591 5056">
     <span class='ocr_line' id='line_1_42' title="bbox 0 0 1591 5056; baseline 0 0"><span class='ocrx_word' id='word_1_376' title='bbox 0 0 1591 5056; x_wconf 95' lang='lat' dir='ltr'><strong> </strong></span> 
     </span>
    </p>
   </div>
  </div>
 </body>
</html>
