3194 5042
661 309 749 363 Garun
767 309 815 363 VI.
1298 312 1349 366 179

112 511 215 570 nescit
241 515 293 572 aut
316 529 349 570 sc
371 511 486 570 nescire
509 510 630 570 simulat
652 511 725 586 Leo,
753 511 876 572 Erasmo
903 511 1066 590 multisque
1094 513 1217 590 ejusque
1244 531 1350 590 acqua-

112 618 198 677 libus
220 618 359 692 testibus,
387 623 460 678 tunc
487 618 628 695 temporis
655 636 716 678 non
739 618 927 695 Vitebergam
956 619 1008 678 sed
1030 619 1153 682 Romam
1181 624 1211 679 et
1233 619 1350 678 Italiam

115 725 219 784 sedem
246 725 415 803 primariam
439 725 533 785 fuisse
560 726 630 785 novi
653 725 807 802 cujusdam
832 726 1012 802 paganismi,
1040 727 1092 804 qui
1116 745 1245 801 ,omnem
1268 745 1350 787 reve-

114 833 258 892 lationem
290 833 438 892 submovit
469 837 499 892 91
535 833 696 910 quemlibet
728 833 983 910 supernaturalem
1019 835 1151 894 ordinem
1184 835 1349 894 0011191111.ι

116 940 170 1001 Sic
200 959 269 1000 vero
297 940 390 1017 Papa,
422 959 440 998 a
467 959 526 1018 quo
556 941 677 1000 meliora
708 941 849 1018 permulti
877 942 1101 1018 exspectabant,
1132 941 1260 1017 neglecti
1288 943 1350 1002 veri

115 1065 244 1124 poenam
271 1047 334 1122 dat,
367 1066 460 1125 quum
487 1049 524 1106 ab
556 1047 682 1108 indoctis
714 1049 945 1108 assentatoribus
972 1048 1044 1108 talia
1075 1049 1132 1108 sibi
1159 1048 1352 1108 deliramenta

117 1155 303 1232 suppeditari
321 1155 443 1232 patitur,
462 1155 550 1232 quale
568 1155 720 1232 bicipitem
738 1155 826 1214 illum
844 1155 1123 1216 Bezam-Bucerum
1142 1155 1235 1216 fuisse
1253 1161 1351 1216 osten·

118 1263 228 1322 dimus.
274 1261 338 1336 Quo
361 1262 482 1322 invento
505 1263 643 1322 similiter
664 1267 753 1340 atque
775 1263 934 1323 Petronius
957 1263 1110 1324 Mrurstero
1134 1282 1188 1324 suo
1210 1264 1351 1324 reforma-

117 1375 183 1430 tore
200 1367 402 1447 Westphalico
424 1369 535 1430 multos
553 1371 650 1430 adhue
670 1370 750 1430 viros
768 1370 899 1431 eruditos
922 1372 1010 1430 etiam
1029 1371 1190 1431 catholicos
1213 1372 1351 1449 obstupe-

118 1477 215 1537 faciet.
263 1476 362 1536 Nimis
390 1495 493 1537 secure
521 1477 635 1537 scilicet
662 1478 727 1554 ejus
754 1479 880 1554 vestigia
907 1477 1026 1556 premit,
1054 1498 1072 1538 a
1099 1497 1157 1556 quo
1186 1479 1351 1538 Cardinalis

118 1586 216 1644 factus
239 1589 292 1644 est.
338 1584 411 1644 Pius
429 1585 483 1644 IX.
507 1585 599 1660 enim,
624 1604 712 1663 quem
735 1591 779 1645 tot
801 1586 952 1663 tantisque
973 1586 1111 1646 laudibus
1134 1587 1232 1661 effert,
1255 1587 1349 1646 incre-

118 1692 205 1751 dibili
228 1691 402 1751 credulitate
420 1696 450 1751 et
468 1692 619 1769 voluptate
639 1693 760 1770 quasvis
779 1693 894 1754 fabulas
914 1698 943 1752 et
965 1693 1093 1770 ineptias
1112 1693 1350 1771 amplectebatur,

118 1817 195 1877 quae
218 1799 284 1858 odio
307 1817 361 1859 suo
383 1799 525 1859 adversus
547 1819 650 1860 omnes
673 1801 903 1878 omnipotentiae
925 1801 1042 1878 papalis
1064 1801 1246 1862 adversarios
1268 1801 1350 1860 blan-

119 1906 177 1965 diri
199 1910 342 1984 poterant.

227 2013 323 2088 Quare
351 2014 497 2091 ejusmodi
519 2015 608 2074 rebus
631 2015 732 2074 referti
758 2015 906 2074 innumeri
928 2015 997 2073 libri
1021 2015 1073 2074 illo
1101 2016 1218 2075 favente
1241 2014 1351 2073 Romae

119 2121 262 2199 publicati
291 2125 361 2181 sunt
388 2122 470 2198 iique
497 2120 617 2198 plurimi
645 2121 682 2180 ad
708 2121 790 2197 vulgi
814 2126 933 2199 captum
956 2121 1173 2180 accommodati.
1220 2120 1350 2194 Quorum

120 2229 254 2288 omnium
272 2229 402 2288 indolem
425 2247 463 2288 ex
486 2247 589 2305 parvo,
613 2247 702 2306 quem
725 2235 824 2304 191190,
847 2229 961 2302 libello,
985 2228 1089 2288 Italica
1111 2229 1214 2305 lingua
1232 2229 1350 2305 scripta,

117 2336 251 2412 judicare
272 2335 350 2396 licet.
396 2335 470 2412 Ejus
493 2335 563 2395 anni
585 2337 678 2395 fastos
701 2336 834 2410 exhibet,
858 2353 917 2414 quo
935 2335 1037 2395 Victor
1058 2335 1203 2395 Emanuel
1225 2355 1350 2412 regnum

120 2443 223 2503 Italiae
246 2444 412 2521 capissivit,
435 2443 506 2502 dum
529 2443 669 2503 Pontifex
692 2444 747 2502 sub
770 2443 982 2520 Francogallici
1006 2444 1155 2503 exercitus
1179 2443 1350 2502 1111919Βο-

120 2569 200 2609 mam
218 2556 248 2611 ct
266 2551 477 2628 patrimonium
495 2551 589 2626 Petri,
609 2551 687 2629 quod
706 2551 869 2624 dicebatur,
888 2551 985 2610 adhuc
1003 2551 1154 2610 retinebat.
1192 2551 1351 2627 Propterea

121 2676 222 2732 ,verus
244 2659 371 2719 amicus‘
398 2659 451 2720 ille
474 2658 539 2738 (boc
567 2659 648 2720 enim
674 2659 794 2720 nomine
821 2658 941 2718 libellus
969 2658 1131 2735 insignitus
1159 2657 1235 2736 est)l
1263 2659 1349 2718 rehe-

121 2770 236 2825 menter
252 2766 350 2839 timet,
374 2784 412 2826 ne
430 2767 511 2842 Papa
529 2767 671 2826 mundani
690 2767 774 2844 regni
792 2767 934 2844 reliquias
953 2767 1057 2844 perdat
1074 2784 1150 2826 neve
1167 2765 1350 2840 Waldenses,

121 2887 196 2947 quos
222 2871 320 2954 Papae
347 2889 400 2946 per
428 2873 528 2932 secula
556 2875 744 2950 sanguinario
771 2875 871 2934 furore
898 2875 1045 2952 persecuti
1073 2878 1169 2948 erant,
1194 2873 1256 2949 jam
1284 2873 1351 2932 data

122 2976 318 3037 conscientiae
340 2976 488 3052 libertate,
517 2980 703 3054 evangelium
726 2999 780 3056 per
801 2979 917 3039 Italiam
946 2985 1093 3057 spargant.
1141 2979 1195 3039 cui
1218 2979 1351 3056 periculo

122 3084 237 3144 obviam
259 3084 356 3144 iturus
379 3084 416 3144 de
439 3085 679 3161 protestantismo
702 3087 825 3163 ejusque
847 3085 1016 3145 auctoribus
1039 3091 1068 3145 et
1091 3085 1214 3146 asseclis
1236 3085 1350 3144 inaudi-

122 3197 167 3252 tas
190 3192 306 3252 fabulas
329 3195 492 3266 coacervat,
521 3209 595 3269 ques
619 3191 644 3251 si
672 3191 780 3268 legeris
803 3192 930 3266 nescies,
958 3197 1058 3250 utrum
1082 3192 1233 3270 scriptoris
1256 3192 1350 3268 hypo·

122 3299 214 3359 crisin
232 3299 440 3376 pharisaicam,
464 3299 522 3376 piis
540 3298 638 3358 verbis
661 3299 842 3373 abutentem,
865 3317 903 3357 an
921 3298 1116 3376 ignorantiam
1135 3303 1165 3359 91
1183 3298 1349 3372 stultitiam,

122 3407 273 3467 vesaniam
295 3407 390 3484 magis
413 3406 537 3466 mireris.

228 3514 276 3574 Ex
308 3515 365 3574 ista
396 3531 503 3590 magna
530 3513 608 3573 mole
639 3531 733 3592 pauca
765 3513 919 3572 dumtaxat
950 3513 1001 3573 hic
1027 3513 1204 3591 depromam.
1254 3512 1349 3574 Elisa-

122 3622 240 3681 betbam
263 3622 389 3701 Angliae
411 3622 544 3698 reginam
567 3627 666 3681 nmrat
689 3622 814 3698 scriptor
836 3620 975 3680 habuisse
998 3625 1062 3680 octo
1085 3621 1205 3681 maritos
1228 3625 1259 3681 et
1285 3626 1349 3682 octo

123 3729 314 3806 concubinos;
342 3729 424 3788 addit
446 3729 503 3790 alio
528 3729 604 3804 loeo,
632 3729 778 3790 sedecimo
800 3729 885 3804 regni
907 3746 985 3787 anno
1011 3727 1109 3804 legem
1131 3729 1168 3788 ab
1195 3745 1229 3788 ea
1252 3728 1349 3805 publi-

123 3839 216 3895 catam
243 3853 322 3912 esse,
355 3855 415 3914 qua
442 3836 578 3896 omnibus
606 3837 678 3896 filiis
705 3837 768 3897 suis
796 3836 908 3912 nothis,
941 3836 1111 3914 quicunque
1138 3853 1240 3895 eorum
1266 3839 1350 3912 pater

123 3943 240 4018 fuisset,
269 3943 321 4020 jus
348 3944 546 4004 successionis
572 3944 756 4004 tribueretur.
808 3943 904 4004 Simul
935 3943 1046 4004 oblitus
1073 3947 1137 4002 octo
1169 3942 1348 4016 maritorum,

123 4067 195 4128 quos
223 4055 309 4110 antea
335 4051 474 4126 finxerat,
501 4050 634 4127 reginam
662 4049 807 4127 virginem
834 4049 944 4110 ironice
971 4068 1035 4110 eam
1063 4050 1176 4110 vocat²
1220 4049 1349 4109 Delie

122 4157 299 4218 lanchthone
316 4157 395 4218 idem
417 4159 529 4235 profert
551 4157 751 4234 mendacium,
775 4157 853 4235 quod
875 4157 1045 4234 nuperrime
1063 4155 1181 4216 Madritr'
1204 4156 1236 4215 in
1259 4156 1349 4234 ephe·

229 4404 299 4474 1)ΙΙ
321 4420 384 4459 vero
408 4403 505 4472 amico,
533 4402 685 4458 almanacoo
708 4401 828 4458 Romarm
851 4419 899 4472 per
921 4401 1009 4456 l'anno
1033 4401 1111 4456 1861.
1152 4399 1249 4470 Roma
1278 4401 1349 4456 dalla

122 4494 258 4565 tipogmiin
276 4495 388 4550 forense.

228 4601 255 4672 2)
273 4603 305 4658 ln
323 4601 389 4658 libro
407 4601 514 4657 laudato
533 4617 558 4672 p.
574 4601 616 4656 35.
636 4601 678 4658 67.

1134 4688 1187 4744 12*
