3134 5054
633 297 726 347 Garun
743 296 816 348 xlv.
1278 297 1329 350 311

106 510 177 566 suis
209 510 348 583 oppositis
381 510 545 584 propellere
577 512 717 585 veluerit3
755 517 940 585 umerumque
975 511 1076 570 talium
1106 511 1331 584 hyperbolarum

108 613 265 671 collisione
282 616 362 674 nasci
377 615 452 674 haec
467 615 589 674 fulmina
605 631 639 674 ac
654 616 798 690 tonitrua,
822 631 896 689 quae
911 617 1078 674 concutiant
1091 615 1199 676 orbem.
1238 615 1332 674 Unum

108 717 193 776 illius
223 716 344 793 dogma,
378 718 454 792 quod
488 719 526 778 ad
555 719 699 779 humanae
733 721 889 779 veluntatis
918 707 1043 780 indolem
1072 725 1201 794 spectat,
1236 721 1333 778 multia

64 832 68 838 ·
109 823 297 894 argumentis
319 822 487 883 subvertere
508 829 644 898 cenatur,
674 823 761 897 idque
784 823 928 898 intimam,
959 831 992 883 ut
1013 823 1149 898 vidimus,
1176 823 1221 882 sui
1243 825 1332 883 animi

110 927 295 985 sententiam
322 931 448 987 secutus.
497 928 574 988 Satis
602 927 732 988 modeste
762 933 861 987 tamen
886 930 975 988 etiam
998 928 1035 987 ad
1057 929 1132 988 bane
1159 945 1222 988 rem
1248 943 1332 987 acce-

110 1030 174 1104 dit,
205 1037 396 1106 experturus,
426 1038 459 1092 ut
487 1034 551 1106 ipse
582 1031 665 1106 dicit,
696 1033 831 1106 queniam
861 1034 904 1092 ita
931 1035 1023 1092 uisum
1046 1033 1084 1092 sit
1114 1033 1230 1106 amicis,
1265 1049 1332 1091 num

112 1150 152 1191 ex
181 1151 234 1193 sua
265 1153 379 1209 quoqne
402 1134 664 1196 conflictatiuncula
684 1138 793 1198 veritas
815 1136 899 1196 reddi
922 1139 1013 1210 pessit
1035 1136 1195 1196 dilucidior.
1240 1135 1280 1194 Et
1301 1137 1332 1194 in

111 1235 174 1296 tine
196 1241 328 1312 opusculi
357 1240 467 1300 diserm
495 1241 641 1316 declarat,
669 1242 708 1316 ‚si
731 1257 784 1300 sua
803 1247 833 1300 et
854 1248 897 1301 tot
917 1243 1075 1314 priscorum
1099 1241 1246 1300 doctorum
1267 1256 1332 1298 sen-

111 1344 226 1416 tentia,
260 1360 346 1416 quam
382 1345 559 1418 argumentis
589 1345 683 1404 denuo
712 1343 815 1404 fulcire
846 1345 964 1405 adnisus
994 1346 1049 1418 sit,
1083 1350 1204 1418 recepta
1234 1344 1332 1419 fuerit,

111 1447 189 1506 nihil
217 1449 319 1522 perire
349 1465 462 1522 eorum,
493 1464 568 1522 quse
598 1449 744 1508 Lutherue
774 1450 822 1524 pie
846 1456 876 1509 et
898 1449 1055 1508 christiane
1078 1449 1261 1522 disseruerit,
1296 1448 1333 1507 de

112 1567 229 1610 summa
251 1554 375 1611 caritate
395 1554 426 1612 in
447 1553 558 1627 Deum,
582 1553 619 1614 de
643 1555 808 1628 abjicienda
830 1553 936 1613 fiducia
959 1555 1145 1628 meritorum,
1169 1570 1287 1628 operum
1303 1557 1334 1612 et

111 1655 223 1714 virium
245 1662 423 1730 nestram,
454 1659 490 1716 de
519 1663 581 1717 teta
602 1655 707 1717 fiducia
729 1658 933 1718 hanelarenda
954 1660 986 1718 in
1007 1658 1103 1718 Deum
1126 1660 1245 1732 ejusque
1267 1675 1335 1732 pre-

112 1760 225 1818 missa‘
271 1761 348 1834 ,Nec
369 1761 418 1819 hic
440 1761 524 1835 age‘‚
553 1762 663 1837 inquit,
695 1778 864 1836 ‚personam
890 1762 996 1835 judicis
1019 1762 1071 1822 sed
1095 1761 1281 1835 disputatoris
1304 1766 1334 1820 et

112 1867 217 1922 tamen
246 1881 363 1938 possum
382 1865 454 1924 illud
474 1863 635 1938 affirmare,
662 1883 709 1925 me
731 1867 762 1924 in
783 1866 955 1939 disputando
979 1881 1044 1926 eam
1065 1881 1195 1925 servasse
1217 1865 1335 1939 religio-

113 1984 203 2041 nem,
236 1983 312 2041 quae
339 1969 408 2027 olim
437 1969 468 2026 in
496 1970 592 2028 causis
620 1969 793 2042 capitalibus
824 1969 967 2043 ejuratis
984 1969 1130 2043 judicibus
1154 1967 1332 2042 exigebatur.

112 2072 181 2130 Neo
204 2089 267 2146 me,
294 2073 364 2132 licet
397 2089 512 2146 senem,
542 2074 588 2132 vel
613 2072 745 2147 pudebit,
775 2075 822 2132 vel
847 2073 959 2148 pigebit
985 2075 1126 2147 ajuvene
1149 2071 1278 2147 discere,
1308 2072 1333 2130 si

113 2177 183 2248 quis
215 2193 280 2235 cum
313 2177 483 2251 evangelice
514 2177 737 2237 mansuetudine
771 2177 875 2238 doceat
909 2177 1098 2238 evidentiora.
1131 2209 1169 2218 -
1208 2175 1334 2248 Contuli,

114 2297 212 2354 penes
235 2281 307 2340 alios
331 2286 394 2340 esto
412 2279 572 2354 judicium!

206 2385 360 2458 Equidem,
383 2386 408 2442 si
431 2384 516 2444 bodie
540 2384 692 2459 theologus
713 2399 806 2458 papae
830 2385 976 2457 subjectus
996 2389 1056 2444 tam
1072 2385 1175 2444 audaci
1190 2383 1334 2443 modestia

114 2488 153 2548 de
177 2495 350 2564 argumento
379 2489 518 2563 quodam,
550 2489 586 2548 de
606 2505 662 2562 quo
684 2489 777 2548 Roma
800 2489 897 2548 locuta
920 2495 978 2562 est,
1007 2505 1073 2546 cum
1099 2490 1161 2547 viro
1182 2488 1242 2546 illic
1264 2489 1334 2547 bae-

114 2610 219 2653 reseoo
256 2591 459 2667 condemnato,
492 2592 681 2668 Duellingero
716 2593 797 2652 verbi
827 2609 929 2668 cansa,
965 2609 1053 2667 agere
1081 2593 1253 2666 instituerit,
1288 2593 1333 2650 vix

115 2699 213 2772 ipsum
236 2697 393 2757 haereseos
413 2703 510 2756 notam
532 2696 716 2770 effugiturum
740 2713 804 2756 esse
829 2697 1011 2758 crediderim.
1049 2697 1157 2756 Verum
1176 2703 1235 2756 tam
1254 2695 1335 2756 debi-

115 2801 203 2860 litata
226 2807 312 2874 atque
336 2801 451 2873 abjecta
470 2804 541 2859 tunc
564 2807 629 2860 erat
642 2799 775 2860 Romana
790 2802 886 2875 curia,
909 2805 941 2860 ut
956 2802 1019 2875 eJus
1035 2802 1182 2876 asseclae,
1205 2800 1334 2873 exceptis

115 2903 236 2964 furiosis
257 2903 427 2978 quibusdam
449 2905 613 2978 monachis,
632 2904 793 2979 jubilarent
813 2909 844 2964 et
866 2905 1093 2978 triumpharent,
1121 2905 1196 2977 quod
1219 2905 1334 2963 omnino

116 3013 219 3068 tantus
250 3009 306 3082 uir,
336 3008 516 3083 reipublicae
539 3009 667 3068 litteriae
690 3009 843 3083 princeps,
873 3011 970 3082 palam
993 3009 1174 3081 aliquatenus
1197 3008 1334 3065 resistere

116 3112 248 3172 Luthere
279 3129 365 3172 ausus
388 3117 474 3171 esset
519 3111 622 3184 Neque
644 3111 754 3172 frustra
776 3119 968 3186 speraverunt
989 3110 1068 3185 fore,
1102 3116 1134 3168 ut
1155 3125 1229 3182 quae
1252 3125 1334 3182 spee-

117 3222 201 3276 tante
231 3216 335 3275 mundo
369 3217 447 3274 inter
480 3220 634 3288 utrumque
669 3213 844 3275 conflictatio
877 3217 994 3289 incepta
1029 3219 1093 3273 erat
1122 3212 1261 3286 paulatim
1290 3213 1335 3268 in·

118 3314 290 3380 calesceret.
335 3319 481 3378 Lutherus
511 3321 647 3392 opusculo
670 3320 815 3379 deservo
839 3320 961 3380 arbitrio
983 3319 1090 3392 scripto
1110 3317 1219 3389 acrius,
1249 3330 1335 3389 quam

117 3425 181 3497 ipse
211 3422 342 3498 volebat,
373 3423 495 3482 Erssmo
526 3423 691 3496 respondit,
722 3423 828 3482 deinde
852 3423 990 3482 muamus
1012 3420 1089 3480 haud
1112 3422 1206 3479 minus
1229 3421 1336 3479 acriter

120 3527 250 3588 Luthero
284 3525 394 3587 duobus
421 3527 544 3600 libellis,
576 3543 646 3599 quos
676 3527 892 3602 hyperaspistes
915 3527 1035 3586 uecadt.
1081 3525 1129 3584 Sic
1151 3539 1235 3584 omne
1258 3525 1337 3583 inter

121 3637 274 3705 utrumque
309 3631 497 3706 evangelicae
532 3632 742 3704 conjunctionis
774 3631 918 3690 vineolam
951 3629 1103 3704 abruptum
1131 3635 1191 3702 est,
1226 3629 1337 3692 laetan-

119 3735 197 3794 tibus
223 3736 259 3794 ab
282 3741 404 3809 uhaqm
437 3739 520 3808 parte
551 3735 600 3807 qui
631 3737 743 3794 zeletae
769 3737 836 3808 jure
865 3734 1013 3807 dieantur,
1047 3733 1210 3792 dolentibus
1240 3730 1336 3788 multis

120 3839 187 3898 viris
213 3840 364 3912 evangelio
387 3840 500 3897 sincere
523 3836 660 3912 addictis,
694 3839 759 3897 aliis
783 3837 908 3908 denique
929 3837 1048 3894 incertis
1085 3836 1140 3893 hnc
1161 3833 1230 3890 illue
1252 3831 1337 3889 inoli-

121 3941 265 4002 nantibus.

207 4045 254 4105 De
281 4046 344 4120 ipse
374 4047 424 4104 ille
454 4045 591 4120 dogmate
618 4047 696 4106 inter
727 4050 881 4117 utrumque
907 4042 999 4100 virum
1020 4045 1205 4100 controverso
1242 4053 1338 4112 pauca

122 4149 235 4210 tanturn
256 4151 303 4209 hic
325 4149 449 4209 dicenda
478 4155 554 4208 sunt.
596 4149 805 4224 complectitur
837 4145 909 4205 illud
932 4147 1034 4205 multas
1057 4144 1240 4218 quaestiones
1262 4141 1339 4200 haud

122 4271 221 4326 parum
252 4253 399 4315 abstrusas
427 4270 462 4312 ae
493 4251 640 4312 difficiles:
675 4253 712 4312 de
735 4258 841 4312 natura
863 4257 894 4310 et
915 4249 1023 4323 gratia,
1057 4247 1203 4307 derebus
1227 4245 1338 4304 contin·

123 4359 274 4434 gentibus,
296 4373 367 4431 quas
390 4357 507 4432 dieunt,
529 4363 559 4418 et
582 4358 772 4430 necessariis,
794 4355 831 4414 de
854 4355 970 4413 ratione
992 4354 1070 4412 inter
1092 4350 1220 4409 divinam
1244 4349 1340 4407 scien-

124 4463 193 4522 tiam
227 4468 258 4522 et
292 4463 469 4522 voluntatem
503 4459 666 4522 statuenda.
724 4461 769 4520 De
801 4457 904 4532 quibus
935 4456 1022 4517 rebus
1057 4455 1189 4516 omnibus
1223 4454 1267 4512 ita
1297 4453 1340 4512 illi
1435 4445 1442 4456 ’

126 4572 264 4642 egerunt,
305 4572 338 4626 ut
379 4571 440 4625 tum
480 4565 671 4626 scholasticae
704 4562 904 4640 philosophiae
938 4561 1038 4622 formis
1071 4564 1240 4633 uterentur,
1279 4563 1340 4618 tum
