3134 5054
224 291 277 355 254
710 293 815 352 anrrs
832 292 947 351 Parente

220 513 314 573 olficio
335 513 551 574 satisfacturam
574 513 668 588 essc‘‚
697 513 759 588 ipse
784 513 948 587 respondit:
979 513 1074 589 ,Sicut
1094 513 1219 574 Domino
1241 515 1366 591 placuit,
1396 516 1441 575 ita

220 619 328 678 factum
353 625 412 694 est3
435 621 474 678 sit
496 635 601 678 nomen
624 619 741 677 Domini
763 617 968 680 benedictam‘

307 725 431 797 Propter
452 725 528 782 hunc
550 724 730 782 comitiorum
753 724 863 782 exitum
882 724 1014 782 Romana
1037 722 1126 782 Curia
1144 725 1259 798 ingenti
1281 727 1440 784 exsultavit

221 828 342 886 laetitia
385 827 447 886 Leo
474 829 555 901 Papa
577 826 680 886 Oarolo
709 827 823 886 litteras
845 827 927 885 dedit
949 829 1116 887 collaudans
1138 845 1218 902 eum,
1248 830 1324 902 qnod
1345 828 1438 888 filium

220 931 346 990 Satanae
371 933 528 990 Martinam
557 931 673 989 sortiter
702 931 894 1003 oppressisset
921 937 1007 1004 atque
1031 933 1137 991 virtute
1164 948 1217 992 sua
1237 950 1316 1006 spem
1339 933 1376 992 de
1401 951 1439 993 eo

220 1044 390 1109 conceptam
412 1053 470 1094 non
492 1036 670 1108 impleuisset
691 1041 805 1093 tantum
825 1034 877 1094 sed
899 1033 1091 1108 superasset.¹
1137 1037 1345 1110 Triumpbandi
1367 1054 1439 1096 can·

218 1157 280 1198 sam
314 1141 428 1215 babuit,
461 1141 491 1198 in
522 1141 621 1197 curiae
653 1139 731 1196 enim
763 1138 942 1196 commodum
973 1138 1130 1199 Germania
1159 1139 1243 1199 fatali
1273 1147 1437 1216 temporum

220 1251 363 1304 momento
386 1245 549 1317 turpissime
572 1243 696 1316 decepta
719 1249 772 1302 est.
817 1243 864 1301 Ad
889 1243 1004 1302 irritam
1026 1245 1208 1320 ceciderunt,
1236 1263 1310 1318 qnae
1334 1263 1438 1305 omnes

219 1351 388 1408 nobilissimi
422 1351 485 1422 ejus
518 1349 573 1406 viri
609 1346 725 1406 efficere
758 1347 927 1422 studebant,
961 1349 1039 1408 haud
1068 1350 1155 1422 pauci
1186 1351 1274 1409 etiam
1304 1352 1334 1408 in
1363 1351 1437 1425 ipsis

219 1456 342 1513 comitiis
364 1451 626 1512 Wormatiensibos
652 1469 757 1525 magno
789 1451 936 1511 desiderio
968 1455 1185 1527 expetiverant,
1213 1459 1245 1512 nt
1267 1460 1298 1513 ct
1319 1456 1436 1514 univer-

219 1559 289 1616 salis
314 1557 482 1616 reformatio
513 1557 655 1614 ecclesiae
685 1561 888 1630 perageretur,
920 1561 950 1615 et
972 1555 1131 1616 Germania
1155 1560 1280 1617 arctiore
1310 1559 1437 1632 purioris

219 1663 369 1734 religionis
392 1665 423 1720 et
439 1661 568 1718 culturae
591 1661 705 1718 vinculo
728 1661 921 1734 colligaretur.
967 1659 1144 1736 imperator,
1167 1663 1250 1734 quasi
1270 1663 1438 1735 poeniteret

221 1783 285 1824 curn
309 1765 452 1824 comitatis
475 1780 510 1822 ac
533 1763 721 1837 clementiae,
751 1781 836 1836 quam
859 1769 981 1838 propter
1004 1763 1164 1824 Germanos
1187 1781 1273 1824 exoso
1295 1767 1436 1824 monacho

220 1871 404 1942 exhibuerat,
430 1875 530 1927 contra
552 1884 617 1926 enm
641 1869 1009 1958 proscriptionis'edr'ctnm
1032 1885 1117 1941 qnam
1140 1871 1321 1929 amenissima
1342 1870 1436 1929 forma

219 1974 417 2035 fabricandam
446 1973 566 2034 curavit.
611 1971 693 2042 Quod
723 1971 862 2046 edictum,
891 1989 929 2032 ne
961 1975 1237 2046 spectatissimorum
1268 1973 1434 2048 Principum

219 2080 427 2139 intercessione
448 2077 652 2150 impediretur,
675 2083 741 2150 post
762 2077 949 2150 plurimorum
965 2077 1080 2136 demum
1095 2077 1251 2136 discessum
1268 2079 1435 2152 publicarit,

217 2185 296 2244 diem
318 2202 387 2244 vero
409 2185 520 2256 aliquot
542 2183 711 2255 septimanis
733 2182 859 2254 priorem
883 2181 911 2240 ei
934 2182 1055 2241 inscribi
1074 2182 1175 2257 jussit,
1197 2183 1281 2255 quasi
1298 2199 1435 2256 praesen-

218 2291 294 2348 tibus
317 2296 348 2348 et
371 2288 618 2348 consentientibus
636 2285 768 2344 omnibus
782 2288 825 2344 ita
840 2303 1007 2360 expressum
1023 2293 1110 2346 esset.
1149 2285 1303 2361 Scriptoris
1318 2304 1434 2352 nomen,

218 2412 255 2453 ne
275 2395 365 2452 nimia
387 2395 433 2450 ira
456 2397 486 2449 et
508 2391 617 2448 invidia
639 2391 830 2464 excitaretur,
859 2390 1058 2448 absconditum
1085 2407 1206 2451 marcere
1226 2392 1330 2466 voluit3
1358 2392 1434 2464 qnod

218 2501 307 2557 multo
336 2497 450 2556 demum
473 2503 538 2569 post
559 2511 612 2568 per
632 2493 839 2553 Pallavicinum
865 2493 1043 2567 patefactum
1066 2499 1120 2554 est.
1173 2495 1291 2556 Scilicet
1316 2494 1435 2555 Carolus

220 2603 345 2661 edictum
376 2599 461 2672 illud,
491 2604 524 2658 ut
549 2605 676 2656 mentam
703 2599 774 2656 satis
796 2613 911 2656 saevam
933 2599 1102 2672 Romaeque
1126 2607 1275 2673 acceptam
1301 2602 1434 2675 spiraret,

218 2705 366 2764 Aloandro
388 2702 625 2762 conscribendum
647 2703 842 2762 mandaverat.
895 2703 961 2762 Non
984 2704 1088 2762 mirum
1109 2705 1210 2780 igitur,
1242 2706 1318 2778 quod
1349 2721 1435 2780 ,nnus

218 2807 376 2868 Lutherns‘
406 2808 466 2866 illic
496 2808 601 2865 dicitur
629 2822 700 2880 ‚non
730 2813 763 2864 ut
788 2808 873 2865 homo
902 2808 954 2866 sed
982 2808 1044 2881 ipse
1072 2808 1203 2867 diabolos
1230 2810 1282 2868 snb
1311 2810 1434 2868 bominis

217 2917 330 2989 specie,
353 2913 391 2972 ad
412 2912 572 2986 perniciem
595 2913 710 2986 generis
732 2911 849 2970 hnmani
871 2920 1016 2986 assumpta
1039 2913 1172 2972 monachi
1194 2913 1325 2986 cuculla,
1348 2930 1434 2986 quarn

218 3020 403 3094 plurimorum
436 3017 649 3077 baereticorum
679 3015 910 3076 damnatissimas
938 3018 1077 3076 haereses
1096 3018 1157 3090 J'am
1177 3017 1227 3076 din
1250 3017 1379 3092 sepultas
1403 3019 1433 3075 in

217 3141 302 3183 unam
334 3125 479 3184 sentinam
502 3122 697 3196 congessisse,
729 3121 800 3180 alias
824 3121 913 3179 etiam
936 3120 974 3180 dc
1001 3137 1052 3180 suo
1075 3122 1272 3196 excogitasse}
1327 3123 1381 3180 llis
1403 3129 1435 3180 et

218 3231 283 3288 aliis
315 3247 389 3303 quac
420 3230 579 3303 scripserat
608 3225 748 3286 similibus
777 3227 885 3300 optime
909 3231 1033 3286 noverat
1055 3225 1204 3286 Aleander
1225 3227 1435 3286 Germanarum

217 3335 353 3406 plurimos
384 3349 415 3391 sc
442 3333 681 3392 exacerbatorum
710 3347 789 3405 esse3
819 3329 870 3388 scd
899 3335 979 3389 tanto
1002 3333 1147 3404 mugisse
1170 3331 1235 3390 aliis
1261 3331 1435 3405 placiturum

217 3437 355 3509 potabat;
385 3437 458 3494 alios
488 3443 588 3494 contra
618 3436 690 3494 alios
719 3436 859 3508 instigare
888 3451 1033 3507 nunqnam
1064 3434 1224 3495 dubitabat
1269 3435 1366 3506 Quare
1396 3434 1434 3492 ad

217 3541 357 3598 Nuntium
387 3540 528 3612 collegam
558 3556 639 3597 suum
670 3539 778 3597 dixisse
807 3537 970 3597 ferebatur:
1016 3539 1099 3614 ,Eia,
1126 3539 1166 3597 mi
1196 3537 1378 3613 Caraociole,
1409 3540 1434 3598 si

218 3645 290 3702 nibil
314 3643 387 3702 adeo
408 3643 553 3716 praeclari
575 3644 620 3701 his
643 3645 766 3701 comitiis
787 3641 949 3718 effecimus,
972 3650 1069 3703 tamen
1091 3645 1147 3703 hoc
1169 3651 1281 3704 certum
1299 3649 1358 3716 est,
1380 3661 1435 3703 nos

217 3765 352 3823 magnam
375 3748 430 3806 hoc
445 3747 539 3806 edicto
561 3749 592 3806 in
608 3747 764 3806 Germania
779 3749 924 3806 lanienam
941 3749 1104 3822 concitare;
1129 3765 1186 3822 qna
1201 3750 1353 3808 Alemanni
1377 3750 1433 3822 ipsi

218 3856 376 3913 inviscera
399 3870 451 3912 sua
466 3852 630 3911 saevientes
648 3853 818 3926 propediem
841 3853 871 3910 in
891 3853 1007 3926 proprio
1021 3855 1161 3927 sanguine
1176 3849 1434 3912 suffocabuntur.‘¹

218 3959 299 4031 Quae
322 3959 412 4017 verba
434 3963 466 4016 ut
488 3973 545 4014 non
567 3959 610 4016 ita
632 3957 745 4029 prolata
767 3958 837 4032 sint,
860 3963 1039 4016 tamennon
1062 3964 1121 4016 tam
1144 3958 1242 4032 longe,
1266 3973 1351 4030 qnam
1370 3958 1433 4029 qni-

147 4124 156 4146 ,
217 4064 336 4122 busdam
360 4064 451 4120 risum
474 4067 531 4134 est,
555 4061 592 4120 ab
609 4061 645 4119 iis
663 4061 767 4119 aberat
781 4059 922 4120 Alcandri
937 4063 1060 4120 animus.
1098 4061 1205 4132 Quales
1221 4059 1433 4120 Germanorum

219 4171 331 4224 mentes
358 4180 391 4222 se
417 4181 502 4222 nosse
525 4163 648 4239 latetur,
678 4167 786 4238 optime
806 4165 933 4238 sciebat,
957 4165 1044 4222 edicti
1070 4165 1291 4224 Wormatiensis
1312 4181 1435 4223 exsecu-

217 4273 328 4332 tionem
355 4269 417 4327 sinc
446 4269 474 4327 vi
505 4274 534 4327 et
563 4271 702 4344 sanguine
732 4266 796 4328 fieri
827 4286 884 4328 non
911 4286 1013 4342 posse;
1043 4269 1080 4328 ab
1111 4270 1252 4343 ejusmodi
1279 4269 1435 4342 praesidiis

308 4499 334 4566 1)
353 4500 510 4560 Laeuimsrs,
529 4519 638 4557 monum.
651 4501 708 4552 Vnt.
727 4518 753 4568 p.
765 4506 789 4555 7.

306 4586 333 4661 2)
352 4585 460 4640 Sculteti
477 4590 588 4642 Amalec
607 4589 645 4642 ed.
664 4590 698 4644 K.
718 4605 768 4640 roa
784 4589 829 4640 der
847 4587 933 4640 Hardt
951 4604 975 4654 p.
990 4593 1030 4648 tl.
