3176 5064
664 318 752 372 Cnrrr
769 319 819 373 III.
1320 321 1355 375 35

126 411 696 422 .----ι--.-------------
703 413 729 418 -
742 413 822 419 0...—

127 521 324 580 Ccntarenum
354 520 496 596 Legatum
527 520 621 594 misit,
649 524 684 579 ut
710 521 947 598 colloquentibus
974 522 1098 582 adesset
1144 523 1203 582 Hic
1225 541 1293 582 vero
1317 542 1355 582 ex

125 646 228 686 eonun
254 627 396 686 Italorum
422 643 544 686 numero
572 631 646 702 erat,
678 645 753 704 quos
775 628 885 705 pietate
907 634 937 688 et
963 629 1127 688 eruditione
1158 629 1291 704 insignes
1322 631 1355 689 in

122 735 343 810 justificationis
371 734 508 808 articulo,
532 735 583 812 qui
607 734 775 810 vomhntnr,
799 754 867 795 cum
890 736 1125 796 Protsstantibus
1149 736 1256 796 fecisse
1278 737 1355 796 dixt-

127 859 201 901 mns.
248 840 331 914 Quod
354 847 456 918 postea
476 841 582 902 Cirriae
603 842 734 902 asseclae
751 843 876 903 moleste
894 843 1023 903 terentes
1040 861 1148 920 negare
1166 845 1354 920 conabantur,

126 949 178 1008 sed
209 953 270 1008 tam
303 949 385 1007 inani
418 953 448 1008 et
479 949 562 1008 inito
590 949 700 1024 studio,
732 955 767 1009 ut
794 949 917 1024 Quirino
941 951 1089 1010 Cardinali
1117 969 1170 1028 pro
1198 950 1354 1012 Contemni

126 1057 298 1116 orthodoxia
325 1056 444 1116 sudanti
481 1057 660 1118 Benedictus
687 1057 770 1117 XIV.
803 1058 955 1118 silentium
987 1059 1163 1136 imponeret,
1201 1077 1252 1135 ,ne
1283 1060 1356 1120 haec

126 1165 325 1224 controversia
352 1163 442 1224 latius
465 1169 596 1242 serperet
622 1169 652 1224 et
674 1165 815 1226 ecclesiae
837 1166 986 1226 Romanae
1003 1167 1088 1227 fieret
1104 1167 1230 1226 nortia}1
1265 1167 1356 1227 Recte

126 1289 195 1331 vero
210 1271 419 1331 Melanchthon
437 1271 509 1332 dicit
528 1272 604 1331 serio
622 1272 708 1331 illurn
733 1272 770 1332 de
788 1273 943 1334 concordia·
960 1274 1120 1350 laborasse,
1144 1275 1197 1334 sed
1216 1275 1355 1352 ‚quodam

125 1379 245 1456 pietatis
273 1379 392 1454 affectu,
424 1397 483 1438 non
506 1398 544 1438 ex
566 1379 719 1452 Pontificis
741 1380 921 1441 intentione!
972 1381 1126 1442 Praeterea
1156 1400 1194 1442 ex
1221 1383 1355 1458 ejusdem

127 1486 231 1562 Legati
255 1487 379 1563 epistola
402 1487 438 1546 ad
462 1487 665 1546 Alexandrum
688 1487 861 1548 Famesinm
884 1487 1083 1564 Cardinalem‚
1107 1489 1205 1566 Papae
1226 1491 1355 1565 fratrem,

128 1594 259 1671 scripta²
299 1593 399 1654 videre
435 1595 518 1669 licet,
560 1596 662 1673 quanti
699 1601 771 1656 tunc
806 1596 916 1658 Romae
955 1616 973 1656 a
1009 1597 1247 1675 prudentioribus
1283 1597 1356 1656 viris

125 1702 356 1761 Protestantium
381 1701 521 1763 sodalitas
548 1703 702 1763 aestimata
739 1705 791 1782 sit;
824 1721 884 1765 non
912 1705 1035 1765 minoris
1062 1706 1142 1765 enim
1169 1723 1219 1765 eos
1247 1705 1355 1766 facien·

126 1810 180 1868 dos
222 1827 287 1870 esse
328 1809 379 1870 ille
411 1816 513 1870 censet
550 1829 639 1888 qnam
671 1811 811 1886 Graecos,
853 1831 945 1890 quum
982 1813 1070 1889 longe
1106 1813 1196 1873 latius
1228 1819 1355 1890 pateant

126 1935 217 1993 qnare
243 1918 332 1976 etiam
360 1917 408 1976 his
435 1919 654 1978 concedendum
682 1919 795 1996 aliquid
823 1937 902 1995 esse,
934 1937 973 1980 ne
1000 1921 1087 1980 detur
1109 1921 1223 1980 occasio
1246 1921 1354 1980 distur-

125 2025 238 2083 bandae
259 2024 438 2084 concordiae.
489 2024 570 2099 Quae
597 2026 696 2084 omnia
723 2027 860 2086 similiter
886 2032 976 2104 atque
1002 2026 1107 2086 intima
1130 2026 1260 2086 Sadoleti
1287 2043 1355 2086 sen-

125 2132 231 2206 tentio,
259 2149 297 2191 ex
324 2131 449 2208 epistola
476 2133 512 2192 ad
536 2133 702 2193 Palearium
729 2151 888 2210 apparens,
920 2152 938 2192 a
970 2133 1097 2193 fanatica
1124 2133 1354 2193 Protestantium

126 2239 380 2314 condemnatione,
404 2239 483 2298 inter
506 2239 638 2300 Curiales
658 2242 720 2317 jam
743 2247 816 2301 tunc
838 2242 1012 2316 inveterata,
1040 2239 1213 2318 longissime
1235 2241 1354 2301 distant.

233 2347 337 2424 Itaque
370 2347 481 2406 iachim
514 2353 572 2422 est,
605 2355 639 2408 ut
665 2355 738 2408 tunc
764 2349 954 2425 Ratisbonae‚
987 2349 1065 2427 qrrod
1096 2367 1249 2427 nunquam
1281 2349 1355 2409 aliae

126 2455 189 2531 pari
213 2472 353 2514 successu
376 2455 487 2529 evenit,
516 2461 640 2534 utraque
663 2474 731 2533 pars
759 2457 796 2516 de
824 2458 1019 2518 controversis
1051 2457 1236 2533 gravissimis
1267 2458 1355 2517 rebus

125 2561 203 2622 inter
230 2579 263 2621 sc
288 2563 480 2638 consentiret,
513 2563 654 2622 nimirum
682 2565 719 2624 de
747 2563 917 2624 condicione
943 2565 1086 2640 hominis,
1118 2565 1155 2624 de
1186 2565 1287 2642 lapsu,
1319 2565 1357 2624 de

125 2669 217 2728 libero
249 2671 381 2744 arbitrio,
413 2671 450 2729 de
482 2688 570 2730 causa
601 2672 727 2748 peccati,
760 2673 797 2732 de
828 2672 901 2732 vitio
932 2671 1056 2749 originis
1088 2677 1119 2731 et
1150 2671 1288 2750 inprimis
1319 2672 1357 2732 de

123 2778 341 2853 justificatione.
388 2777 544 2856 Utrimque
566 2779 647 2838 enim
670 2780 863 2840 collocutores
885 2785 1026 2858 tunquam
1050 2781 1178 2854 ‚firmam
1201 2785 1231 2839 et
1254 2797 1356 2839 sanam

125 2883 300 2944 doctrinam‘
324 2887 452 2946 confessi
476 2891 560 2960 sunt,
584 2905 650 2964 ,per
672 2888 762 2946 fidem
780 2889 880 2946 rivam
898 2893 928 2947 et
946 2889 1096 2948 efficacem
1112 2887 1269 2964 justificari
1288 2905 1356 2964 peo-

125 2995 270 3052 catorem‘
315 2993 372 3052 His
394 3012 464 3052 vero
486 2993 555 3052 fidei
578 2994 718 3070 epithetis
742 2995 788 3054 usi
813 2999 896 3068 sunt,
920 3000 954 3054 ut
975 2995 1066 3054 fidem
1088 3013 1148 3055 non
1166 3011 1247 3053 mere
1265 2994 1357 3054 histo-

125 3099 229 3172 ricam,
262 3117 338 3177 quae
369 3099 481 3175 dictur,
515 3101 676 3176 significari
708 3101 788 3159 clare
819 3102 975 3160 edicerent.
1035 3101 1221 3160 Definierunt
1256 3105 1356 3160 autem

125 3206 241 3264 vivam
277 3207 366 3267 fidem
402 3213 542 3284 tanquam
579 3225 656 3282 eam,
700 3225 788 3284 ,quae
824 3207 1026 3284 apprehendat
1061 3207 1292 3266 misericordiam
1324 3207 1357 3266 in

127 3313 261 3373 Christo!
316 3313 416 3374 Talem
444 3315 532 3374 tidem
561 3333 678 3392 semper
709 3315 860 3374 efficacem
888 3331 954 3374 esse
986 3333 1039 3391 per
1070 3315 1235 3390 mritatem,
1267 3314 1355 3374 etiam

125 3420 327 3482 Protestantes
350 3439 418 3480 curn
441 3422 572 3498 apostolo
595 3423 761 3482 docuerant
812 3421 859 3481 Ne
884 3439 954 3482 roro
982 3421 1057 3480 illud
1084 3421 1268 3482 efficacitatis
1295 3422 1357 3499 epi-

126 3529 228 3588 theton
251 3529 320 3588 fidei
342 3529 474 3588 additum
502 3529 565 3588 ullo
592 3529 678 3590 modo
705 3531 873 3589 obscuraret
886 3529 1024 3606 ¹gratiam
1048 3528 1104 3590 Dei
1130 3529 1223 3606 gratis
1250 3529 1357 3603 datam,

127 3635 200 3695 haec
221 3637 310 3696 verba
332 3637 432 3696 addita
455 3641 539 3696 sunt:
575 3636 647 3711 ,Sed
674 3637 793 3697 interim
816 3637 871 3696 hoc
894 3655 997 3697 verum
1024 3641 1083 3712 est,
1111 3637 1189 3716 quod
1217 3637 1272 3696 hac
1299 3635 1357 3695 fide

125 3747 247 3803 eatenus
267 3745 477 3820 justificamur,
509 3745 528 3804 i.
552 3761 576 3804 a.
600 3750 787 3822 acceptamur
809 3750 839 3804 et
861 3745 1086 3804 reconciliamur
1112 3743 1187 3818 Deo,
1211 3748 1357 3820 quatenus

126 3849 319 3928 apprehendit
341 3851 572 3912 misericordiam
595 3855 626 3910 et
644 3851 805 3927 justitiam,
833 3871 909 3930 quae
936 3852 1021 3912 nobis
1048 3852 1212 3928 imputatur
1238 3853 1358 3926 propter

127 3958 281 4018 Christum
313 3964 343 4018 et
374 3959 440 4035 ejus
468 3959 620 4034 meritum,
652 3977 711 4019 non
739 3963 859 4036 propter
885 3959 1061 4035 dignitatem
1089 3963 1119 4018 et
1145 3957 1357 4035 perlectionem
1392 3997 1393 4000 ι

125 4066 210 4125 nobis
232 4065 265 4125 in
289 4065 407 4126 Christo
430 4066 678 4126 communicatam
724 4065 779 4126 Sic
796 4069 992 4141 congruenter
1019 4083 1088 4125 oum
1111 4064 1197 4124 Perdi
1224 4063 1358 4123 dochina

125 4191 163 4232 ex
190 4173 256 4250 ipso
283 4179 351 4233 actu
376 4173 597 4250 justificationis
620 4173 822 4234 excluduntur
849 4173 924 4232 bona
950 4189 1051 4249 opem,
1079 4172 1150 4232 licet
1172 4170 1357 4231 necessarius

125 4281 193 4340 fidei
214 4281 406 4357 justificantis
430 4283 545 4340 fmotus
568 4280 630 4340 sint
647 4282 723 4340 bona
740 4299 841 4358 opera,
864 4281 883 4340 i.
903 4297 927 4340 s.
952 4279 1008 4340 soli
1026 4279 1095 4339 fidei
1114 4278 1255 4338 tribuitur
1269 4277 1358 4355 justi·

234 4529 260 4595 1)
279 4527 326 4581 Th.
345 4527 456 4597 Brieger
474 4525 500 4579 in
519 4525 620 4594 ‚Theol
640 4525 715 4581 Stud.
735 4527 791 4581 und
809 4526 943 4580 Kritilreu‘
964 4525 1131 4595 lempst

233 4615 261 4684 2)
280 4615 354 4683 Quae
374 4617 470 4670 iterum
489 4631 589 4670 excusa
607 4617 649 4670 est
668 4615 763 4670 ibidem
782 4633 807 4686 p.
824 4617 876 4669 144
886 4631 921 4671 ss.

1158 4705 1174 4758 3
1181 4705 1194 4734 ἡ
