3144 5092
642 308 729 365 01111
747 310 780 363 V.
1289 311 1324 366 95

72 513 259 591 perducere
287 513 451 574 studebant.
498 511 613 586 Quibus
640 513 718 572 inter
744 513 841 573 varias
868 513 946 573 vitae
973 517 1163 592 tempestates
1191 519 1221 574 et
1248 515 1324 575 cala·

73 621 216 682 mitates
243 625 325 680 tanta
351 620 441 680 animi
470 620 644 680 tortitudine
670 621 838 696 resistebat,
865 625 900 680 ut
926 621 1122 699 probissimus
1149 622 1214 699 ejus
1241 641 1325 700 prae-

76 733 199 806 ceptor
217 734 248 789 et
265 729 379 789 amicus
397 728 573 788 Maestlinus
591 729 660 788 fidei
679 727 878 788 confessorem
896 745 964 788 eum
982 727 1061 788 haud
1078 733 1189 790 temere
1206 730 1324 792 diceret

77 835 238 895 intimam
260 835 383 914 Kepleri
410 823 557 911 mentem,
582 854 641 913 qua
662 835 717 896 has
739 853 788 896 res
810 837 965 910 tractabat,
987 836 1088 896 ridere
1110 836 1180 897 lieet
1203 857 1241 898 ex
1264 839 1326 916 epi·

81 943 184 1019 stola,
219 943 256 1003 ad
287 944 385 1002 virum
417 944 536 1003 doctum
569 943 685 1021 sibique
716 943 845 1003 amicum
876 943 1038 1003 Pistorium
1068 945 1143 1004 data
1200 943 1257 1018 Qui
1288 947 1326 1005 ad

81 1051 261 1110 Romanam
284 1051 439 1111 ecclesiam
462 1068 622 1110 conversus
646 1068 738 1128 quum
761 1055 902 1128 tanquam
925 1032 1085 1112 moritmns
1108 1051 1271 1130 Keplerum
1293 1058 1327 1112 ut

84 1175 123 1217 se
160 1163 337 1236 sequeretur
367 1157 583 1233 admonuisset,
614 1158 664 1218 hio
694 1159 843 1233 rescribit,
875 1176 908 1219 se
940 1158 1089 1236 suspirare
1120 1178 1173 1236 pro
1205 1160 1257 1220 illo
1289 1161 1326 1219 ad

84 1265 194 1324 Deum
218 1283 309 1344 seque
332 1283 450 1343 sperare
472 1267 547 1340 lore,
575 1270 610 1325 ut
631 1265 774 1325 inanitate
795 1265 886 1342 hujus
908 1265 1013 1325 mundi
1035 1271 1202 1345 perspecta,
1225 1267 1326 1345 poeni-

86 1372 191 1432 teutia
218 1378 338 1450 paratim
365 1377 396 1433 et
422 1373 551 1448 cinctus,
579 1372 784 1433 transitionem
810 1373 894 1432 illam
920 1374 1035 1434 beatam
1062 1374 1159 1434 faciat.
1206 1374 1326 1450 ,Venice

89 1481 197 1556 ergo‘,
220 1480 330 1558 inquit,
355 1480 395 1556 ,si
417 1481 490 1540 haec
513 1479 696 1558 praestiteris
715 1478 788 1559 (Deo
807 1481 896 1540 etiam
914 1481 951 1541 de
968 1480 1105 1557 occultis,
1128 1482 1165 1540 de
1183 1481 1326 1558 ignoratis

89 1587 241 1664 peccatis,
269 1588 306 1648 de
333 1587 471 1666 opinione
498 1588 597 1648 cultus
620 1588 683 1648 Deo
710 1588 844 1666 praestiti
866 1589 898 1647 in
921 1589 1106 1668 quorundam
1129 1590 1327 1665 exagitatione

92 1695 255 1754 confessus
282 1700 313 1755 et
340 1693 539 1774 depremtus),
571 1695 674 1756 venies
701 1695 822 1773 inquam
850 1696 882 1755 in
909 1695 996 1756 illum
1023 1700 1139 1757 coetum
1167 1697 1327 1758 electorum

92 1802 232 1880 mihique
259 1801 291 1862 in
319 1802 371 1862 illo
399 1821 506 1880 magno
533 1803 582 1862 die
609 1803 647 1862 ad
669 1802 800 1863 tribunal
823 1802 934 1863 Christi
956 1803 1136 1882 comparenti
1158 1805 1245 1865 testis
1267 1807 1327 1866 eris

95 1927 145 1968 me
173 1909 257 1969 nullo
280 1910 395 1988 privato
417 1910 476 1970 alio
498 1911 530 1968 in
553 1911 740 1986 Pontificem,
768 1911 935 1988 episcopos,
964 1912 1143 1987 accerrimae,
1172 1913 1224 1972 sed
1247 1932 1327 1974 mero

97 2017 163 2077 zelo
186 2017 256 2093 Dei,
284 2017 383 2077 studio
410 2017 615 2078 mandatorum
642 2021 672 2077 et
698 2017 894 2077 institutionis
918 2017 1042 2094 Christi,
1070 2037 1141 2079 cura
1163 2021 1327 2097 praemoni-

96 2125 214 2184 tionum
233 2125 297 2203 ejus
316 2129 345 2184 et
363 2125 563 2203 apostolomm
581 2125 613 2184 in
627 2124 679 2184 illa
692 2124 827 2185 libertate
841 2125 973 2202 stetisse,
991 2127 1023 2185 in
1038 2145 1097 2204 qua
1110 2127 1165 2187 Dei
1179 2129 1327 2204 permissu

98 2237 189 2292 natus
213 2250 292 2308 sum,
314 2251 410 2310 neque
425 2233 499 2310 jugo
516 2233 648 2293 Romano
665 2231 827 2310 mancipari
845 2232 941 2292 ultro.‘
974 2232 1057 2294 Tune
1076 2234 1188 2294 severis
1206 2236 1328 2313 quibus-

100 2341 168 2399 dam
187 2340 285 2400 verbis
304 2340 341 2399 de
358 2340 515 2416 tyrannide
533 2339 665 2400 Romana
683 2339 804 2415 additis,
828 2339 922 2414 ,llaec
940 2342 1020 2417 ego‘,
1043 2340 1153 2418 inquit,
1174 2344 1328 2403 commotis

100 2447 292 2526 praecordiis,
315 2448 399 2525 quasi
422 2449 602 2524 migraturus
625 2465 694 2507 oum
716 2447 878 2524 migraturo
901 2446 982 2526 (quia
1004 2448 1148 2508 incertum
1172 2453 1239 2510 uter
1256 2451 1328 2511 alte

101 2573 167 2614 rum
195 2553 370 2634 praevertat)
398 2555 534 2632 responsi
561 2555 625 2614 loco
652 2555 689 2614 ad
716 2559 830 2632 partem
857 2555 999 2632 epistolae
1026 2561 1094 2616 tuae
1116 2557 1153 2616 de
1176 2557 1276 2618 morbo
1299 2563 1329 2618 et

103 2667 195 2722 morte
221 2663 351 2722 instante
377 2663 556 2741 respondere
582 2661 671 2722 volui.
723 2661 804 2736 Quae
831 2663 872 2724 ita
898 2663 1026 2742 accipias
1052 2683 1071 2724 a
1098 2665 1257 2740 scribente,
1285 2666 1330 2725 uti

106 2769 207 2830 solitus
230 2788 262 2830 es
285 2770 423 2848 excipere
445 2770 614 2849 loquentem
638 2775 669 2831 et
691 2771 892 2848 disputantem
914 2771 951 2832 de
974 2772 1076 2832 eadem
1098 2773 1257 2832 materie)l

208 2877 254 2937 Ad
282 2877 419 2953 eandem,
447 2896 536 2956 quam
562 2877 628 2956 ipse
655 2879 834 2956 praestabat,
862 2879 931 2939 fidei
959 2881 1153 2940 constantiam
1181 2880 1256 2940 elios
1278 2881 1329 2941 ed·

107 2985 278 3044 hortabatur.
319 2985 384 3046 Hoc
401 2985 511 3060 animo,
534 2990 726 3064 posteaquam
747 2985 950 3045 Fordinandus
968 2987 1125 3061 archidux,
1148 2986 1328 3047 Jesuitamm

108 3092 268 3169 discipulus
304 3097 334 3152 et
369 3097 525 3170 patronus,
562 3093 594 3151 in
628 3091 820 3151 haereditaria
852 3109 905 3151 sua
935 3098 1012 3152 terra
1043 3093 1143 3168 Styria
1174 3093 1327 3171 publicum

107 3199 348 3277 Evangelicorum
365 3199 480 3260 cultum
498 3199 703 3260 crudelissime
717 3198 896 3276 suppressit,
914 3199 952 3258 ad
965 3198 1062 3258 11111111
1077 3200 1328 3278 spectatissimum

109 3312 137 3366 et
161 3308 363 3368 doctissimum
386 3307 621 3383 Zehntmarium,
649 3289 701 3385 qui
727 3307 792 3366 illic
818 3305 955 3366 ominum
982 3307 1111 3384 praesidi
1133 3309 1170 3368 ab
1192 3307 1328 3386 epistolis

110 3419 178 3490 erat,
209 3414 324 3476 litteras
356 3415 565 3476 consolatorias
591 3414 681 3474 misit
733 3411 862 3488 Quamm
889 3419 1109 3491 argumentum,
1141 3434 1235 3494 quum
1262 3435 1328 3494 per-

110 3521 181 3582 ditae
204 3522 275 3598 sint,
299 3541 338 3583 ex
355 3523 440 3583 illius
457 3541 599 3601 responso
617 3522 762 3583 novimus.
805 3519 922 3599 Quippe
939 3519 1067 3598 Keplero
1086 3523 1200 3584 scribit:
1225 3523 1329 3599 ,Mimo

111 3629 323 3705 gubernationis
350 3631 468 3690 divinae
495 3629 741 3708 contemplatione
767 3629 799 3688 in
827 3631 949 3690 eandem
972 3636 1071 3691 tecum
1094 3631 1239 3691 descendo
1262 3649 1328 3691 sen·

113 3737 240 3796 tentiam:
269 3737 366 3797 Deum
393 3755 454 3798 non
480 3743 597 3797 tantum
624 3742 747 3797 externa
775 3736 879 3798 salutis
902 3756 1022 3814 organa,
1051 3742 1123 3815 puta
1150 3739 1272 3798 verbum
1300 3743 1330 3797 et

114 3849 298 3920 sacramenta,
335 3846 443 3922 quibus
475 3845 603 3905 visibilis
634 3843 784 3906 Ecclesiae
815 3845 1002 3922 congregatio
1033 3845 1066 3904 in
1097 3863 1190 3904 unum
1222 3862 1328 3922 corpus

114 3951 224 4028 coaluit,
243 3952 296 4012 sed
314 3952 412 4012 omnia
431 3951 518 4012 etiam
537 3951 719 4030 magrmtium
737 3951 883 4030 praesidia
901 3953 981 4012 huno
999 3952 1031 4011 in
1049 3953 1139 4012 finem
1158 3951 1329 4012 subtrahere

115 4064 142 4119 et
160 4059 284 4136 abolere,
307 4064 342 4120 ut
364 4059 423 4138 ipsi
447 4060 509 4121 solo
531 4060 635 4137 fidere,
658 4059 739 4120 verbi
758 4058 819 4118 vim
838 4063 868 4120 et
886 4059 1026 4120 virtutem
1045 4059 1109 4120 sine
1128 4077 1183 4136 ope
1200 4059 1330 4118 humana

116 4167 214 4227 sentire
241 4173 271 4228 et
299 4173 346 4245 ,nt
372 4167 484 4228 milites
511 4169 686 4229 christianos
709 4167 806 4242 decet,
834 4167 866 4226 in
889 4185 1004 4227 summa
1026 4166 1196 4226 infirmitate
1217 4165 1330 4226 auxilio

116 4274 234 4353 Spiritus
258 4275 358 4338 Sancti
380 4293 514 4354 pugnare
536 4281 567 4337 et
588 4277 707 4337 vincere
729 4274 917 4335 discamus.‘²

213 4525 240 4594 1)
258 4525 324 4596 Epp.
344 4524 396 4581 385
412 4541 433 4579 s.

213 4615 240 4684 2)
258 4615 361 4669 Ibidem
379 4632 404 4684 p.
421 4614 480 4668 139.
