3144 5092
240 286 293 342 102
417 247 424 262 ⁸
783 284 872 338 cnm
889 282 922 337 v.

239 493 361 550 constat.
415 489 570 549 Praeterea
601 505 671 548 vero
704 486 854 548 Galilaeae
886 486 976 547 etiam
1007 504 1042 546 aa
1072 486 1288 563 phaenomena,
1325 503 1408 564 quae
1445 505 1486 546 ex

239 597 414 658 miraculoso
437 600 519 656 motu
541 595 594 655 illo
616 595 755 674 primario
777 593 951 654 naturaliter
973 599 1123 668 emanant,
1147 598 1295 672 quatenus
1318 613 1384 653 una
1408 613 1486 654 cum

239 723 274 774 ep
295 705 393 782 posita
416 708 499 778 sunt,
522 703 700 764 miraculosa
722 699 832 762 diserte
853 719 957 762 vocare
980 717 1040 762 non
1063 700 1199 760 dubitatl

345 811 450 890 Neque
481 811 512 871 id
545 829 579 871 eo
607 829 699 871 sensu
725 810 814 886 dixit,
847 828 905 888 quo
932 808 1109 869 recentiores
1136 808 1257 888 quidam
1284 809 1417 886 physici
1448 811 1488 870 de

239 923 351 996 motus,
383 918 474 994 vitae,
505 919 621 978 animae
648 918 696 978 sui
724 917 859 978 consciae
885 916 980 976 initiis
1008 935 1097 976 suum
1124 916 1199 976 illud
1227 916 1426 993 ,ignoramus
1457 925 1488 977 et

239 1027 452 1104 ignorabimus‘
476 1026 748 1103 pmnuntisverunt
790 1023 869 1099 Quin
890 1023 981 1084 immo
1003 1023 1057 1083 illa
1078 1024 1176 1084 omnia
1198 1042 1267 1084 cum
1287 1024 1430 1102 Keplem
1457 1032 1488 1086 et

238 1134 395 1194 Newtonie
428 1133 616 1209 ,miraculosa
644 1133 701 1192 Dei
728 1135 829 1210 opera‘
858 1149 923 1192 esse
950 1135 981 1192 et
1007 1131 1128 1208 globum
1154 1135 1326 1191 terrestrem
1357 1151 1488 1210 ‚supra-

239 1241 412 1302 naturaliter
447 1241 479 1300 id
510 1245 556 1302 est
589 1240 734 1314 ,absoluta
764 1239 822 1300 Dei
852 1239 996 1317 potentia‘
1028 1238 1167 1300 mobilem
1198 1257 1264 1299 esse
1295 1241 1489 1317 pmedieat²

239 1349 388 1409 Nimirum
418 1349 496 1408 hane
527 1367 617 1407 unam
648 1347 818 1426 primariam
850 1347 982 1407 omnium
1013 1365 1112 1406 rerum
1144 1365 1275 1421 causam,
1314 1347 1391 1408 sine
1426 1368 1488 1426 qua

240 1456 328 1516 etiam
350 1455 529 1515 Universum
556 1471 650 1514 unum
677 1460 707 1515 et
733 1455 913 1514 firmissimis
940 1454 1057 1532 legibus
1084 1453 1249 1514 stabilitum
1271 1455 1409 1531 cogitari
1435 1475 1488 1516 ne

240 1563 318 1641 quit,
349 1567 411 1622 tam
443 1567 522 1622 certo
549 1581 615 1623 esse
642 1563 736 1622 credit
762 1580 852 1640 quam
878 1562 980 1640 ipsum
1006 1561 1193 1622 Universum.
1238 1561 1380 1622 Eandem
1414 1583 1488 1624 vem

239 1689 293 1748 pro
325 1687 442 1730 summo
474 1673 505 1729 et
535 1669 670 1730 absolute
696 1669 850 1730 intellectu
878 1671 977 1744 habet,
1010 1669 1080 1747 quia
1106 1687 1166 1729 non
1193 1669 1272 1728 infra
1299 1670 1357 1730 sed
1388 1689 1488 1749 supra

240 1779 399 1838 humanam
426 1781 568 1852 mentem,
597 1796 672 1855 quas
698 1796 759 1836 una
786 1795 854 1838 cmn
882 1781 942 1836 toto
965 1777 1110 1836 Universa
1136 1777 1173 1836 ab
1195 1795 1230 1836 ea
1252 1777 1382 1854 pendet,
1416 1798 1486 1839 eam

240 1903 307 1946 esse
333 1889 455 1963 oportet.
506 1885 623 1944 Falsam
650 1889 681 1945 et
708 1885 867 1961 ignobilem
894 1883 1077 1962 scepticismi
1102 1884 1289 1960 modestiam,
1317 1886 1376 1962 qui
1407 1886 1485 1946 haee

239 2013 292 2072 pro
320 1993 409 2054 certis
435 2011 595 2070 agnoscere
621 1997 749 2068 recuset,
777 2011 837 2052 non
859 1992 960 2052 minue
983 1991 1101 2070 egregie
1123 1991 1232 2052 refellit
1254 2010 1348 2069 quam
1373 2011 1483 2052 eonnn

239 2101 412 2176 vanitatem,
441 2100 493 2178 qui
521 2101 586 2160 sine
609 2100 702 2160 multo
725 2099 836 2174 labore,
859 2099 1074 2174 observatione,
1102 2099 1293 2159 meditatione
1315 2101 1429 2160 omnia
1452 2120 1484 2161 se

240 2209 316 2269 scire
351 2207 575 2285 imaginanhir.⁸
627 2208 673 2267 De
709 2207 818 2286 quibus
855 2207 1015 2267 exclamet:
1053 2206 1234 2282 ,Stultorum
1264 2225 1399 2283 magnus
1435 2217 1481 2269 est

239 2334 388 2376 numerus.
435 2315 538 2374 Totam
565 2315 783 2392 philosophiam
811 2333 890 2374 unus
913 2314 995 2374 solus
1017 2314 1177 2390 intellegit,
1206 2314 1259 2392 qui
1281 2318 1328 2374 est
1352 2314 1480 2375 Deus‘l

239 2423 322 2483 inter
343 2422 478 2482 homines
501 2427 611 2500 quanto
635 2423 702 2500 quis
726 2421 887 2500 sapientior
904 2421 995 2481 fuerit
1013 2427 1094 2482 tanto
1112 2422 1207 2498 magis
1226 2440 1295 2482 eum
1313 2424 1479 2498 agnovisse

239 2535 380 2608 tantoque
406 2529 529 2589 liberius
552 2531 723 2590 confessum
745 2548 812 2590 esse
834 2530 888 2605 ait,
917 2547 950 2590 se
972 2548 1077 2607 parum
1101 2529 1184 2590 seire.
1230 2529 1344 2590 Revera
1369 2531 1477 2590 huma·

239 2655 308 2696 nam
336 2635 490 2696 scientiam
517 2637 671 2696 extensive
698 2641 849 2714 arreptam
876 2636 963 2696 nihili
991 2636 1086 2696 instar
1112 2655 1191 2712 esse,
1219 2637 1246 2696 si
1272 2655 1341 2696 cum
1372 2638 1476 2698 divina

240 2745 420 2818 conferatur,
449 2743 560 2821 quippe
589 2761 665 2820 quae
692 2743 809 2804 infinita
837 2743 876 2803 rit
899 2749 929 2804 et
951 2745 1050 2804 omnia
1072 2743 1188 2805 scibilia
1209 2745 1242 2804 in
1265 2745 1332 2821 ipso
1354 2745 1422 2806 Deo
1445 2755 1475 2806 et

207 2857 210 2864 '
239 2853 272 2911 in
293 2851 404 2910 mundo
427 2850 551 2929 ejusque
573 2851 672 2911 carreis
694 2869 729 2911 ac
750 2851 867 2928 legibus
888 2852 1095 2930 amplectatur,
1118 2852 1190 2911 dum
1209 2857 1310 2912 nostra
1329 2871 1418 2913 mens
1436 2856 1473 2913 ad

239 2958 418 3038 paucissima
439 2977 541 3019 eorum
563 2958 720 3036 pertingat.
766 2958 919 3019 intensive
941 2978 1010 3020 vero
1033 2964 1183 3036 acceptam
1206 2960 1361 3020 scientiam
1386 2962 1472 3020 nobis

239 3068 364 3128 inditam
396 3085 462 3127 esse
489 3067 606 3127 divinae
635 3067 775 3143 similem,
810 3067 900 3127 immo
928 3067 953 3126 si
980 3067 1019 3126 ad
1045 3066 1214 3127 interiorem
1241 3067 1471 3128 certitudinem⁵

240 3180 390 3254 spectetur
407 3193 521 3253 parem,
547 3175 687 3254 quoniam
705 3175 737 3234 in
755 3175 858 3253 paucis
878 3174 1031 3235 nonnvdlis
1050 3193 1125 3252 quae
1143 3175 1343 3253 assequimur,
1362 3193 1470 3253 cogno-

241 3283 372 3358 scendis,
400 3287 435 3342 ut
457 3283 489 3342 in
512 3283 740 3357 mathematicis,
766 3300 800 3342 eo
823 3281 1057 3359 progrediamur,
1081 3287 1115 3342 ut
1138 3300 1238 3342 earum
1260 3283 1468 3344 necessitatem

240 3389 535 3466 comprehendamus,
559 3409 619 3468 qua
636 3390 812 3451 certitudine
829 3389 913 3449 nulla
930 3389 988 3448 elie
1006 3390 1099 3467 major
1117 3408 1182 3450 esse
1200 3389 1342 3450 videatur.
1381 3390 1468 3451 Simi-

239 3495 308 3554 liter
321 3495 484 3573 Keplerum
502 3497 539 3556 de
556 3497 729 3556 veritatibus
747 3497 963 3557 mathematicis
982 3497 1127 3574 cogitasse
1145 3497 1283 3557 vidimus.
1317 3497 1466 3559 Galilaeus

238 3603 297 3663 alio
319 3603 383 3663 loeo
406 3621 439 3663 se
461 3603 499 3663 ad
516 3603 650 3664 Platonis
674 3603 849 3664 sententiam
872 3622 905 3665 se
928 3604 1071 3665 inclinare
1088 3605 1209 3680 fetatum,
1234 3604 1286 3683 qui
1304 3605 1465 3666 humanum

346 3869 372 3938 1)
391 3868 495 3923 Ibidem
512 3867 527 3921 Ι
545 3867 596 3921 457
617 3867 650 3920 el.
669 3867 722 3922 456
737 3883 773 3922 ss.
1559 3931 1560 3950 Χ

346 3957 373 4027 2)
392 3955 684 4027 ,Sopransturalmente
708 3955 764 4012 ciod
788 3973 835 4026 per
857 3957 875 4011 l'
894 3956 1013 4012 assoluta
1036 3959 1148 4027 potenza
1171 3957 1197 4011 di
1220 3957 1289 4012 Ι)ἰο.ι
1325 3958 1355 4012 L.
1376 3958 1461 4014 1457

237 4047 270 4100 ol.
290 4047 343 4102 458
362 4047 428 4117 ,Per
446 4047 503 4100 dire
521 4046 541 4099 il
559 4045 612 4100 mio
631 4061 721 4114 sense,
741 4062 816 4100 ame
831 4063 860 4101 se
874 4049 1080 4116 rsppresentano
1095 4046 1254 4102 miraculose
1267 4048 1338 4100 tutte
1351 4046 1370 4100 l'
1386 4064 1461 4117 opero

236 4136 307 4191 della
328 4139 425 4191 natura
447 4153 462 4190 e
485 4135 512 4190 di
534 4135 598 4190 Dio‘
623 4135 716 4204 (verba
734 4134 857 4206 Sagrcdi,
881 4137 926 4206 qui
950 4137 1035 4207 ipsius
1054 4136 1164 4193 Galilaei
1187 4136 1348 4192 sententiam
1370 4138 1399 4191 in
1422 4139 1460 4194 his

237 4225 348 4296 dialogis
366 4225 484 4295 profert).

342 4316 370 4385 3)
388 4315 492 4370 [bidem
509 4315 524 4370 Ι
542 4315 603 4370 205.

341 4405 369 4474 4)
388 4404 492 4459 Ibidem
509 4405 524 4460 I
542 4405 602 4460 364.

341 4495 368 4562 5)
387 4493 459 4547 Dicit
478 4495 612 4549 Galilaeae
636 4495 771 4562 ,certem
794 4495 982 4564 obiettiva‘,
1005 4493 1098 4550 1116.
1137 4493 1306 4564 Objectivum
1330 4495 1458 4565 quondam

233 4581 262 4637 :d
280 4581 430 4652 dcebatm,
451 4585 521 4654 quod
539 4584 600 4656 post
617 4582 746 4638 Kantium
764 4582 944 4652 subjectivum
962 4583 1053 4638 vocavi
1071 4583 1146 4639 solet
