3156 5056
663 293 755 347 Osann
773 298 807 350 X.
1289 299 1340 354 ‘247

1044 393 1340 400 ——·.-...-.-——

124 517 257 571 nostrum
275 512 430 572 Dominum
451 517 480 571 et
499 517 628 572 sanctam
651 513 835 574 ecclesiaml‘
872 517 1012 590 injectam
1032 517 1239 591 suspicionem,
1259 518 1340 590 quasi

124 619 240 691 privato
263 617 329 677 edic
352 623 382 676 et
404 616 513 677 invidia
537 616 651 676 Erasmi
674 618 852 688 stimuletur,
878 621 967 679 etiam
989 619 1101 680 duabus
1124 622 1190 680 eliis
1213 621 1343 696 epistolis

124 721 294 796 propulsat3
323 726 424 782 narrat
451 727 481 781 et
510 721 573 795 ipsc
595 721 736 782 Venetiae
769 740 801 784 se
832 740 886 798 per
917 741 969 782 sex
991 739 1105 784 menses
1131 725 1233 785 eedem
1254 726 1342 784 cubili

125 844 192 885 eum
214 827 265 887 illo
287 843 368 886 usum
393 843 473 902 esse,
498 826 678 886 sollemniter
692 826 788 888 Deum
808 832 946 903 testatur,
969 845 1015 903 ‚se
1037 836 1158 904 prepter
1180 829 1340 890 doctrinam

125 932 208 990 illum
230 947 329 990 emere
351 931 427 990 bono
449 931 551 1004 corde,
574 931 627 990 sed
647 931 738 1006 magis
758 947 857 992 amare
880 933 1046 1008 veritatem,
1068 931 1154 993 fidem
1177 939 1208 993 et
1228 933 1341 992 Deum‘

126 1035 250 1109 Propter
272 1036 348 1094 hanc
370 1037 483 1096 scilicet
503 1035 588 1094 fidem
607 1036 806 1096 Pharisaicem
828 1037 884 1096 sibi
903 1038 992 1097 licere
1007 1042 1091 1112 putat
1106 1037 1237 1111 mentiri,
1259 1037 1341 1096 blan-

126 1139 197 1214 diri,
227 1145 399 1214 perpetuam
429 1141 585 1200 amicitiam
615 1140 750 1200 simulare
775 1141 912 1217 Erasmo,
941 1143 1028 1200 immo
1056 1142 1236 1202 sollemniter
1263 1139 1340 1200 altir-

125 1261 216 1318 mare,
233 1261 265 1303 se
276 1244 349 1302 nihil
365 1250 466 1304 contra
481 1261 546 1304 eum
558 1245 653 1320 egisse
665 1250 752 1319 atquc
768 1261 867 1320 agere,
888 1245 1046 1319 eodemque
1062 1251 1192 1320 tempere
1208 1244 1340 1304 Pontifici

124 1366 180 1421 per
201 1348 311 1408 dulium
335 1349 519 1408 Gurdinalcm
542 1349 657 1410 deferre
680 1349 848 1424 Erasmum,
872 1350 978 1424 quippe
1000 1351 1133 1422 quicum
1157 1366 1224 1424 ,sua
1244 1349 1338 1410 secta‘

124 1459 243 1526 spargat
262 1452 427 1528 ,mendacia
449 1454 478 1512 in
493 1454 617 1514 Lnthen'
636 1455 815 1514 commodum
838 1460 868 1514 et
889 1454 927 1514 ad
949 1453 1168 1528 deprimendum
1184 1454 1338 1513 Dominum

123 1556 234 1629 Papum
263 1563 433 1632 partemque
462 1557 667 1620 orthodoxam!
720 1559 795 1632 Quid
823 1558 938 1618 dicam?
967 1559 999 1617 in
1021 1557 1161 1634 ejusmodi
1184 1559 1338 1618 delationis

124 1661 230 1721 ardore
252 1662 414 1736 Alesndcr‚
437 1664 510 1722 alias
532 1661 645 1722 intimus
668 1661 774 1724 Ourios
793 1669 958 1724 assentator
980 1669 1011 1722 et
1031 1662 1178 1736 adulatur,
1200 1663 1339 1722 audacter

125 1782 190 1826 eum
214 1766 368 1842 obJurgare
390 1785 447 1826 nen
462 1767 584 1828 dubitat.
618 1768 664 1826 De
678 1768 793 1828 Erasmi
815 1769 941 1842 querelis
958 1769 1035 1842 apud
1050 1770 1143 1843 ipsum
1158 1765 1286 1827 Leonem
1301 1767 1338 1830 X.

123 1887 183 1928 non
205 1871 281 1930 rnele
304 1873 430 1944 acceptis
452 1873 559 1931 certior
581 1869 688 1948 factus,
711 1873 859 1932 cardinali
877 1873 1020 1947 scribens,
1044 1872 1250 1948 ,Vehementer
1266 1872 1336 1930 mihi

124 1973 283 2050 displicet‘,
313 1977 417 2050 inquit,
450 1977 528 2049 ‚plns
554 1975 621 2036 fidei
647 1977 736 2036 tribui
756 1978 871 2036 Erasini
894 1977 1004 2052 verbis,
1033 1979 1082 2050 qui
1104 1977 1233 2036 Luthere
1255 1978 1337 2050 pejus

123 2083 226 2138 centra
244 2078 330 2138 tidem
352 2081 478 2154 scripsit,
501 2097 587 2154 quam
602 2081 686 2155 mihi,
708 2082 757 2154 qui
772 2087 892 2155 propter
913 2081 989 2140 hanc
1008 2096 1124 2140 eausam
1141 2079 1337 2140 dilaniandum

123 2199 170 2241 me
204 2183 319 2244 tradidi.
378 2184 459 2244 Scies
490 2184 642 2244 Erasmum
673 2201 724 2244 suo
758 2185 908 2244 commodo
939 2184 1050 2244 sennim
1079 2185 1155 2244 siem
1184 2184 1336 2243 mulierem

123 2286 301 2361 adulteram,
324 2305 399 2362 quae
420 2289 554 2363 provenit
576 2289 724 2362 maritum,
747 2290 842 2362 ipsum
864 2287 1102 2363 reprehendens.‘
1146 2287 1257 2362 Adjicit
1279 2286 1338 2346 ulia

126 2389 282 2452 convicia.¹
310 2425 351 2434 —
381 2393 463 2454 Haec
493 2394 590 2452 omnis
616 2409 674 2452 non
702 2393 788 2454 facile
816 2409 871 2452 nee
894 2393 951 2452 nisi
972 2393 1112 2466 paulatim
1135 2397 1340 2466 permoverunt

126 2496 237 2554 animes
262 2495 464 2560 Romanorum.
509 2497 662 2558 Nonnullis
691 2497 817 2572 denique
846 2498 992 2556 mensibus
1022 2503 1087 2570 post
1112 2497 1230 2555 comitia
1254 2495 1340 2556 Wor·

125 2601 281 2659 mutiensis
304 2601 453 2660 Alcander
482 2601 560 2675 apud
589 2601 655 2662 illos
685 2619 803 2676 prorsus
832 2603 996 2676 praevaluit
1016 2602 1147 2660 Erasmo.
1192 2600 1251 2660 Sed
1273 2605 1341 2660 tune

124 2706 210 2764 simul
232 2722 251 2764 a
274 2705 419 2764 Cardinali
443 2706 567 2766 monitus
590 2712 636 2766 est
657 2706 756 2780 Papae
778 2708 908 2782 nemine,
940 2713 973 2766 ut
994 2708 1087 2765 virum
1109 2707 1264 2781 illustrem,
1292 2707 1341 2779 qui

125 2815 170 2868 tet
196 2809 321 2869 heberet
348 2815 522 2885 sectatores,
551 2810 681 2870 suaviter
702 2812 733 2870 in
755 2817 867 2871 rectum
888 2812 964 2870 vium
986 2810 1156 2884 reduceret,
1183 2811 1288 2869 missae
1313 2811 1341 2870 ei

125 2919 193 2972 sunt
218 2913 334 2972 Erasmi
363 2915 504 2988 epistolae
536 2915 657 2974 Remum
685 2915 791 2990 datae,
822 2916 954 2976 laudatus
984 2921 1029 2974 cst
1057 2919 1178 2989 propter
1207 2915 1341 2974 collidam

124 3018 338 3078 simulationem
360 3024 391 3078 et
409 3019 667 3079 dissimulationem
688 3028 719 3080 ct
737 3023 835 3095 jussus
853 3020 966 3096 longius
987 3021 1030 3078 ita
1058 3035 1183 3093 pergere
1209 3034 1245 3076 ac
1269 3025 1341 3077 tem-

124 3141 178 3199 pus
202 3129 386 3198 exspectare,
416 3140 454 3182 ne
479 3127 590 3200 majore
614 3127 740 3184 excitato
764 3126 834 3199 igne
858 3141 907 3185 res
933 3127 1051 3198 pejores
1071 3119 1233 3186 redderet.¹
1279 3122 1342 3180 llee

122 3228 219 3286 anime
240 3233 310 3286 tunc
326 3227 503 3288 Alcandrem
526 3229 647 3290 Levanii
669 3231 775 3288 iterum
798 3228 921 3288 Erasmo
941 3229 1097 3288 amicitiem
1116 3229 1232 3302 jurasse
1255 3241 1343 3300 supra

122 3332 253 3392 vicimus.
1420 3312 1423 3320 ’

178 3508 181 3514 ¹
208 3437 344 3498 Ceterum
374 3440 463 3498 etiam
489 3457 541 3499 nes
572 3440 756 3513 agnoscimus
778 3440 867 3499 animi
889 3436 1101 3512 fortitudinem,
1125 3453 1182 3512 que
1205 3437 1340 3497 uersutis·

119 3543 209 3602 simos
230 3543 356 3602 Nuntius
378 3543 572 3618 wormatiae,
602 3545 691 3604 rebus
720 3561 815 3619 paene
844 3543 1021 3618 desperatis,
1052 3543 1229 3617 propositum
1252 3541 1339 3601 finem

118 3649 255 3721 persequi
277 3664 422 3721 nunquam
444 3647 604 3709 desinebat.
650 3649 738 3708 Initio
760 3649 893 3708 omnibns
913 3648 1034 3707 intentis
1050 3647 1158 3706 viribus
1180 3647 1336 3720 prohibere

120 3749 242 3825 studuit,
273 3753 425 3824 quominus
448 3752 606 3828 Lntherus,
638 3753 708 3812 licet
735 3751 916 3812 ePontilice
940 3751 1148 3810 condemnatus
1171 3757 1202 3808 et
1224 3765 1338 3808 ercom-

119 3856 295 3930 municatus‚
319 3860 417 3916 tumen
439 3861 518 3917 tutus
540 3859 633 3933 solve,
655 3858 704 3932 qui
724 3856 894 3930 diecbetur,
924 3855 1066 3914 conductu
1089 3858 1287 3913 arcesseretur
1310 3857 1341 3910 et

209 4076 235 4142 1)
253 4077 291 4129 Cf.
311 4078 339 4127 in
353 4078 474 4129 Alrendri
492 4078 593 4141 litteris,
612 4076 774 4128 eFriedrieh
794 4076 880 4138 editis,
899 4093 923 4141 p.
938 4079 1050 4128 95.102.
1067 4079 1124 4124 111.
1137 4079 1193 4124 112.
1208 4077 1265 4124 115.
1278 4078 1336 4123 ltu.

119 4163 191 4226 Quae
209 4163 264 4215 illie
282 4165 361 4216 mixta
378 4165 473 4216 Latine
490 4173 515 4216 et
532 4165 624 4216 Italica
642 4167 731 4232 lingua
750 4165 848 4229 scripta
867 4171 939 4228 sunt,
960 4163 1038 4214 latius
1057 4160 1223 4212 reddidimus.

208 4250 234 4318 2)
252 4253 365 4318 Minister,
390 4253 511 4320 Beitriige
530 4269 575 4303 nur
593 4252 855 4318 Kirehengesclrichte
880 4268 905 4316 p.
924 4256 964 4302 59.
985 4255 1025 4300 60.
1064 4248 1162 4300 Hicin
1181 4248 1336 4299 bibliotheca

118 4337 228 4404 quadam
252 4339 343 4390 italica
365 4339 467 4406 plenius
490 4357 565 4409 quam
587 4339 722 4391 Friedrich
745 4340 891 4406 mendisque
912 4337 1002 4404 purius
1023 4335 1191 4402 epistolarum
1212 4333 1336 4386 Aleundri

118 4426 249 4492 exemplar
274 4431 365 4477 nactus
384 4433 429 4478 cst.
464 4427 527 4478 Inde
546 4431 645 4492 praeter
665 4426 717 4477 alia
735 4425 872 4491 exscripsit
889 4426 966 4476 verbe
984 4425 1107 4490 quaedam
1124 4423 1216 4473 Italica
1234 4439 1264 4472 ex
1282 4421 1337 4488 epi·

118 4511 193 4562 stolis
209 4513 277 4564 iulii
290 4513 433 4566 Cardinelie
451 4514 492 4582 (de
510 4514 533 4565 d.
549 4513 602 4567 XX
619 4529 651 4564 m.
666 4515 730 4582 Aug.
749 4520 774 4566 et
791 4514 815 4566 d.
829 4511 933 4566 XXVII
951 4529 983 4562 m.
998 4511 1067 4579 Sept.
1087 4527 1109 4564 a
1125 4509 1211 4580 1521),
1231 4525 1338 4582 querum

118 4607 269 4666 argumenta
285 4615 363 4666 supra
381 4603 521 4668 posuimus.
