3176 5064
199 399 280 460 aliud
303 405 375 459 sunt
397 417 486 477 quam
508 399 690 460 imitamenta
712 399 894 459 crabronum.
931 398 1026 459 Faveo
1048 403 1117 459 tuae
1139 399 1277 474 fiduciae,
1301 399 1353 458 sed
1376 403 1437 456 aut

199 508 257 568 ista
279 512 309 567 te
330 507 427 582 fallet,
450 511 502 566 aut
523 525 572 566 me
593 507 677 566 fallet
699 506 864 582 augurium
907 506 985 566 Satis
1008 507 1111 567 odoror
1133 525 1171 566 ex
1194 507 1355 566 amicornm
1379 507 1436 565 lit-

199 615 283 690 teris,
312 614 472 677 Beddaioos
500 614 614 692 aliquid
641 619 725 674 atrox
748 613 853 673 moliri.
899 615 1082 691 Argumenta
1105 620 1163 688 ost,
1191 615 1270 692 quod
1292 613 1345 673 ille
1368 615 1436 691 pri-

199 723 266 783 dem
297 721 410 782 amicus
441 722 532 782 minis
564 720 683 781 eorum¹
715 722 891 782 contemtus
924 740 983 781 non
1010 721 1099 781 audet
1126 722 1287 799 quidquam
1314 721 1352 780 ad
1381 740 1438 780 me

200 830 334 890 scribere.
376 829 498 906 Accipio
520 829 651 888 Reddam
674 834 742 888 actu
764 829 883 906 publico
906 829 1095 888 honorificam
1118 828 1225 889 fecisse
1247 829 1436 889 mentionem

199 937 294 1015 primo
317 937 381 997 loco
403 935 539 1011 Luthcri,
569 937 698 996 seeundo
720 936 850 1010 Erasmi‚
878 936 964 996 tertio
987 936 1080 996 Fabri.
1126 935 1210 995 Nihil
1233 936 1332 1014 pudet
1380 935 1436 996 Sic

199 1050 319 1104 ornatus
347 1044 458 1104 incedit
485 1049 515 1104 et
541 1043 717 1121 triumphat,
745 1043 831 1122 quasi
859 1043 989 1103 mundns
1016 1063 1076 1103 non
1100 1044 1206 1103 habeat
1229 1044 1287 1103 nisi
1310 1043 1433 1120 fungos.

199 1152 296 1212 Audio
314 1152 440 1212 Fabium
459 1151 535 1212 clam
555 1152 734 1212 subduxisse
753 1169 831 1226 sese,
851 1151 904 1211 sed
922 1151 1046 1211 arbitror
1059 1169 1207 1211 rumorem
1220 1169 1287 1211 esse
1300 1154 1433 1210 vanum*

306 1259 449 1338 Benluini
472 1259 585 1325 exitum
608 1259 640 1318 iu
663 1259 788 1336 epistola
810 1259 847 1318 ad
870 1259 1018 1336 quendam
1040 1259 1106 1336 ejus
1127 1259 1269 1334 amioum,
1292 1259 1433 1318 initalia
1545 1253 1546 1276 ¹

200 1372 273 1428 trino
290 1372 470 1442 versantem,
489 1367 530 1426 ita
548 1367 702 1427 describit:
727 1365 909 1442 ,Ludovious
926 1366 1095 1444 Berquinus
1114 1366 1259 1444 proximis
1276 1367 1373 1444 ipsius
1391 1367 1431 1424 ad

200 1492 249 1534 me
270 1473 379 1534 litteris
402 1474 577 1551 promiserat
599 1473 673 1534 elias
696 1475 734 1533 ad
755 1479 786 1534 ta
809 1474 997 1551 scripturum.
1039 1473 1098 1533 Eas
1119 1473 1234 1534 litteras
1257 1492 1295 1533 nc
1317 1475 1431 1533 frustra
1545 1463 1546 1512 l

201 1585 369 1658 exspectes,
397 1600 467 1640 nam
494 1581 608 1641 decimo
632 1581 692 1641 Gal.
716 1581 810 1641 Maias
837 1581 929 1641 vitam
951 1585 1045 1640 morte
1072 1580 1274 1654 commutavit,
1303 1587 1430 1641 exustus
1545 1641 1546 1644 ,

199 1689 335 1749 Lutatiae
361 1688 394 1748 iu
416 1687 531 1749 Gravia
578 1688 623 1748 De
650 1707 739 1749 causa
767 1689 844 1748 nihil
871 1689 943 1749 certi
971 1689 1114 1749 hactenus
1137 1689 1220 1766 potui
1244 1707 1427 1766 cognoscere.

201 1796 327 1856 Tantum
346 1796 447 1856 audivi
461 1797 611 1874 judicibus
630 1797 784 1857 duodecim
802 1797 967 1873 delegatam
985 1796 1199 1874 pronunciandi
1216 1797 1427 1856 anctoritatem.

201 1903 298 1978 Quum
316 1905 441 1965 instaret
459 1904 535 1980 dies,
554 1905 703 1966 hominem
722 1904 817 1964 fuisse
829 1905 969 1964 traditum
984 1903 1100 1964 carceri.
1133 1904 1360 1964 Pronuntiatum
1373 1910 1429 1978 est,

199 2018 235 2072 ut
261 2013 376 2072 emistis
403 2012 512 2073 libellis
540 2018 570 2073 et
596 2013 737 2089 abjuratis
764 2011 897 2072 articulis
925 2011 1027 2088 lingua
1049 2011 1096 2070 illi
1118 2013 1196 2071 ferro
1218 2012 1429 2089 perfoderetur,

200 2138 271 2180 mox
288 2125 430 2198 perpetuo
449 2120 558 2181 carceri
577 2121 739 2181 dederetur.
771 2119 803 2179 Is
821 2119 922 2178 audita
941 2123 1056 2196 praeter
1074 2119 1324 2196 exspectationem
1338 2119 1430 2178 abaci

201 2227 347 2288 sententia
377 2227 489 2305 Regem
519 2227 681 2305 appellavit
712 2232 742 2286 et
768 2226 949 2286 Pontificem.
995 2226 1115 2286 Judiccr
1147 2226 1269 2302 indigne
1300 2227 1430 2286 ferentes

200 2335 371 2412 appellandi
393 2336 529 2395 verbum:
553 2335 585 2396 Si
607 2353 667 2394 non
689 2335 812 2411 recipis,
832 2327 988 2412 inquiunt,
1012 2335 1088 2394 hanc
1107 2334 1297 2409 sententiam,
1320 2334 1430 2394 efficie-

201 2459 281 2516 mus,
309 2461 348 2502 ne
375 2443 498 2519 posthac
525 2460 674 2520 quoquam
696 2442 843 2518 appelles;
872 2446 902 2501 ct
924 2441 1065 2518 postridie
1088 2441 1321 2518 pronunciabunt
1342 2441 1430 2500 illurn

200 2549 329 2608 flammis
352 2549 535 2608 tradendum.
577 2549 672 2624 Ajunt
694 2549 824 2624 primum
847 2548 1006 2608 articulum
1028 2548 1135 2624 fuisse,
1158 2549 1237 2626 quod
1260 2549 1431 2626 scripsisset

201 2656 233 2714 in
255 2673 319 2714 rem
341 2672 407 2715 esse
429 2655 562 2732 pietatis,
584 2660 618 2714 ut
642 2654 718 2715 sacri
736 2655 805 2714 libri
825 2655 856 2714 in
875 2655 1007 2731 lingumu
1025 2655 1178 2733 vulgarem
1197 2656 1333 2716 translati
1350 2657 1429 2732 lege-

201 2767 304 2822 rentur
321 2781 338 2822 a
356 2762 479 2840 populo,
496 2761 529 2821 id
546 2762 626 2840 quod
644 2761 771 2822 Senatus
789 2763 854 2822 fieri
871 2768 1011 2823 vetuerat.
1043 2762 1178 2823 Adhibiti
1197 2769 1267 2824 sunt
1285 2764 1430 2824 satellites

201 2870 306 2930 armati
335 2871 480 2946 sexcenti,
509 2870 561 2948 qui
583 2870 753 2930 cohiberent
776 2871 802 2930 si
825 2869 898 2950 quid
920 2871 1046 2931 oriretur
1067 2871 1223 2931 tumultus.
1273 2871 1355 2932 Haec
1376 2872 1429 2950 qui

201 2979 316 3054 retulit,
339 2983 489 3056 praeterea
506 2977 583 3038 nihil
605 2978 677 3039 certi
697 2978 793 3056 potuit
811 2978 933 3038 adferre.
971 2978 1102 3038 Montius
1120 2983 1232 3053 noster,
1255 2979 1343 3054 cujus
1361 2979 1429 3039 reli-

201 3086 314 3163 giosam
336 3086 415 3147 nosti
437 3087 539 3162 fidem,
561 3085 640 3145 nihil
657 3086 739 3146 aliud
757 3105 848 3146 ausus
867 3091 913 3146 cst
931 3086 1059 3146 scribere
1077 3085 1137 3145 nisi
1156 3087 1234 3163 quod
1252 3087 1348 3146 oculis
1367 3087 1428 3146 suis

202 3194 337 3255 cominus
360 3195 443 3254 vidit.
488 3195 599 3254 Aderat
621 3195 700 3254 enim
724 3195 812 3254 valde
834 3194 964 3268 vicinus,
988 3211 1081 3271 quum
1104 3212 1193 3253 curru
1216 3195 1372 3254 veheretur
1393 3195 1428 3254 ad

202 3301 343 3378 supplicii
364 3301 471 3362 locum.
508 3301 571 3362 Nec
593 3301 679 3360 vultu
701 3319 757 3362 nec
778 3301 842 3361 ullo
865 3301 995 3378 corporis
1018 3305 1105 3378 gestu
1124 3301 1205 3361 dedit
1222 3301 1320 3361 ullum
1337 3302 1428 3362 animi

201 3408 364 3486 perturbati
383 3408 541 3485 specimen.
573 3408 710 3468 Dixisses
729 3408 814 3468 illum
833 3409 865 3468 in
883 3425 986 3469 museo
1004 3407 1042 3468 dc
1060 3408 1180 3484 studiis,
1203 3409 1305 3468 autin
1318 3409 1429 3486 templo

202 3516 239 3575 de
256 3515 344 3575 rebus
362 3515 538 3576 coelestibus
552 3515 688 3593 cogitem.
720 3515 766 3576 Ne
779 3521 844 3575 tum
857 3517 989 3594 quidem,
1009 3535 1103 3594 quum
1117 3516 1249 3576 cnmufex
1262 3517 1430 3577 truculente

201 3641 273 3684 voce
290 3623 403 3684 crimen
420 3641 455 3683 ac
473 3623 655 3701 supplicium
673 3623 889 3702 pronuntiaret,
913 3624 1075 3702 quidquam
1093 3624 1131 3684 de
1149 3623 1250 3684 vultus
1265 3625 1430 3684 constantia

202 3736 316 3792 mutare
334 3731 418 3791 visus
436 3735 489 3792 est.
521 3731 629 3792 Jussus
647 3732 792 3792 decurro
810 3732 988 3810 descendere
1005 3731 1083 3790 nihil
1103 3736 1258 3791 cunctatus
1277 3731 1430 3792 descendit

201 3839 343 3900 alacriter.
376 3839 440 3900 Nec
456 3844 518 3900 erut
536 3840 596 3900 tale
614 3840 776 3918 quidquam
794 3839 826 3898 in
841 3857 875 3899 eo
889 3839 939 3898 vel
952 3839 1103 3913 arrdaciae,
1122 3838 1171 3898 vel
1186 3839 1322 3914 ferociae,
1342 3838 1429 3917 quale

201 3947 234 4006 in
261 3947 403 4007 maleficis
430 3965 644 4025 nonnunquam
670 3948 768 4025 gignit
794 3946 971 4006 immanitas.
1017 3945 1178 4006 Relucebat
1204 3945 1235 4005 in
1263 3964 1297 4007 eo
1320 3946 1429 4006 mentis

202 4054 260 4114 sibi
282 4055 357 4115 bene
379 4055 513 4114 consciae
535 4054 743 4132 tranquillitas.
780 4055 859 4114 Ante
881 4059 1006 4114 mortem
1026 4053 1115 4114 verba
1132 4053 1204 4113 facit
1221 4053 1258 4112 ed
1276 4053 1428 4131 populum,

203 4162 255 4223 sed
281 4163 361 4222 uude
387 4181 474 4222 nemo
502 4161 615 4240 aliquid
638 4161 735 4239 potuit
757 4161 916 4239 percipere.
963 4160 1077 4221 Tantus
1100 4165 1163 4220 erat
1185 4161 1348 4220 satellitum
1371 4163 1429 4238 fre·

202 4269 306 4346 mitus,
339 4288 428 4348 quem
455 4270 523 4330 data
549 4287 638 4348 opera
663 4274 771 4348 putant
797 4269 958 4330 excitatum
985 4269 1086 4329 fuisse.
1138 4267 1237 4343 Quum
1263 4269 1301 4328 ad
1327 4269 1429 4346 palum

311 4497 338 4565 1)
356 4495 389 4549 In
407 4495 565 4550 editionibus
584 4495 651 4550 salso
669 4495 768 4565 legitur
785 4495 876 4586 ,minis
894 4497 1004 4550 rerum‘.
