3144 5092
653 331 741 386 Carnr
759 332 792 385 V.

217 531 301 606 Quod
324 532 361 592 ad
384 533 438 592 has
461 533 542 610 ipsae
565 533 705 612 pertinet,
729 533 880 594 Galilaeus
903 552 962 594 non
980 534 1067 594 aliter
1084 539 1173 614 atque
1190 535 1337 613 Keplerus

88 659 230 717 parvam
261 658 362 700 eorum
396 645 525 700 mentem
558 641 677 717 saepius
705 641 873 718 impugnat,
906 643 958 720 qui
985 643 1022 701 ad
1050 642 1142 702 solam
1170 643 1337 704 mortalium

87 748 267 806 utilitatem
298 747 367 806 illas
398 746 581 807 trahebant¹
635 746 766 822 Quanam
798 748 963 808 mirabilem
995 767 1120 825 nexum,
1152 750 1205 828 qui
1237 755 1268 810 et
1299 751 1336 812 ad

89 859 203 914 totum
235 853 408 914 unIversum
440 859 470 914 et
502 855 539 914 ad
571 855 725 914 micimam
753 874 901 934 quamque
928 857 993 933 ejus
1020 861 1133 933 partem
1161 861 1288 936 spectet,
1319 877 1338 917 a

91 961 194 1022 nobis
220 961 309 1040 plane
328 963 521 1040 perfecteque
543 962 673 1041 perspici
695 981 755 1023 non
777 981 866 1040 posse
888 981 1064 1042 persuasum
1086 965 1180 1025 habet
1227 965 1336 1025 Tamen

92 1069 273 1129 certissime
301 1069 387 1128 illum
414 1087 526 1129 nexum
553 1075 642 1130 tenet
688 1070 820 1148 Repellit
842 1089 904 1146 eos,
933 1071 998 1149 qui,
1026 1071 1166 1150 quoniam
1187 1073 1225 1132 ad
1247 1073 1337 1150 phae-

93 1195 234 1237 nomena
256 1181 379 1236 aaturae
401 1176 577 1254 explicanda
599 1175 795 1238 indivisibiles
818 1183 930 1238 atomos
952 1197 1021 1238 cum
1040 1179 1206 1240 Democrito
1229 1180 1337 1257 posuit,

95 1303 174 1345 cum
199 1284 302 1344 eodem
326 1283 457 1344 divinam
479 1284 695 1362 providentiam
718 1303 787 1345 eum
809 1285 931 1346 infitiari
954 1287 1188 1347 contenderant²
1232 1286 1337 1366 Neque

96 1392 170 1468 ejus
195 1409 300 1452 causas
318 1391 435 1467 finales,
459 1392 510 1452 ubi
528 1393 705 1470 conspicuae
723 1391 796 1468 sint,
819 1393 852 1452 in
870 1394 1097 1471 contemplanda
1114 1412 1213 1454 rerum
1231 1399 1337 1454 natura

98 1499 226 1576 neglegi
253 1499 299 1559 fas
326 1517 393 1560 esse
419 1504 528 1559 censet
576 1499 669 1577 Cujus
697 1500 793 1579 ipsius
820 1505 943 1561 naturae
969 1497 1060 1562 fine'm
1087 1519 1156 1561 eum
1179 1519 1246 1562 esse
1268 1521 1337 1562 cum

99 1605 236 1683 Keplero
267 1606 439 1682 declaravit,
471 1613 506 1666 ut
533 1607 634 1666 divina
661 1607 806 1684 sapientia
833 1608 939 1669 clarior
965 1609 1119 1668 hominum
1147 1610 1240 1669 menti
1267 1609 1336 1668 illu-

100 1719 244 1774 cesceret
300 1711 485 1791 Quapropter
521 1715 610 1774 etiam
644 1721 852 1792 argumentum
888 1716 924 1776 ab
960 1715 1014 1776 illo
1049 1735 1103 1794 pro
1136 1717 1336 1794 Oopernicano

102 1825 270 1897 systemate
291 1821 415 1880 allatum
437 1821 572 1898 probavit
594 1827 624 1882 et
645 1839 706 1881 non
729 1822 795 1882 sine
816 1823 977 1882 festivitate
999 1823 1145 1898 defendit,
1171 1824 1248 1883 illud
1271 1824 1336 1884 dieo

102 1929 186 2006 quod
214 1947 231 1988 a
258 1933 390 1988 contorta
416 1929 508 1988 nimis
534 1928 750 2007 artificiosaque
772 1929 945 1990 Ptolemaici
973 1935 1003 1990 et
1026 1929 1210 2006 Tychoniani
1237 1929 1336 1990 indole

103 2035 297 2113 desumptum
329 2040 404 2111 erat,
437 2037 575 2114 quoniam
603 2041 708 2096 natma
734 2037 824 2096 tinem
852 2055 940 2096 suum
967 2037 1078 2114 ubique
1105 2055 1195 2115 quam
1222 2037 1337 2114 simpli·

105 2143 228 2203 cissime
264 2148 479 2221 assequemur.
533 2143 573 2203 Et
609 2148 710 2203 eontra
745 2143 898 2220 lagallam
930 2143 1159 2221 Peripateticum
1195 2144 1335 2218 scribens,

105 2251 241 2312 concedit
263 2251 396 2329 quidem,
419 2250 549 2310 divinam
568 2250 783 2328 providentiam
801 2269 861 2310 non
880 2255 970 2311 totam
988 2256 1097 2310 terram
1115 2269 1192 2329 aqua
1210 2251 1335 2311 circum-

106 2357 238 2433 dedisse,
271 2363 305 2417 ut
336 2375 402 2418 esse
429 2361 552 2435 possent
577 2358 755 2434 terrigenae,
788 2357 826 2417 ad
853 2375 978 2436 quorum
1006 2358 1097 2417 vitam
1124 2358 1336 2436 provideretur.

109 2465 168 2527 Sed
195 2465 279 2525 addit
304 2466 390 2526 haec:
419 2464 465 2540 ,Si
491 2483 568 2543 aqua
594 2469 703 2524 terram
730 2483 790 2525 non
813 2465 976 2526 circumdat
998 2483 1037 2526 ex
1059 2465 1244 2544 providentia
1266 2463 1337 2543 Opi-

109 2573 186 2648 ficis,
214 2591 252 2633 ne
279 2572 360 2633 (licus
387 2591 480 2651 aquae
507 2590 574 2633 esse
598 2572 694 2650 magis
716 2573 850 2632 naturale
872 2577 964 2633 totam
985 2572 1097 2633 ambire
1118 2578 1240 2650 terram3
1268 2591 1337 2632 nam

110 2681 181 2740 baec
203 2680 389 2758 providentia
410 2680 498 2757 longe
520 2680 628 2741 melius
646 2680 729 2757 leges
747 2681 874 2758 imponit
892 2681 1029 2741 omnibus
1047 2681 1181 2758 partibus
1199 2681 1337 2741 UnIversi

111 2806 198 2866 quam
220 2788 287 2866 ipsa
308 2793 426 2863 natura,
449 2787 476 2848 si
498 2793 597 2849 tamen
620 2789 766 2865 ejusmodi
789 2788 1004 2867 providentiam
1023 2807 1041 2848 a
1058 2793 1164 2849 natura
1182 2789 1338 2866 sejungere

111 2895 230 2956 decet.‘⁴

215 3002 281 3063 Non
305 3003 384 3080 fugit
406 3001 584 3076 Galilaeum,
611 3002 644 3060 in
666 3002 892 3079 contemplanda
914 3007 1020 3062 natura
1041 3003 1159 3062 facilius
1182 3020 1248 3062 esse
1270 3021 1338 3062 cau-

114 3127 208 3170 sarum
231 3110 423 3170 efficIcntium
447 3127 534 3188 quam
554 3108 688 3168 finalium
705 3127 817 3170 nexmn
835 3109 979 3186 detegere.
1018 3107 1230 3168 Verumtamen
1249 3109 1337 3168 etiam

114 3217 144 3278 in
177 3217 239 3277 illie
275 3235 341 3278 esse
377 3217 503 3294 aliquid,
541 3216 619 3294 quod
653 3233 772 3284 omnem
802 3216 962 3275 humanam
994 3215 1148 3274 scientiam
1180 3221 1339 3292 exsuperet

115 3326 228 3403 saepius
253 3329 360 3386 monet.
406 3324 572 3384 Exhibetm
594 3323 714 3401 quidem
737 3323 769 3382 in
792 3321 972 3400 explorando
994 3339 1095 3382 earum
1118 3341 1199 3383 nexu
1222 3339 1339 3384 summa

116 3433 257 3494 humanae
287 3432 410 3492 rationis
442 3433 498 3492 vis.
545 3431 577 3492 Si
608 3431 690 3491 verbi
722 3447 812 3490 causa
843 3448 882 3490 ex
909 3435 991 3490 motu
1019 3433 1113 3490 terrae
1140 3429 1218 3490 circa
1245 3429 1345 3490 solem

123 3525 271 3602 currentia
285 3541 402 3600 fluxum
424 3545 454 3600 et
476 3539 626 3600 refluxum
647 3537 853 3598 mathematice
876 3537 1008 3598 derivare
1030 3537 1179 3615 possimus
1203 3537 1245 3618 (id
1267 3539 1345 3617 quod

124 3666 215 3709 errore
252 3648 394 3726 deceptus
430 3651 579 3726 praestare
615 3665 648 3708 se
679 3663 767 3724 posse
798 3649 883 3723 putat
915 3643 1089 3725 Galilaeae),
1125 3663 1184 3705 non
1216 3645 1345 3723 amplius

123 3755 325 3834 inexplicabile
352 3761 398 3816 est
424 3755 501 3814 illud
527 3755 758 3832 phaenomenon.
804 3753 906 3830 Ipsius
928 3757 1023 3812 terrae
1045 3757 1170 3827 motum,
1199 3757 1345 3831 quatenus

123 3863 235 3922 initium
267 3863 332 3940 ejus
363 3862 507 3940 explmari
538 3881 597 3922 non
629 3865 739 3938 potest,
771 3859 945 3919 miraculum
977 3859 1063 3935 dicIt,
1096 3859 1175 3938 quod
1205 3864 1236 3919 et
1266 3857 1345 3918 idem

126 3969 322 4045 Nevtonium,
345 3968 415 4030 licet
437 3973 505 4046 post
522 3967 685 4046 Keplerum
708 3968 740 4026 in
762 3965 947 4044 explicandis
970 3967 1066 4026 tribus
1089 3965 1154 4043 ejus
1174 3965 1291 4042 legibus
1309 3966 1347 4024 ad

127 4076 291 4136 coelestium
323 4094 479 4154 corporum
506 4074 635 4136 motibus
661 4073 749 4152 plma
775 4092 865 4152 quam
892 4071 944 4132 ille
970 4073 1163 4150 praestiterit,
1195 4072 1348 4134 censuisse

230 4357 257 4426 1)
276 4356 314 4412 cf.
335 4355 420 4426 Opem
439 4355 452 4410 1
471 4355 523 4411 399
538 4371 573 4410 ss.

230 4445 257 4516 2)
275 4445 379 4500 Ibidem
396 4445 466 4500 XIII
485 4445 518 4500 29
538 4443 586 4514 (,Il
603 4444 769 4516 academico,t
787 4443 886 4500 IInoeo
905 4443 1003 4516 ubique
1022 4445 1079 4516 ipse
1098 4447 1141 4500 est
1159 4443 1312 4515 Galilaeae).

229 4535 257 4605 3)
275 4535 377 4590 Ibidem
395 4535 410 4590 1
428 4535 480 4590 293
494 4549 531 4590 sa.
568 4534 608 4589 Cf.
629 4533 662 4587 12
681 4551 706 4603 p.
722 4535 765 4589 55.

229 4625 257 4696 4)
276 4625 350 4680 Haeo
369 4625 426 4695 ipse
445 4623 475 4678 G.
495 4623 575 4679 latiae
594 4623 707 4694 scripsit
744 4623 848 4679 Ibidem
865 4623 906 4680 III
925 4625 986 4680 365.
