3134 5054
230 255 283 312 300
720 257 825 306 Pluris
844 256 954 308 Paronrs

229 473 381 532 teritorum
403 477 564 546 temporum
587 472 730 532 amnestia
751 473 959 547 proclametur,
981 476 1014 530 ut
1037 469 1226 546 ,praebeatur
1247 469 1356 529 mundo
1381 485 1448 544 spes

229 576 428 635 mutandorum
461 576 652 652 quorundam,
692 575 794 650 quibus
827 592 885 634 non
920 575 1027 648 injuria
1059 591 1090 634 ae
1121 581 1259 648 queratur
1288 570 1447 650 gravari.‘¹

227 680 376 755 EJusmodi
406 681 528 740 consilia
548 680 686 740 Erasmus
714 680 826 755 putavit
844 679 909 754 plus
931 679 1068 754 ponderis
1091 681 1226 740 habitura
1253 678 1359 754 iubes,
1392 681 1447 739 uisi

229 784 318 843 nimia
333 783 454 844 Lutberi
469 783 670 859 festinatione,
693 785 845 858 violentia,
867 785 1025 859 asperitate
1042 784 1182 858 impedita
1196 783 1327 854 fuissent
1364 783 1447 856 Quod

228 895 334 962 quanto
363 892 429 964 jure
460 891 681 962 existimaverit,
719 889 883 949 mortalium
912 890 959 948 vix
990 895 1035 948 est
1065 894 1146 948 certo
1177 889 1362 962 discernere,
1395 887 1447 947 sed

228 993 325 1052 divino
340 991 449 1067 judicio
471 993 699 1067 relinquendum.
738 994 813 1066 Quin
835 999 866 1053 et
878 994 950 1067 veri
974 999 1004 1052 et
1028 993 1110 1052 nimii
1126 991 1236 1067 aliquid
1251 994 1281 1051 in
1296 993 1334 1078 iis
1347 991 1446 1066 fuerit,

227 1113 301 1170 quae
331 1097 368 1156 de
396 1097 525 1158 Lutbero
554 1099 604 1158 ille
633 1099 777 1171 queritur,
810 1115 862 1158 nos
891 1114 949 1157 non
982 1098 1154 1157 dubitamus.
1205 1097 1298 1156 Recte
1328 1096 1446 1170 quidem

226 1207 324 1262 monet
345 1202 567 1277 Melanchthon,
596 1203 695 1262 Deum
718 1219 829 1276 organa
859 1219 912 1264 sua
941 1204 1072 1276 mittere,
1101 1203 1198 1276 qualia
1221 1202 1359 1276 elegerit,
1390 1219 1446 1260 non

226 1307 324 1379 qualia
346 1323 398 1366 uos
421 1308 550 1367 velimus.
597 1307 654 1366 Sed
677 1307 733 1366 Dei
756 1323 884 1382 organon
903 1308 991 1368 etiam
1007 1307 1145 1366 Erasmus
1167 1311 1245 1382 erat,
1268 1307 1318 1379 qui
1335 1305 1444 1364 Lutbe-

227 1427 290 1468 rnm
312 1427 370 1470 nou
394 1412 457 1470 sine
476 1414 542 1485 jure
564 1412 747 1486 vituperavit.
795 1412 857 1485 Qua
879 1413 911 1470 in
931 1429 964 1471 re
987 1417 1019 1471 ut
1037 1413 1143 1486 partim
1164 1411 1320 1486 erraverit,
1345 1415 1445 1470 tamen

229 1518 259 1572 ct
290 1515 382 1587 ipsum
415 1516 598 1590 praeclarum
632 1514 718 1576 finem
750 1522 936 1591 persecutum
966 1533 1030 1575 esse
1062 1517 1253 1576 concedamus
1283 1532 1380 1588 neque
1415 1516 1445 1572 in

227 1617 387 1678 mitioribus
416 1623 477 1694 ejus
509 1621 635 1680 consiliis
658 1621 730 1679 nihil
754 1621 833 1680 aliud
857 1638 922 1680 oum
944 1621 1074 1680 Lutbero
1095 1620 1246 1680 videamus
1268 1619 1323 1678 nisi
1345 1619 1443 1692 fugam

227 1723 329 1782 crucis.

315 1827 475 1889 Praeterea
498 1830 644 1890 atrociora
667 1829 810 1903 quaedam
831 1827 1116 1904 imprudentioraque
1132 1829 1253 1888 Lutberi
1276 1828 1355 1887 dicta
1376 1845 1441 1902 per-

230 1933 327 1994 multis
350 1935 426 1993 malo
450 1935 579 2009 exemplo
601 1933 690 1995 fuisse
706 1935 845 1994 Erasmus
868 1933 943 1994 band
966 1934 1075 2006 injuria
1090 1933 1238 2008 judicavit.
1274 1933 1340 1992 Non
1355 1937 1443 2006 negat

226 2043 390 2112 corruptam
423 2039 565 2116 ecclesiae
603 2039 801 2100 condicionem
838 2038 971 2112 flagitare
1014 2039 1154 2097 immitem
1196 2037 1321 2110 aliquem
1358 2037 1440 2095 casd-

226 2146 369 2216 patorem,
400 2143 451 2203 sed
482 2145 640 2204 christiana
671 2145 816 2218 sapientia
845 2143 1015 2218 diligentius
1046 2143 1206 2203 cavendum
1237 2158 1301 2200 esse
1332 2145 1439 2212 censet,

225 2262 263 2304 ne
290 2248 438 2320 aperiatur
463 2245 592 2307 fenestra
614 2249 712 2306 multis
735 2247 773 2306 ad
794 2247 929 2306 licentius
952 2247 1145 2321 peccandum,
1176 2247 1312 2320 quoniam
1334 2246 1438 2318 ubique

225 2349 282 2408 sint
310 2351 378 2410 muli
408 2351 536 2424 plurimi,
567 2352 669 2424 quibus
699 2352 737 2410 ad
767 2368 850 2411 omne
881 2351 992 2410 facinus
1022 2351 1094 2409 nihil
1121 2350 1197 2410 desit
1218 2356 1337 2423 praeter
1358 2365 1438 2410 ocoe-

225 2453 342 2512 aionem.
387 2453 463 2524 Quid
485 2455 615 2514 inutilius
637 2457 675 2515 sit
696 2455 734 2514 ad
753 2456 940 2515 christianam
963 2458 1115 2530 pietatem,
1138 2471 1223 2530 qnam
1245 2454 1319 2514 baec
1341 2453 1437 2514 andire

224 2558 325 2631 vulgus
344 2558 504 2631 indoctum,
527 2560 600 2618 haee
622 2561 757 2618 instillari
779 2559 897 2620 auribus
922 2560 1165 2620 adulescentium:
1188 2557 1354 2634 pontificem
1377 2575 1437 2619 esse

225 2661 448 2735 Antichristnm,
472 2664 622 2737 episcopos
645 2669 675 2724 et
697 2665 864 2725 sacerdotes
883 2683 948 2726 esse
969 2665 1078 2740 larvas,
1102 2666 1322 2726 constitutiones
1341 2664 1437 2722 huma·

133 2840 136 2846 Ι
226 2782 278 2825 nas
309 2781 373 2826 esse
403 2766 575 2826 haereticas.
642 2767 726 2827 Nunc
756 2785 833 2844 esse,
864 2771 913 2844 qui
943 2770 1105 2829 Lutberani
1136 2770 1334 2844 nominentur,
1369 2767 1437 2828 nihil

224 2870 367 2932 babentes
389 2871 525 2944 Lutberi,
548 2873 604 2932 nisi
627 2871 703 2946 quod
725 2873 901 2933 maledicant
922 2889 1025 2948 papae.
1062 2872 1186 2933 Tantum
1207 2873 1261 2932 hoc
1276 2889 1326 2932 eos
1342 2889 1437 2950 agere,

224 2982 257 3036 ut
286 2993 334 3037 res
364 2993 478 3051 quoquo
505 2983 590 3051 pacto
622 2983 734 3052 serpat,
767 2983 797 3038 et
827 2979 978 3052 egregium
1001 2979 1143 3052 evangelii
1165 2977 1327 3052 proiectum
1349 2979 1435 3036 inter-

223 3083 348 3156 pretari,
379 3083 518 3156 sipauci
547 3083 680 3142 monachi
711 3083 768 3141 sint
799 3083 948 3142 exonerati
979 3083 1107 3157 cucullo,
1139 3085 1216 3142 iuter
1237 3099 1309 3156 quos
1329 3084 1436 3142 utinam

222 3202 281 3245 non
303 3187 362 3246 sint
383 3187 480 3260 multi,
509 3185 612 3260 quibus
633 3187 798 3260 expedisset
820 3187 898 3246 intra
920 3189 1064 3247 cancellos
1088 3187 1222 3250 detineri.
1267 3189 1365 3261 Iugeri
1387 3189 1436 3246 im·
1531 3193 1536 3204 ¹

222 3291 335 3363 peritae
367 3291 558 3350 multitudiuis
587 3291 705 3350 auribus
730 3291 877 3366 paradoxa
899 3293 963 3366 illa,
991 3294 1023 3351 in
1044 3309 1118 3365 quae
1142 3292 1296 3352 vehemens
1319 3291 1435 3352 Lutberi

222 3394 317 3453 oratio
347 3397 462 3468 saepius
492 3401 590 3470 exeat,
620 3411 709 3470 qnae,
740 3401 771 3454 ut
800 3397 832 3454 in
863 3397 960 3470 aliquo
988 3411 1075 3455 sensu
1103 3412 1174 3456 vera
1196 3397 1266 3470 sint,
1297 3403 1436 3457 tamena

223 3499 370 3557 nonnullis
397 3499 474 3558 nuda
505 3499 673 3559 ebcnmlata
703 3501 739 3559 ab
767 3501 911 3574 imperitis
934 3501 991 3558 alio
1014 3500 1092 3560 trald
1114 3515 1200 3573 qnam
1224 3501 1372 3576 expediat,
1401 3499 1435 3558 ab

223 3602 360 3676 improbis
387 3603 419 3660 in
445 3603 599 3676 pessimam
625 3609 737 3676 partem
765 3605 837 3678 rapi.
882 3603 1114 3677 Melanchthoni,
1143 3604 1191 3676 qui
1214 3604 1343 3664 Lnthero
1364 3605 1435 3663 baec

222 3706 392 3782 imputanda
414 3723 478 3766 esse
502 3713 673 3782 negaverat,
701 3707 859 3782 respondet
880 3708 1031 3782 Erasmus,
1060 3713 1141 3767 certe
1162 3725 1220 3768 nou
1242 3709 1313 3768 satis
1335 3723 1434 3767 cavero

222 3812 395 3887 Lutberum,
422 3829 459 3872 ne
490 3810 631 3885 ejnsmodi
660 3817 796 3886 portenta
827 3813 958 3872 nonnulli
989 3813 1083 3887 alant,
1113 3830 1184 3886 qnos
1212 3813 1263 3872 ille
1292 3817 1324 3872 ut
1352 3829 1435 3871 evan-

221 3917 334 3992 gelicae
357 3915 507 3976 doctrinae
529 3931 665 3988 proceres
686 3917 887 3990 amplectatur.
929 3915 968 3975 Iis
983 3917 1033 3989 qui
1048 3922 1158 3976 tantum
1175 3923 1292 3990 tamque
1308 3921 1435 3975 sanctum

221 4023 369 4094 nepouum
391 4021 588 4094 susceperint,
612 4022 637 4078 si
659 4020 804 4080 Christum
827 4038 879 4094 pro
903 4022 964 4080 solo
987 4036 1073 4094 scopo
1094 4019 1235 4096 habeant,
1263 4037 1323 4080 non
1345 4021 1435 4079 solum

147 4203 149 4210 γ
220 4142 239 4184 a
269 4126 347 4186 vitiis
377 4141 476 4184 verum
508 4126 597 4184 etiam
620 4125 657 4183 ab
687 4127 764 4184 omni
786 4125 884 4200 specie
907 4126 974 4184 mali
997 4125 1213 4198 religiosissimo
1235 4125 1434 4184 abstinendum

222 4247 295 4291 esse.
347 4230 447 4289 Nullos
477 4231 569 4304 magis
599 4230 731 4291 offecisse
763 4231 906 4305 Lutbero,
937 4247 1023 4304 quarn
1053 4231 1102 4303 qui
1130 4229 1317 4289 vehementer
1345 4227 1434 4290 videri

221 4335 313 4394 velint
342 4333 512 4394 Lutberani
579 4333 721 4395 Gennissc
758 4335 902 4409 quondam
937 4335 1119 4410 evangellum
1156 4351 1260 4394 novum
1293 4334 1434 4394 hominurn

308 4551 332 4618 1)
351 4553 421 4617 Epp.
439 4551 540 4615 XVIII,
554 4557 596 4604 20.
633 4553 707 4605 Finis
726 4554 802 4619 hujus
821 4555 946 4621 epistolae
965 4555 1043 4610 deest.
