3156 5056
220 289 272 342 170
701 291 803 341 Passis
822 291 934 340 Perosis

357 381 526 388 .--.,-.-.-.
552 384 560 388 -
576 383 615 388 ...-
653 383 816 390 -----—·--—

218 508 349 578 movent,
374 489 478 563 revera
506 521 563 564 non
594 511 663 564 suut
689 522 736 566 res
764 523 844 565 mere
874 507 1024 580 pmvatae,
1054 504 1107 565 sed
1128 505 1271 578 publicae.
1315 504 1445 564 Rectius

218 624 304 679 quam
324 609 481 667 amicerum
504 610 621 682 plurimi
638 616 844 684 perspexerat,
867 615 1004 684 quantum
1028 626 1083 684 per
1103 626 1202 670 omnes
1221 615 1325 682 terras,
1346 625 1444 681 quan·

220 718 282 770 tum
308 713 338 770 in
366 711 455 771 Curia
476 713 609 772 Romana
636 715 769 774 valerent
791 713 921 774 infelicia
947 716 1003 774 ista
1027 715 1162 788 ingenia,
1193 729 1278 787 quam
1305 729 1444 786 propes

219 817 342 875 victoria
370 817 485 876 abesset
506 819 537 876 in
560 819 687 878 ecelesia
708 819 885 878 monachalis
910 819 1096 878 obscurorum
1118 819 1245 876 virorum
1267 834 1351 892 pars,
1378 819 1443 892 jam

221 921 329 992 passim
352 938 370 980 a
391 921 477 980 sociis
497 922 683 998 quibusdam,
710 924 758 996 qui
781 923 866 980 Eolrii
890 923 982 981 instar
1005 923 1114 995 aliquid
1135 923 1229 982 bonae
1252 922 1443 980 litteraturae

220 1025 459 1099 degustaverunt,
481 1030 644 1085 sustentata
665 1033 696 1086 et
715 1033 854 1100 promota.
896 1027 992 1098 Quare
1014 1027 1093 1084 haud
1111 1028 1185 1084 male
1205 1025 1343 1084 Erasmus
1358 1025 1443 1100 judi-

222 1129 312 1204 cavit,
338 1130 487 1203 principiis
515 1130 686 1190 obstandum
713 1147 793 1204 esse,
825 1148 863 1189 ne
887 1131 1076 1190 efflorescens
1103 1132 1134 1188 in
1156 1131 1322 1203 praesentia
1344 1129 1443 1188 homi-

222 1250 290 1290 num
312 1249 382 1292 vere
405 1233 583 1292 eruditomm
604 1251 686 1310 pars,
712 1251 787 1308 quae
810 1236 991 1309 spiritualem
1013 1235 1257 1294 christianismum
1280 1251 1298 1292 a
1320 1240 1443 1307 praete-

221 1338 271 1395 riti
294 1338 358 1395 aevi
381 1338 542 1412 erroribus,
568 1339 748 1398 Judmsmum
782 1343 813 1398 et
834 1339 1038 1414 Paganismum
1065 1338 1209 1412 quendam
1227 1337 1442 1412 redolentibus,

223 1440 404 1515 vindicabat,
429 1443 491 1515 jam
513 1447 581 1500 tunc
608 1443 664 1518 ita,
687 1448 720 1502 ut
741 1445 881 1517 paulatim
902 1450 1004 1516 postea
1026 1442 1134 1501 factum
1158 1449 1219 1516 est,
1249 1443 1280 1500 in
1302 1443 1444 1501 universa

223 1541 285 1602 fere
310 1545 435 1603 ecclesia
456 1544 587 1604 Romana
608 1549 822 1621 opprimeretur
844 1553 877 1606 et
897 1549 1138 1622 exstingueretur.

313 1647 425 1707 Idcirco
448 1650 552 1724 etiam,
574 1651 669 1723 quoad
691 1649 755 1709 fieri
770 1657 883 1726 posset,
907 1652 1064 1710 cavendum
1080 1667 1143 1710 esse
1160 1651 1286 1724 censuit,
1308 1667 1345 1709 ne
1361 1650 1443 1724 ipse-

223 1769 286 1810 rum
317 1751 488 1812 Pontificum
518 1755 563 1812 ira
590 1753 727 1814 adversus
758 1757 834 1814 viros
864 1755 1008 1828 eruditos,
1039 1756 1069 1814 in
1096 1756 1161 1828 ipsa
1188 1753 1267 1814 Urbe
1300 1764 1330 1812 et
1358 1755 1442 1812 curia

225 1857 402 1916 monasticae
425 1858 501 1931 parti
524 1857 618 1917 adhuc
639 1861 824 1933 resistentes,
854 1860 1029 1919 irritaretur.
1073 1859 1140 1918 Non
1159 1875 1251 1933 nego,
1276 1874 1361 1931 quum
1384 1858 1442 1916 hoc

227 1963 339 2020 evitare
364 1961 508 2036 studeret,
531 1962 649 2021 ductum
670 1981 735 2022 eum
759 1979 823 2022 esse
847 1965 935 2024 etiam
958 1963 1078 2038 privatis
1101 1963 1278 2036 rationibus,
1308 1962 1442 2021 sednon

226 2065 351 2124 defuisse
381 2065 538 2140 contendo,
564 2069 737 2141 praesertim
767 2069 927 2141 posteriore
951 2073 1098 2142 tempore,
1129 2069 1222 2139 majus
1245 2053 1386 2141 quoddam
1410 2071 1443 2125 et

226 2169 350 2228 nobilius
381 2171 539 2230 eonsilium.
592 2172 654 2231 Nec
683 2173 822 2232 refellere
852 2173 883 2230 in
903 2173 999 2230 animo
1024 2179 1085 2246 est,
1116 2188 1190 2245 quae
1214 2167 1314 2230 corrtra
1336 2170 1442 2228 nimias

226 2275 364 2347 quasdam
386 2273 558 2334 Pontificum
585 2276 703 2352 laudes,
730 2278 808 2350 justo
829 2275 1015 2336 festinantius
1038 2275 1159 2350 effusas,
1190 2277 1278 2334 etiam
1299 2274 1336 2334 ab
1359 2291 1442 2332 seer-

226 2379 306 2437 rimis
328 2378 487 2438 Pontifieiis
510 2381 588 2440 dicta
611 2387 685 2440 sunt.
731 2382 908 2454 Quamquam
931 2383 961 2440 in
983 2382 1047 2454 ipsa
1070 2397 1170 2438 earum
1186 2381 1335 2438 nimietate
1351 2379 1442 2436 inter-

229 2481 296 2540 dum
315 2483 409 2542 ironia
423 2485 564 2557 quaedam
586 2486 671 2560 inest,
694 2503 751 2544 non
772 2501 887 2545 morosa
903 2503 940 2544 ea
961 2484 1077 2559 quidem
1096 2484 1147 2543 sed
1162 2483 1267 2544 festiva
1289 2489 1319 2541 et
1333 2483 1442 2542 Attica.

229 2586 277 2644 Sic
296 2603 384 2659 quum
406 2587 544 2648 Erasmus
565 2588 603 2647 ad
624 2588 753 2648 Leonem
769 2589 816 2664 X.,
839 2591 877 2648 ab
900 2590 1034 2649 universo
1057 2590 1126 2648 erbe
1151 2588 1307 2648 christiano
1330 2602 1443 2646 semma

230 2705 294 2748 cum
323 2708 376 2764 spe
399 2697 568 2768 exceptum,
598 2695 628 2752 in
652 2695 775 2768 epistola
797 2695 911 2770 scribit,
937 2699 1045 2768 quanto
1076 2695 1168 2754 ceteri
1195 2693 1332 2752 mortales
1354 2709 1443 2766 pecu·

230 2793 282 2853 des
312 2797 506 2872 antecellant,
539 2803 620 2858 tanto
649 2799 743 2872 ipsum
776 2800 914 2858 mortales
936 2801 1083 2858 universos
1111 2800 1264 2872 majestate
1293 2813 1442 2870 superare,

230 2899 294 2973 ipse
308 2899 389 2974 Papa
410 2901 469 2975 vix,
491 2907 523 2959 ut
536 2907 618 2976 pute,
643 2901 816 2976 crediderit,
835 2903 907 2962 haec
923 2904 959 2962 ab
975 2909 1093 2963 auctore
1117 2903 1273 2977 ,stultitiae
1297 2899 1442 2974 encomii,‘

231 3003 307 3077 quod
330 3023 439 3064 summo
462 3007 566 3082 gaudie
585 3007 770 3082 perlegerat,
792 3025 909 3082 prorsus
929 3010 1005 3068 serie
1028 3009 1107 3067 vultu
1130 3007 1207 3067 dicta
1230 3023 1304 3068 esse.
1350 3005 1441 3064 Nimi-

230 3126 293 3167 rum
323 3111 385 3185 ipso
414 3111 465 3170 ille
495 3112 560 3174 lusu
586 3111 713 3188 ingenii,
748 3112 815 3172 dum
841 3112 994 3172 admodum
1016 3114 1093 3171 seria
1114 3112 1324 3180 intermiscuit,
1354 3110 1441 3184 plane

230 3216 401 3289 stupendam
434 3216 609 3290 praebuerat
641 3234 739 3277 ceram
770 3218 834 3290 ipsa
870 3219 952 3276 curia
980 3217 1111 3275 Romana
1147 3216 1237 3274 animi
1267 3215 1442 3274 libertatem.

231 3317 296 3376 Illic
322 3319 420 3378 dicero
452 3338 539 3380 ausus
566 3327 643 3396 erat,
677 3322 786 3395 ,nullos
816 3322 914 3381 hostes
943 3323 1086 3381 ecclesiae
1114 3320 1337 3394 perniciosiores
1368 3334 1443 3392 esse,

231 3439 316 3494 quam
339 3424 440 3496 impios
460 3423 629 3499 Pontifices,
648 3426 697 3499 qui
720 3431 750 3483 et
772 3426 887 3484 silentio
903 3424 1046 3484 Christum
1070 3425 1200 3483 sinerent
1223 3423 1390 3482 abolescere
1413 3427 1445 3480 et

232 3529 422 3598 quaestuariis
444 3529 556 3602 legibus
578 3530 732 3601 alligarent
754 3535 785 3586 et
806 3531 914 3588 coactis
934 3528 1221 3602 interpretationibus
1242 3527 1444 3586 adulterarent
1549 3571 1556 3586 .

234 3636 263 3688 ot
285 3631 439 3704 pestilente
463 3633 521 3691 vita
539 3633 728 3707 jugularent}
772 3633 831 3693 Sed
854 3641 886 3692 ut
907 3634 1020 3707 singula
1042 3634 1120 3692 illius
1142 3632 1219 3690 modi
1241 3632 1345 3706 verba,
1368 3648 1443 3704 quae

234 3733 406 3794 adulationis
421 3738 549 3810 speeiem
564 3755 635 3812 prae
651 3755 683 3797 se
698 3737 848 3812 ferebant,
871 3739 1012 3796 acerrime
1028 3735 1293 3811 reprehendantur:
1316 3733 1347 3792 id
1363 3740 1443 3793 certe

233 3857 378 3914 nunquam
405 3841 631 3901 obliviscendum
663 3849 721 3918 est,
753 3843 906 3902 Erasmum
935 3841 1039 3900 talibus
1064 3841 1228 3914 blanditiis,
1262 3855 1334 3912 quas
1363 3841 1443 3914 justo

233 3945 345 4004 facilius
374 3962 437 4004 eum
466 3947 562 4005 multis
589 3948 654 4007 aliis
683 3947 878 4007 necessariam
913 3964 965 4019 pro
994 3946 1131 4019 temporis
1161 3961 1241 4002 more
1272 3943 1445 4002 urbanitatis

233 4055 345 4121 partem
368 4067 431 4111 esse
454 4053 590 4126 putabat,
621 4053 697 4111 viam
719 4053 774 4112 sibi
797 4051 952 4110 munivisse
976 4049 1064 4110 etad
1087 4047 1326 4124 patrocinandum
1348 4048 1445 4105 multis

233 4153 301 4211 viris
324 4155 444 4214 eruditis
464 4157 694 4216 adversariorum
717 4158 783 4218 odio
805 4155 1038 4230 periclitantibus
1062 4161 1092 4212 et
1114 4153 1152 4212 ad
1172 4155 1326 4212 veritatem
1348 4168 1445 4210 coram

233 4257 364 4318 omnibus
387 4261 432 4318 sui
454 4263 590 4334 temporis
612 4263 779 4336 proceribus
801 4279 854 4336 pre
877 4276 929 4320 sua
944 4260 1020 4318 virili
1040 4263 1124 4333 parte
1141 4258 1232 4318 libere
1248 4255 1444 4330 profitendam.

233 4365 325 4435 Quam
346 4365 487 4438 quomodo
502 4365 594 4425 Leoni
616 4383 777 4440 proponere
801 4383 887 4424 ausus
909 4366 956 4438 sit,
978 4369 1125 4424 testantur
1143 4363 1203 4436 jam
1226 4363 1341 4420 litterae
1367 4360 1445 4433 illae,

234 4483 305 4540 quas
327 4470 562 4544 memoravimus,
586 4470 624 4529 ad
647 4471 806 4529 Grunnium
829 4469 956 4542 scriptae
980 4474 1010 4527 et
1033 4483 1129 4526 coram
1152 4466 1233 4539 Papa
1254 4470 1284 4524 et
1307 4463 1446 4523 Cardine·

233 4572 309 4637 libus
329 4574 434 4648 lectae,
456 4579 599 4634 testantur
616 4575 769 4650 permulta,
789 4590 864 4648 quae
877 4573 907 4632 in
922 4573 1165 4647 interpretatione
1177 4570 1250 4630 Novi
1265 4567 1446 4630 Testamenti
