3188 5086
678 325 770 380 Ganur
787 323 833 380 VI.
1303 327 1354 382 157

140 543 269 616 litatem,
297 542 470 616 sollertiam,
502 547 563 601 tum
585 547 705 616 propter
723 542 792 601 salis
813 545 843 600 et
864 537 1036 600 facetiarum
1058 537 1244 601 festivitatem
1266 558 1356 615 quau-

141 645 209 704 dam
232 662 290 705 nou
312 647 407 704 minus
430 651 543 720 matam
566 662 652 718 quam
675 646 830 719 audacem,
853 645 968 718 saepius
990 650 1172 718 comparatus
1195 651 1254 718 est,
1282 647 1356 706 adde

141 749 220 822 quod
235 755 358 824 uterque
373 750 411 809 ad
425 766 565 808 summum
580 749 748 822 multiplicis
763 766 799 808 ac
810 749 909 809 rudae
925 753 957 808 ct
971 749 1110 808 scientiae
1126 755 1157 808 et
1172 751 1356 824 eloquentiae

141 851 302 928 fastigium·
320 855 504 928 pervenisse,
538 860 659 927 uterque
696 853 892 928 ignorantiae,
921 851 1092 926 barbariae,
1122 855 1356 926 superstitionum

142 957 281 1018 tenebras
307 956 424 1018 fortiter
453 959 625 1033 dispersisse
662 958 818 1030 permultis
846 957 1016 1030 aequalibus
1043 956 1205 1034 videbatur,
1234 965 1356 1033 uterque

142 1061 270 1136 denique
290 1067 351 1121 tam
366 1079 384 1122 a
398 1062 636 1136 splendidissimis
651 1062 822 1135 monarchis,
845 1060 1031 1136 principibus,
1054 1062 1249 1138 optimatibus,
1271 1081 1357 1137 quam

142 1181 161 1224 a
192 1167 359 1226 clarissimis
387 1167 514 1226 omnium
541 1167 672 1239 gentium
700 1166 770 1224 viris
794 1165 931 1224 litteratis
960 1171 992 1224 nt
1014 1165 1102 1224 seculi
1124 1167 1168 1224 sui
1188 1167 1358 1227 miraculum

142 1269 275 1345 abunde,
301 1270 387 1328 immo
414 1270 565 1330 immodice
596 1266 844 1328 celebrabatur.¹'
878 1267 935 1328 Sed
964 1268 1102 1343 grandior
1126 1285 1242 1345 revera,
1272 1287 1357 1345 quam

143 1374 281 1448 Voltarii,
309 1389 482 1448 quamquam
504 1374 551 1432 hic
573 1371 755 1447 frequentius
778 1372 854 1447 apud
876 1379 1008 1446 posteros
1030 1379 1150 1446 propter
1171 1375 1267 1434 ramas
1289 1392 1358 1435 cau·

143 1459 193 1538 sas
214 1479 389 1553 nominatur,
413 1478 526 1538 Erasmi
546 1479 625 1538 iuter
648 1477 786 1552 aequales
808 1477 964 1537 auctoritas
988 1481 1059 1536 erat.
1104 1478 1259 1538 Nitebatnr
1281 1481 1358 1540 enim

145 1583 249 1642 altiore
273 1588 304 1642 et
326 1583 474 1642 severiore
498 1582 646 1657 doctrina,
670 1582 835 1642 honestiore
866 1588 896 1641 et
917 1581 1059 1642 nobiliore
1081 1583 1169 1641 animi
1191 1600 1357 1659 morumque

143 1686 256 1761 indole,
281 1687 407 1760 denique
429 1687 539 1759 majore
562 1683 752 1761 aedificandi,
775 1685 908 1746 diruendi
931 1686 1040 1745 minore
1063 1685 1166 1745 studio.
1211 1688 1306 1760 Quare
1326 1695 1359 1748 ut

144 1791 321 1865 singularem
356 1791 520 1850 Erasmiani
556 1791 667 1866 ingenii
702 1792 759 1850 rim
796 1791 875 1849 inter
909 1791 1046 1864 aequales
1077 1791 1358 1864 praeponderantem

144 1895 273 1954 breviter
294 1895 470 1969 describam,
492 1895 613 1956 dixerim
635 1893 674 1954 ad
696 1891 878 1954 efficiendam
900 1911 974 1968 eam,
997 1895 1067 1953 licet
1088 1895 1139 1953 ille
1158 1897 1357 1971 philosophiae

144 2005 274 2073 systema
309 2017 367 2059 non
395 1999 579 2074 formaverit,
610 2015 675 2058 cum
705 1999 866 2058 Voltariani
901 1999 1011 2072 ingenii
1036 1999 1188 2073 splendore
1215 2002 1356 2062 coaluisse

146 2103 255 2177 aliquid
277 2103 481 2164 Leibnitianae
501 2103 715 2178 profunditatis.
760 2103 806 2162 lta
825 2091 938 2162 demum
958 2100 1021 2161 fieri
1043 2104 1150 2179 potuit,
1174 2111 1206 2163 nt
1219 2105 1358 2165 Emmns

145 2213 189 2266 tot
209 2209 465 2282 praestantissimis
486 2209 532 2267 sui
554 2209 620 2268 aeri
644 2209 712 2267 viris
734 2225 793 2266 non
815 2206 899 2266 modo
921 2206 1118 2283 admirabilis,
1150 2213 1358 2270 verumetiam

147 2329 245 2387 carus,
278 2311 468 2388 venerabilis,
510 2329 619 2372 summa
651 2311 708 2373 fide
750 2312 853 2386 dignus
887 2317 974 2371 esset.
1021 2312 1189 2373 leibnitius
1222 2314 1260 2374 ad
1292 2316 1359 2375 irri-

146 2422 206 2475 tum
239 2416 367 2476 redactis
403 2416 535 2476 omnibus
570 2415 770 2477 restituendae
800 2415 974 2476 concordiae
1001 2416 1217 2476 ecclesiasticae
1248 2419 1358 2494 studiis,

147 2520 186 2580 ad
208 2520 307 2582 lutura
335 2521 458 2581 meliora
485 2526 617 2595 tempora
639 2521 834 2595 prospiciens,
857 2537 938 2594 spem
960 2521 1123 2594 ponendam
1146 2539 1210 2582 esse
1233 2522 1306 2582 dixit
1328 2525 1359 2583 in

147 2625 303 2700 ,societate
325 2626 450 2700 quadam
475 2625 702 2700 theophilorum‘
730 2627 790 2685 sire
820 2625 973 2700 ,invisibili
995 2642 1064 2685 rere
1085 2627 1264 2687 eruditorum
1285 2629 1359 2689 viro-

147 2747 212 2789 rum
234 2729 376 2790 ecclesia.‘
421 2731 502 2789 Talis
524 2731 648 2790 societas
667 2731 728 2804 jam
751 2729 881 2804 Erasmo,
903 2746 959 2804 quo
976 2730 1134 2804 impensius
1156 2731 1306 2806 augendae
1330 2740 1360 2792 et

147 2834 352 2910 propagandae
380 2835 409 2894 ei
432 2849 551 2909 operam
572 2840 747 2909 novaverat,
775 2849 810 2892 eo
833 2833 936 2893 lortius
959 2835 1096 2893 auxilium
1117 2835 1223 2895 attulit.
1268 2837 1359 2912 Hujus

147 2941 270 2998 mamma
293 2939 499 3014 admiratione,
528 2939 666 3014 cariata,
688 2939 878 2998 veneratione
899 2938 950 2998 illo
973 2936 1133 2998 fovebatur.

235 3061 315 3133 Quas
342 3062 440 3121 omnia
469 3062 596 3134 posteris
624 3061 706 3134 quasi
729 3059 935 3134 conspicienda
957 3065 1043 3133 atquo
1066 3061 1288 3135 contemplanda
1311 3078 1360 3121 ex-

147 3165 229 3226 bibet
255 3163 458 3240 epistolarum,
486 3182 556 3239 quas
578 3165 642 3238 ipse
675 3165 712 3224 ad
732 3165 805 3223 ahos
827 3164 935 3237 aliique
958 3164 1109 3237 adipsum
1131 3163 1289 3240 dederunt,
1317 3167 1361 3224 in-

149 3287 220 3345 gens
246 3271 416 3345 thesaurus,
446 3270 524 3329 idem
554 3271 667 3342 insigne
694 3269 892 3342 ingeniorum,
922 3285 1045 3344 morum,
1078 3273 1223 3344 motuum,
1257 3270 1361 3344 quibus

149 3373 312 3434 mortalium
339 3375 427 3432 animi
454 3373 647 3449 agitabantur,
677 3379 901 3432 monumentum.
950 3372 997 3432 Ad
1026 3389 1112 3446 quem
1139 3373 1305 3433 thesaurum
1326 3375 1362 3450 ie,

149 3479 198 3551 qui
227 3483 258 3536 et
286 3478 485 3551 plenissimum
513 3478 594 3536 illum
626 3478 759 3551 collegit,
789 3481 820 3535 et
854 3478 952 3536 omnia
972 3477 1088 3536 mesni
1120 3494 1210 3552 opera
1239 3478 1363 3554 diligen·

149 3583 259 3642 tissime
300 3582 408 3656 edidit,
453 3581 580 3642 Joannes
620 3581 763 3658 Clericus,
810 3582 958 3656 aptissime
995 3583 1159 3658 transtulit,
1202 3599 1276 3656 quae
1323 3583 1360 3642 de

149 3685 262 3746 Lucilio
284 3687 356 3746 dicit
375 3687 527 3762 Horatius,
555 3703 663 3746 arcana
682 3703 735 3747 sua
754 3687 836 3745 libris
858 3687 937 3746 volnt
962 3683 1026 3745 fidis
1047 3686 1193 3746 sodalibus
1209 3704 1276 3746 eum
1298 3703 1362 3745 cre·

150 3789 268 3865 didisse,

691 3925 733 3936 -
754 3911 811 3968 qno
833 3892 921 3954 litut
943 3895 1035 3954 omnis

455 3999 559 4060 Votira
580 4005 682 4074 pateat
703 3998 796 4058 veluti
818 3999 965 4072 descripta
986 3997 1096 4056 tabella

350 4111 352 4114 ’
456 4106 524 4166 Vita
543 4105 632 4164 senis.

237 4239 331 4314 ,Idem
358 4239 395 4300 de
417 4239 559 4315 Erasmi,‘
590 4241 698 4314 inquit,
733 4237 855 4310 ,onem
882 4236 1021 4310 epistolis.
1066 4235 1261 4309 Quaecunque
1280 4241 1363 4294 recte

151 4351 200 4403 aut
229 4361 311 4404 secus
338 4344 410 4405 fecit
438 4347 485 4406 vel
513 4347 617 4420 sensit,
645 4360 720 4418 quae
741 4342 851 4418 timuit,
879 4357 954 4415 qnae
982 4341 1086 4414 cupiit,
1115 4341 1212 4399 omnia
1234 4339 1282 4396 hic
1300 4340 1362 4398 sine

241 4623 268 4693 1)
286 4623 324 4674 Oi.
343 4621 439 4674 Nisard
456 4621 475 4675 l.
494 4637 518 4673 c.
540 4637 566 4686 p.
585 4625 616 4672 t'l
632 4637 652 4675 a.
679 4624 729 4670 140
742 4635 762 4672 s.
787 4623 844 4674 182.
869 4621 927 4670 188.
