3202 5058
699 274 793 324 Garun·
810 275 845 326 11.
1344 275 1379 328 35

171 361 388 370 ον---ιι-μ-σ-
394 364 678 372 ——.„——..—-.-

162 485 348 560 Quapropter
377 503 487 546 summo
505 490 573 562 jure
603 487 713 560 Anglus
741 487 790 546 ille
819 486 916 546 verbis
940 487 1119 546 nobilissimo
1148 489 1274 562 pectoris
1299 492 1379 547 motu

160 588 261 662 plenis
288 591 325 649 ab
353 592 390 650 iis
418 592 559 666 postulat,
586 598 619 650 ut
641 593 666 649 si
688 592 730 650 ita
757 592 886 651 sentiant
906 592 1103 665 gravissimum
1123 597 1276 666 peccatum
1298 609 1380 650 snum

160 693 278 753 Romae
301 696 481 754 commissum
503 711 601 754 coram
631 696 766 754 universo
788 697 894 769 populo
912 695 1104 755 confiteantur
1123 701 1155 754 et
1175 701 1294 770 propter
1315 701 1380 756 tan,-

159 804 227 856 tam
249 797 453 874 offensionem,
479 801 546 882 'orbi
574 801 731 859 christiano
750 800 861 874 datam,
887 801 1001 874 publice
1019 802 1227 874 poenitentiam
1250 797 1380 876 agant‘1

255 903 452 976 ,Praeclaram
481 904 611 978 proiecto
634 922 750 964 eausam
774 905 938 964 Germanici
962 905 1088 979 episcopi
1111 907 1328 978 sustinuissent,
1356 909 1381 967 si

159 1009 235 1065 victi
260 1010 290 1066 in
319 1007 448 1068 Concilio
476 1027 494 1069 a
519 1010 652 1084 Jesuitis,
679 1010 732 1070 sed
760 1027 856 1068 coram
879 1010 944 1069 Deo
975 1011 1101 1070 victores
1135 1015 1166 1070 et
1190 1012 1258 1070 huic
1286 1015 1381 1086 potins

160 1129 252 1185 qnam
274 1113 435 1172 bominibus
458 1114 645 1190 obedientes,
670 1115 916 1188 perniciosissima
936 1115 1051 1173 illorum
1073 1115 1194 1174 consilia
1217 1116 1380 1176 christianis

160 1217 299 1290 gentibus
327 1218 499 1278 detexissint
520 1235 641 1294 easque,
672 1219 823 1292 quominus
844 1218 1023 1278 connivendo
1045 1220 1209 1280 nniversam
1227 1221 1379 1280 ecclesiam

161 1321 332 1382 conturbari
359 1329 391 1382 et
418 1324 502 1396 perdi
524 1329 706 1398 paterentur,
728 1341 781 1383 sua
802 1325 965 1383 constantia
985 1324 1230 1398 impedivisseutt‘
1264 1326 1395 1400 ,Obstat

161 1426 282 1500 qnidam
296 1428 326 1486 in
341 1429 411 1501 ipsis
425 1429 592 1488 melioribus
607 1428 776 1503 quibusdam
791 1429 967 1504 bominibus,
990 1431 1140 1502 quominus
1154 1439 1379 1492 murmurantem

162 1531 306 1590 adversus
326 1549 430 1592 norum
453 1533 559 1608 dogma
581 1533 787 1594 conscientiam
801 1539 902 1607 aperte
920 1532 1122 1608 confiteantur,
1142 1535 1231 1595 insita
1252 1541 1284 1595 at
1297 1538 1379 1610 qnasi

162 1615 268 1696 innata
297 1654 367 1713 erga
388 1639 549 1698 Romanum
569 1638 739 1698 Pontificem
766 1641 868 1712 pietas.
913 1638 983 1710 Quis
1005 1641 1035 1698 in
1057 1645 1141 1713 pabe
1162 1641 1255 1715 longis
1275 1643 1381 1702 labori·

163 1741 220 1800 bus
242 1744 416 1818 exercitato,
439 1745 536 1803 multis
559 1743 721 1804 nominibus
743 1745 924 1820 venerando,
947 1744 1121 1805 insidentem
1143 1763 1271 1806 errorem
1293 1749 1380 1807 silen-

164 1846 209 1904 tio
236 1849 396 1919 praeterire
424 1849 521 1922 potins
552 1865 637 1922 quam
663 1849 760 1908 verbis
790 1850 933 1923 castigare
963 1849 1057 1908 nolit?
1100 1849 1209 1909 Verum
1233 1853 1380 1912 enimvero

165 1967 254 2023 qnnm
282 1967 319 2010 na
345 1953 376 2010 id
403 1953 518 2026 quidem
547 1952 612 2012 ficri
637 1969 754 2028 semper
775 1955 880 2028 possit,
910 1960 1018 2026 quanto
1040 1954 1149 2028 minus,
1172 1955 1223 2014 nbi
1246 1955 1281 2015 da
1304 1973 1380 2016 com·

164 2056 246 2112 muni
274 2057 427 2115 multorum
456 2058 549 2116 saluts
577 2057 682 2131 agitur,
712 2057 829 2116 deserta
854 2059 976 2131 veritas,
1004 2057 1110 2116 nedum
1140 2060 1280 2118 ementita
1308 2061 1380 2134 laus,

166 2161 300 2220 excusari
319 2162 437 2234 pietatis
460 2159 555 2220 officio
577 2163 684 2220 debet?
727 2161 810 2221 Inter
831 2161 975 2220 Romanos
994 2160 1149 2222 Pontifices
1172 2163 1274 2236 dignos
1295 2181 1380 2239 quos·

165 2262 249 2336 dam,
270 2281 340 2337 qnos
351 2265 483 2326 infernus
493 2267 573 2326 vivos
591 2267 757 2340 deglutiret,
780 2265 934 2339 exstitisse,
955 2266 1019 2339 ipse
1031 2266 1209 2340 Moehlerus‚
1230 2268 1379 2328 Romanae

164 2367 229 2426 sedi
260 2369 485 2445 addictissimus,
519 2372 618 2430 dicere
651 2387 708 2428 non
743 2370 852 2428 veritus
890 2375 943 2428 est.
998 2369 1107 2429 Verum
1137 2372 1305 2445 nequissimi
1338 2374 1380 2433 illi

164 2473 298 2530 homines
325 2477 436 2532 mutum
464 2465 606 2534 ecclesiae
637 2475 739 2532 vulnus
760 2491 817 2532 non
840 2473 1023 2548 inflixerunt,
1052 2481 1190 2548 qnantum
1210 2476 1250 2551 is,
1274 2478 1323 2550 qui
1346 2495 1381 2537 eo

164 2578 309 2650 processit
335 2579 487 2654 andaciae,
515 2585 548 2637 nt
574 2585 604 2638 et
631 2595 711 2638 suam
741 2585 772 2638 et
792 2579 914 2637 istorum
936 2579 1138 2638 auctoritatem
1158 2578 1220 2639 falli
1242 2583 1380 2657 nesciam,

163 2688 303 2754 tanquam
330 2684 540 2742 sanctissimum
569 2684 737 2758 mysterium
769 2700 846 2741 nnnc
874 2682 989 2742 demum
1019 2684 1187 2756 plenissime
1210 2687 1379 2762 revelatum,

165 2785 323 2845 obtrudere
353 2789 489 2861 gentibus
514 2805 571 2847 non
590 2788 745 2848 dubitaret.
790 2787 840 2861 ld,
868 2788 924 2846 nisi
950 2788 1069 2861 inipso
1096 2789 1182 2848 corde
1205 2791 1379 2850 virulentum

165 2891 248 2948 ulcus
270 2893 392 2966 lateret,
411 2909 557 2966 nunquam
579 2892 796 2967 perpetrasset‘

254 2997 391 3070 Magnam
416 2999 680 3072 perturbationem,
714 3014 800 3071 qnam
833 3015 937 3056 novum
963 2997 1068 3070 dogma
1099 3000 1245 3058 bominum
1275 3002 1379 3060 animis

167 3101 287 3176 tulerat,
317 3105 377 3175 jam
406 3103 464 3162 illis
495 3103 597 3166 diebus
627 3104 713 3176 longe
740 3103 856 3176 lateque
883 3104 954 3160 satis
983 3105 1179 3178 conspicuam,
1212 3105 1257 3162 bis
1282 3106 1379 3164 verbis

165 3204 339 3277 significavi:
367 3207 570 3282 ,Triumpbant
595 3209 674 3266 inter
696 3206 868 3264 Romanicas
899 3211 1001 3281 gentes
1031 3206 1207 3265 christianae
1230 3208 1379 3283 religionis

166 3327 279 3384 osores,
307 3312 371 3386 qni,
399 3328 486 3385 qnam
510 3329 528 3371 a
548 3313 726 3372 Jesuitsrum
757 3310 917 3370 mendaciis
936 3308 1104 3370 discernere
1127 3327 1192 3371 eam
1210 3311 1380 3387 jamdudum

166 3414 374 3490 dedidicerint,
395 3416 450 3475 hoc
472 3417 626 3476 novissimo
648 3414 801 3474 mendacio
815 3415 918 3474 vetera
940 3416 1021 3488 qnasi
1045 3415 1083 3475 ad
1103 3433 1243 3476 summum
1266 3419 1380 3478 emman

167 3520 333 3589 pervenisse
363 3526 394 3578 et
421 3537 533 3578 omnem
561 3521 701 3594 pietatem
726 3521 756 3578 in
785 3519 939 3578 ludibrium
968 3535 1081 3578 versam
1104 3522 1243 3596 garriunt.
1287 3521 1381 3596 caput

170 3623 306 3682 extollunt
328 3623 486 3699 pharisaei,
514 3625 563 3697 qni
586 3641 698 3683 omnem
729 3625 899 3696 religionem
921 3625 949 3683 in
973 3641 1026 3682 sna
1047 3624 1212 3684 dominandi
1235 3631 1265 3685 et
1284 3628 1380 3700 oppri-

169 3727 263 3784 mendi
293 3728 413 3787 libidine
440 3729 562 3802 positam
602 3745 665 3788 esse
701 3729 889 3788 arbitrantur.
945 3727 1044 3788 Sednli
1075 3728 1254 3804 discurrunt,
1286 3730 1381 3788 caecis

169 3829 332 3890 ductoribus
355 3833 449 3908 digni,
477 3835 556 3892 caeci
580 3849 678 3892 eorum
700 3833 879 3908 pedissequi,
908 3833 1098 3892 nobilissimos
1129 3849 1256 3906 quosque
1279 3832 1382 3890 adver-

171 3936 259 3994 sarios
282 3953 361 4012 snos,
384 3937 422 3996 ad
443 3953 514 4010 quos
536 3936 733 4012 coarguendos
755 3938 873 4012 ingenio
895 3943 926 3997 et
944 3937 1076 3996 doctrina
1096 3941 1229 4010 careant,
1251 3937 1328 4010 rogis
1351 3941 1382 3994 et

169 4037 271 4111 gladiis
301 4041 343 4099 nti
371 4047 533 4116 nequeant,
563 4041 760 4116 sycophantiis
783 4041 950 4116 jugulatori.
1003 4039 1173 4098 Contristati
1203 4045 1270 4098 sunt
1298 4040 1380 4098 multi

168 4141 261 4201 bonae
295 4145 452 4204 voluntatis
485 4146 629 4220 homines,
661 4147 723 4220 qni,
756 4146 885 4218 quamvis
918 4161 968 4203 ecs
994 4160 1053 4202 non
1076 4142 1192 4217 lugeret
1218 4143 1383 4204 inveterata

166 4247 284 4321 Papalis
312 4249 411 4308 curiae
433 4248 528 4324 labes,
556 4251 741 4308 nibilominus
764 4265 898 4323 magnum
921 4247 1006 4321 illud,
1035 4261 1091 4320 qno
1113 4251 1158 4306 tot
1178 4253 1282 4320 gentes
1306 4249 1384 4306 inter

166 4367 199 4409 se
222 4369 368 4411 connexas
390 4354 544 4429 videbant,
573 4354 748 4412 christianae
771 4353 921 4411 societatis
942 4351 1085 4410 vinculum
1111 4351 1208 4425 magni
1231 4350 1382 4426 iacientes,

258 4575 284 4640 l)
302 4551 375 4625 Lord
389 4577 471 4625 Acten
491 4574 509 4626 l.
527 4591 547 4626 c.
567 4590 591 4642 p.
613 4578 653 4629 18.
682 4613 684 4620 ,

1124 4655 1174 4728 3*’
