3194 5042
696 310 784 365 Carnr
801 310 834 363 V.
1328 312 1379 366 153

152 513 309 574 confitetur
340 531 416 592 quae
447 513 655 574 reformatione
686 519 798 590 egeant.
848 513 931 573 Inter
962 518 1117 592 utramque
1144 514 1382 590 evangelicorum

150 621 295 680 familiam
321 626 356 680 91
383 640 443 698 pax
469 621 667 680 constituatur
693 621 823 681 maxime
849 625 943 698 optat,
972 623 1061 682 etiam
1084 621 1215 682 diversas
1238 621 1381 682 Luthera-

151 747 257 788 norum
285 733 383 806 partes
411 729 447 788 ad
476 729 653 788 omittendas
681 729 808 789 furiosas
835 729 1051 806 disputationes
1078 729 1212 807 impense
1238 729 1379 790 hortatur.

152 835 248 910 Quare
279 836 384 913 rigidis
416 836 593 914 quibusdam
621 836 811 896 orthodoxiae
838 855 927 914 quam
954 837 1169 897 arbitrabantur
1195 837 1381 898 Lutberanao

151 945 419 1022 propugnatoribus
446 962 556 1004 exosus
584 949 658 1018 9991,
686 949 717 1004 91
743 944 847 1004 multis
875 945 935 1022 piis
962 949 1050 1023 atque
1077 945 1239 1022 ingeniosis
1262 944 1381 1004 illorum

151 1056 320 1129 temporum
343 1052 428 1126 viris,
458 1051 546 1112 sicuti
570 1051 728 1112 Valentino
751 1052 887 1112 Andreae
909 1053 1033 1130 ejusque
1055 1053 1170 1128 amicis,
1194 1052 1380 1128 gratissimus

151 1164 240 1237 91999
262 1159 482 1219 dilectissimus.
527 1158 633 1236 Neque
661 1178 714 1236 pro
737 1159 873 1236 simplice
894 1163 1010 1218 tantum
1033 1160 1142 1237 pietate
1163 1160 1200 1220 de
1223 1160 1271 1220 his
1292 1161 1380 1220 rebus

150 1267 313 1344 judicabat,
337 1285 439 1326 verum
459 1271 493 1326 ut
516 1267 650 1326 eruditus
673 1267 841 1344 theologus,
865 1268 917 1345 qni
940 1267 1127 1342 adulescens,
1150 1273 1184 1326 ut
1205 1267 1271 1345 ipse
1291 1271 1380 1327 19919-

151 1379 213 1449 199,
236 1375 415 1451 theologiam
438 1381 527 1452 atque
549 1379 639 1436 totam
663 1375 881 1452 philosophiam
905 1375 1020 1452 ingenti
1043 1375 1205 1452 cupiditate
1222 1375 1380 1453 amplexus

152 1487 211 1557 est,
239 1482 316 1541 nihil
343 1482 501 1542 admodum
528 1483 566 1542 de
593 1483 771 1542 astronomia
793 1483 826 1541 in
848 1483 977 1560 speeiem
1000 1482 1159 1560 sollicitum
1189 1488 1290 1560 postea
1311 1501 1381 1544 vero

152 1591 190 1650 ad
226 1591 394 1656 obeundum
431 1608 541 1650 munus
578 1591 807 1650 astronomicum
839 1595 1061 1668 praeceptorum
1092 1592 1264 1651 auctoritate
1296 1591 1381 1669 qnasi

151 1703 292 1758 extrusus
320 1702 379 1773 991,
412 1698 541 1757 multum
568 1702 748 1775 protestatus
776 1716 809 1758 99
832 1699 900 1774 jure
927 1716 981 1758 999
1009 1698 1046 1758 ad
1072 1698 1155 1758 aliud
1182 1698 1260 1759 vitae
1286 1717 1381 1775 genus

151 1823 338 1884 nequaquam
365 1806 476 1866 cedere.
522 1805 620 1865 Etiam
647 1805 805 1866 9991991199
828 1806 1010 1883 temporibus
1033 1806 1132 1866 studia
1153 1806 1206 1866 illa
1228 1825 1380 1884 nunquam

151 1931 274 1991 prorsus
302 1913 440 1973 deseruit.
491 1913 612 1972 Praeter
638 1931 684 1988 ea,
714 1931 790 1991 9999
816 1913 854 1972 ad
881 1913 1100 1990 chronologiam
1126 1913 1264 1973 biblicam
1291 1913 1380 1990 perti-

151 2025 236 2095 nent,
264 2021 352 2080 etiam
376 2021 557 2080 harmoniam
581 2021 802 2096 evangeliorum
825 2021 957 2098 scripsit,
985 2021 1071 2097 cnjus
1094 2021 1223 2082 edendae
1245 2024 1280 2080 91
1301 2020 1381 2097 Κ99-

150 2128 232 2188 larus
259 2146 321 2188 non
347 2129 448 2188 minus
476 2146 565 2206 quarn
592 2127 715 2188 alterius
737 2127 935 2202 harmonicas,
963 2146 1039 2206 quae
1061 2129 1097 2187 ad
1121 2129 1253 2188 ordinem
1275 2128 1381 2188 mundi

150 2236 292 2313 pertinet,
320 2253 421 2296 curam
448 2236 613 2310 habuisset,
641 2236 830 2295 vehementer
857 2235 970 2312 optavit
997 2235 1129 2296 Orosius.
1180 2235 1278 2296 Etiam
1305 2253 1381 2314 qnae

150 2343 188 2403 de
215 2342 481 2420 praedestinatione
508 2346 538 2403 et
560 2342 597 2402 de
619 2361 710 2403 coena
732 2343 852 2402 Domini
877 2341 1046 2420 scripserat,
1074 2344 1110 2403 ab
1133 2343 1236 2404 amicis
1258 2343 1380 2402 laudan·

150 2455 208 2511 tur.
251 2450 301 2512 Sic
323 2469 357 2510 99
379 2450 511 2510 universi
534 2450 638 2509 mnndi
661 2450 882 2528 contemplatio,
906 2469 996 2528 quarn
1017 2451 1097 2512 hand
1120 2451 1207 2528 pauci
1229 2469 1310 2510 nunc
1331 2451 1381 2511 vel

150 2559 247 2635 ignari
279 2559 328 2618 vel
360 2559 565 2636 imprudentes
598 2558 825 2618 Christianismo
857 2561 960 2620 obesse
991 2559 1163 2637 opinentur,
1200 2560 1233 2618 in
1264 2577 1380 2619 summo

150 2665 204 2726 illo
236 2666 300 2742 ejus
332 2666 450 2726 vindice
480 2684 541 2726 non
572 2665 659 2726 aliter
691 2685 777 2744 quam
806 2666 839 2726 in
867 2666 1029 2744 Ccpemico
1056 2672 1086 2726 et
1112 2661 1281 2742 Newtonio,
1312 2685 1381 2727 cnm

150 2773 306 2833 verissima
328 2773 437 2851 pietate
459 2774 617 2850 conjuncta
639 2777 709 2834 erat
843 2773 847 2780 ’

260 2880 341 2941 Haec
363 2881 451 2958 paulo
475 2881 573 2941 fusius
596 2881 633 2941 de
655 2881 785 2959 Keplero
807 2882 926 2943 1999199
950 2901 1030 2957 snm,
1057 2888 1092 2942 ut
1114 2901 1192 2942 nova
1214 2893 1381 2960 temporum

150 2987 236 3046 191119
258 3007 317 3047 999
341 2989 446 3048 saltem
469 2988 599 3065 imagine
622 2989 956 3066 9199199191199919999
978 3009 1013 3049 ac
1036 2989 1165 3049 dilucida
1184 2989 1378 3048 illustrentur.

151 3094 236 3169 Quod
258 3095 407 3156 neminem
430 3096 472 3156 ita
493 3101 683 3173 acceptarum
702 3113 768 3156 9999
787 3113 887 3173 99999,
910 3097 996 3174 99991
1015 3114 1170 3172 negemus,
1194 3096 1283 3155 etiam
1302 3096 1380 3156 inter

150 3203 231 3262 viros
264 3203 406 3263 ecelesiae
437 3203 586 3263 Romanae
618 3203 732 3262 sincera
763 3203 873 3280 pietate
905 3202 1036 3262 addictos
1063 3203 1174 3262 iisdem
1197 3203 1379 3280 temporibus

151 3328 212 3370 non
231 3310 373 3384 (19191999,
393 3310 445 3388 991
462 3311 499 3369 ad
517 3328 609 3370 novas
630 3310 777 3370 hnmanae
798 3310 959 3386 cognitioni
978 3310 1041 3370 vias
1060 3309 1233 3388 aperiendas
1251 3309 1379 3386 gloriosa

151 3417 294 3496 quaedam
318 3418 500 3494 perficerent
546 3417 626 3476 Num
649 3418 800 3477 intereos
823 3418 890 3495 9919
914 3417 1004 3477 luerit
1027 3418 1079 3496 qui
1102 3417 1166 3495 pari
1189 3417 1378 3495 9199991199

150 3525 233 3584 lerus
265 3529 295 3584 et
332 3525 439 3602 pietate
476 3524 638 3584 91991911999
673 3529 703 3584 91
738 3524 873 3584 libertate
909 3525 1002 3584 animi
1034 3543 1102 3584 eum
1135 3524 1249 3585 alienae
1281 3525 1380 3601 gentis

150 3631 322 3692 bominibus
345 3633 589 3692 consuetudinem
608 3631 832 3692 1919911999919.
864 3631 913 3692 .Id
932 3637 1058 3708 certum,
1081 3632 1226 3709 ejusmodi
1248 3632 1380 3708 ingenio-

150 3757 219 3798 rum
241 3739 421 3815 commercii,
444 3739 578 3816 gentinm
602 3739 677 3799 fines
700 3739 924 3814 transsilientis,
948 3739 1120 3816 gravitatem
1144 3745 1233 3818 atque
1251 3738 1379 3799 necessi-

150 3851 241 3906 tatem
270 3847 340 3907 inde
368 3848 405 3906 ab
432 3847 485 3906 illa
512 3851 606 3907 aetate
633 3864 667 3906 eo
695 3847 791 3923 magis
817 3851 852 3906 ut
879 3847 1045 3907 necessaria
1070 3846 1201 3906 virorum
1228 3846 1380 3906 doctorum

151 3953 262 4014 animis
286 3971 319 4014 se
341 3954 427 4031 quasi
449 3954 640 4031 imposuisse,
663 3972 721 4032 quo
744 3953 834 4014 latius
857 3954 1005 4030 altiusque
1027 3953 1221 4030 cognoscendi
1244 3952 1380 4012 materies

149 4061 260 4139 991911,
303 4079 362 4139 999
402 4061 511 4121 clarius
552 4068 657 4138 gentes
697 4061 788 4121 variis
824 4061 937 4138 ingenii
973 4061 1092 4120 dotibus
1127 4061 1202 4120 elias
1238 4064 1381 4137 apparent

149 4168 275 4228 alianrm
311 4169 446 4228 deiectus
483 4169 623 4246 supplere
659 4169 808 4246 apparuit,
846 4186 904 4246 quo
936 4168 1056 4245 plenius
1088 4167 1216 4245 denique
1247 4167 1380 4226 omnium

149 4276 351 4336 doctrinarum
383 4277 552 4354 artiumque
584 4277 698 4336 cultum
729 4277 868 4336 universo
899 4275 1001 4352 generi
1034 4276 1162 4334 humano
1194 4293 1380 4335 communem

150 4388 180 4442 et
203 4383 333 4443 laborem
357 4384 514 4460 injrmgere
541 4388 571 4443 91
597 4383 728 4443 fructum
755 4384 867 4443 afferre.
914 4382 1110 4444 Persuasione
1137 4382 1191 4442 illa
1218 4383 1380 4442 vetustiore

149 4495 282 4568 tempore
304 4497 488 4568 praepamta,
517 4491 688 4551 recentioris
715 4490 819 4549 aetatis
842 4507 911 4549 vere
933 4489 1053 4550 demum
1075 4490 1205 4566 9999919,
1234 4490 1379 4568 quomodo

150 4597 290 4658 similiter
320 4603 410 4676 atque
438 4598 584 4676 Keplerus
616 4597 764 4676 quondam
791 4597 916 4675 ejusque
943 4597 1044 4672 amici,
1077 4597 1210 4656 omnium
1236 4596 1379 4675 paulatim
