3144 5092
688 268 776 324 Carur
794 268 827 323 V.
1319 271 1372 324 113

126 471 261 548 prelum
283 470 441 530 relicturus
465 475 556 546 esset,
579 471 612 530 in
634 471 714 531 tituli
737 476 819 549 tergo
841 476 876 531 nt
898 471 1004 547 editor,
1031 472 1102 532 licet
1124 490 1183 532 non
1206 472 1373 550 subscripto

128 579 276 654 nomine,
299 579 400 656 posuit
421 579 699 656 praefatiunculam,
727 599 786 658 qna
808 597 883 657 opus
905 579 1005 657 ipsum
1029 580 1154 640 summis
1177 579 1255 640 tollit
1276 580 1372 638 laudi-

131 687 213 761 bus,
236 686 267 746 id
285 705 366 762 vero,
390 687 469 764 quod
493 687 624 762 ,artifex‘
647 688 713 765 ejus
736 688 773 747 de
795 692 877 746 motu
899 692 994 748 terrae
1016 687 1130 763 doceat,
1154 705 1214 747 non
1232 693 1371 765 tanquam

135 797 254 853 1111111
276 794 430 854 veritatem
452 795 653 872 accipiendam
680 813 746 855 esse
768 794 852 870 dicit,
877 795 929 856 sed
947 800 1098 874 tamquam
1120 795 1320 870 ,admirabiles
1343 800 1373 854 et

138 901 247 961 faciles
274 901 476 979 hypotheses‘,
508 903 617 980 quibus
645 901 808 980 suppositis
839 903 1042 980 phaenomena
1069 902 1206 964 coelestia
1238 909 1313 979 ,tam
1341 903 1373 961 in

138 1010 278 1068 futruum
301 1028 390 1087 quam
412 1010 445 1068 in
467 1009 659 1087 praeteritum
681 1015 761 1070 recte
783 1011 900 1088 possint
922 1011 1079 1070 1111111111.ι

252 1115 333 1190 Quae
355 1117 454 1176 omnia
476 1117 547 1177 talia
570 1122 653 1193 sunt,
677 1123 711 1178 ut
734 1118 878 1196 quomodo
900 1136 1048 1195 anonyma
1069 1118 1122 1177 illa
1139 1117 1374 1196 praefatiuncula

138 1243 199 1302 pro
227 1223 427 1302 Copernirana
453 1225 554 1285 haberi
581 1244 598 1283 a
625 1225 729 1286 multis
756 1226 885 1303 potuerit
911 1226 964 1284 vix
989 1225 1186 1302 intellegatur.
1233 1225 1374 1303 Sequitur

139 1332 268 1409 insuper
290 1332 476 1392 nobilissima
498 1337 528 1392 et
550 1333 782 1410 prudentissima
803 1333 841 1392 ad
863 1333 991 1393 Paulum
1008 1333 1063 1392 111.
1087 1333 1199 1410 Papam
1220 1332 1373 1406 dedicatio,

141 1457 222 1517 quae
245 1438 401 1514 ,Nicolai
424 1439 617 1517 Ooperniai
639 1441 794 1518 praefatio‘
818 1440 952 1500 consulto
975 1440 1153 1500 inscribitur.
1197 1441 1294 1519 Atque
1316 1445 1374 1500 ter-

140 1565 209 1606 ram
235 1565 304 1606 vere
335 1548 446 1607 moveri
478 1552 509 1606 et
535 1548 577 1608 ibi
609 1553 639 1607 et
666 1553 727 1609 toto
758 1548 833 1608 libro
864 1547 1029 1608 clarissime
1060 1548 1231 1608 declaratam.
1278 1546 1375 1622 Quare

143 1654 249 1714 Gisius
272 1655 429 1733 episeopus
456 1655 489 1714 in
512 1655 614 1716 eadem
637 1651 821 1740 {amicissima
843 1656 981 1734 epistola,
1007 1675 1066 1734 qua
1088 1656 1211 1716 Rhetico
1234 1655 1374 1733 (1111111-

142 1780 215 1821 cum
246 1763 422 1823 moriturum
454 1763 500 1839 ,in
527 1768 658 1824 extremo
691 1764 811 1842 spiritu‘
844 1782 919 1842 opus
952 1782 1040 1824 suum
1071 1764 1220 1840 integrum
1252 1763 1374 1822 vixdum

143 1869 257 1930 vidisse
280 1875 390 1946 narrat,
419 1869 509 1932 simul
537 1871 678 1947 declarat,
706 1876 887 1950 quantopere
914 1872 979 1948 ipse
1005 1871 1178 1948 indignatus
1205 1875 1235 1930 et
1261 1870 1374 1942 (111111-

143 1977 241 2036 clatus
274 1977 314 2037 sit
344 1977 420 2038 lecta
450 1978 686 2055 praefatirmcnla
715 1978 774 2038 ista
804 1977 913 2038 mortni
944 1977 1031 2038 amici
1063 1977 1227 2038 sententiae
1253 1994 1375 2054 prorsus

144 2083 319 2143 contraria¹
365 2085 423 2145 Sed
450 2086 559 2145 erravit
584 2086 631 2145 vir
657 2085 864 2164 probissimus,
892 2104 986 2163 quum
1012 2103 1077 2144 eam
1099 2083 1194 2143 invidi
1220 2083 1374 2160 cujusdam

145 2192 307 2252 adversarii
334 2193 437 2253 fraude
464 2193 538 2253 libro
565 2194 730 2271 praefixum
752 2211 819 2254 esse
841 2197 965 2270 putaret
1011 2178 1115 2251 Immo⁴
1128 2191 1277 2251 enimvero
1299 2191 1375 2250 bono

145 2299 246 2360 animo
273 2305 373 2376 egerat
401 2298 552 2361 Osiander.
599 2299 680 2375 Quae
702 2301 739 2361 de
763 2300 852 2360 variis
879 2300 994 2359 dixerat
1016 2299 1242 2377 hypothesibus,
1271 2315 1375 2358 secun·

147 2407 220 2466 dum
247 2425 321 2485 quas
349 2407 534 2484 planetarum
561 2414 659 2468 motus
687 2408 842 2486 supputari
869 2411 1003 2485 possent,
1035 2425 1070 2468 11
1094 2425 1170 2466 nova
1196 2424 1257 2465 non
1284 2410 1374 2466 erant.

147 2514 220 2574 Post
241 2515 402 2575 Averroem
425 2515 512 2574 multi
535 2515 585 2574 alii
607 2516 821 2592 iudicaverant,
848 2515 1009 2575 Ptolemaei
1032 2533 1205 2592 eorumque,
1232 2513 1284 2592 qui
1307 2531 1376 2574 eum

148 2624 359 2700 sequebantur,
387 2623 519 2684 diversas
547 2642 585 2684 ex
612 2629 695 2702 parte
721 2623 939 2701 assumptiones
966 2641 1035 2683 cnm
1061 2621 1229 2682 artificiosis
1256 2621 1376 2681 circulis

149 2731 321 2791 eooentricis
344 2736 464 2791 etcum
487 2731 630 2808 epicyclis
653 2732 729 2807 suis,
756 2731 828 2792 licet
849 2731 886 2791 ad
910 2731 1151 2808 supputationem
1173 2729 1257 2788 illam
1278 2728 1376 2804 utiles,

149 2842 248 2898 tamen
275 2856 345 2898 cum
371 2857 471 2898 rerum
497 2843 602 2898 natma
629 2858 688 2900 non
715 2839 905 2916 congrnera²
950 2837 1093 2899 Osiander
1120 2856 1201 2913 vero,
1230 2855 1289 2915 qua
1315 2841 1378 2896 1111

149 2945 320 3022 sagacitate,
343 2946 453 3023 optime
476 2947 563 3022 vidit,
586 2946 767 3023 hypotheses
787 2946 1002 3023 Oopernieanas
1025 2945 1237 3020 ,admirabiles‘
1260 2949 1290 3004 et
1308 2943 1377 3002 Pto-

148 3052 281 3112 lemaieis
303 3053 392 3130 longe
413 3053 560 3114 faciliores
583 3070 659 3127 1111,
683 3057 886 3113 verumtamen
907 3070 946 3112 ne
968 3052 1006 3111 iis
1030 3051 1150 3130 quidem
1172 3055 1267 3110 certas
1289 3067 1377 3127 quas-

149 3159 218 3218 dam
240 3159 306 3220 tolli
329 3161 533 3236 difficultates,
561 3177 635 3238 quas
657 3177 759 3220 revera
786 3177 840 3220 nos
863 3159 975 3219 seimus
997 3177 1015 3218 a
1037 3157 1165 3236 Keplero
1193 3161 1230 3217 11
1246 3155 1377 3217 Galilaea

149 3267 269 3327 demum
301 3268 432 3329 sublatas
464 3267 559 3329 esse³
609 3265 704 3342 Quare
732 3267 796 3345 jam
826 3266 940 3326 duobus
972 3265 1059 3326 annis
1090 3269 1176 3326 antea
1207 3263 1376 3342 Capernico,

259 3553 286 3622 1)
304 3551 398 3606 Prome
416 3551 482 3606 Urk.
502 3568 526 3622 p.
542 3551 595 3606 419
610 3567 646 3605 ss.

258 3659 285 3728 2)
304 3659 365 3728 Ipse
380 3659 510 3714 Rheticus
528 3658 556 3712 in
574 3657 694 3712 encomio
709 3656 852 3712 Borussiaa
872 3655 976 3724 (Prowe
990 3655 1018 3710 Π
1032 3655 1097 3710 Urh.
1112 3672 1138 3725 p.
1150 3655 1212 3725 375)
1232 3655 1309 3708 affert
1326 3654 1378 3708 hoc

150 3749 279 3802 Averrois
290 3748 434 3817 judicium:
453 3747 635 3824 ,astronomia
648 3745 794 3801 Ptolemaei
812 3745 878 3799 nihil
897 3747 938 3798 est
956 3744 983 3798 in
1001 3760 1073 3813 esse,
1093 3745 1141 3798 sad
1159 3749 1201 3798 ast
1219 3743 1378 3798 conveniens

151 3837 339 3906 computationi
357 3853 411 3892 non
428 3853 488 3892 esse
507 3840 552 3907 (=
566 3837 605 3891 sie
619 3835 766 3906 antspricht
779 3836 826 3889 der
840 3834 996 3904 Rechnung,
1015 3833 1090 3888 nicht
1103 3835 1164 3887 dem
1178 3832 1257 3902 Seia).
1285 3831 1378 3887 Prowe

151 3927 188 3996 (Ι,
208 3925 237 3994 2,
257 3925 323 3995 458,
347 3925 392 3981 ubi
411 3927 503 3981 eadem
522 3927 604 3980 verba
621 3925 710 3980 minus
728 3927 850 3979 accurate
869 3923 1048 3992 explicantur:
1072 3923 1124 3991 ,sie
1143 3922 1178 3977 ist
1196 3939 1245 3976 zur
1262 3921 1378 3976 Berech·

150 4032 224 4085 nung
249 4015 296 4070 des
319 4015 395 4070 nieht
418 4015 547 4070 Seienden
570 4015 716 4086 geeignet‘)
739 4015 811 4069 recta
835 4015 1038 4082 commemorat,
1062 4011 1294 4066 Melanchthonem
1316 4009 1380 4064 licet

150 4121 203 4158 uno
222 4105 280 4160 loeo
299 4107 427 4160 Averrois
442 4105 573 4174 judicium
592 4105 658 4159 illud
681 4104 868 4173 reprehendat,
891 4105 982 4158 tamen
1004 4102 1086 4156 altem
1109 4101 1195 4156 simile
1214 4099 1314 4171 aliquid
1331 4099 1379 4155 ad·

150 4194 263 4248 mittere.
302 4194 340 4249 Cf.
361 4193 434 4250 (111.
454 4193 524 4249 xm
541 4211 567 4264 p.
583 4194 635 4250 232
653 4210 715 4248 cum
733 4211 758 4263 p.
774 4193 835 4246 244.

258 4303 286 4372 3)
309 4301 340 4357 ln
363 4301 524 4371 praefatione
551 4317 633 4371 supra
655 4301 726 4356 dicta
752 4305 784 4355 at
810 4316 877 4370 ,non
899 4297 1065 4354 verisimilia*
1093 4297 1224 4368 significat
1250 4294 1381 4366 apieyclia

152 4391 249 4460 quibus
276 4392 357 4446 etiam
384 4391 544 4462 Capernicus
572 4407 662 4446 carere
689 4408 742 4445 non
769 4390 868 4460 potnit,
897 4388 1027 4458 ellipticas
1054 4387 1180 4442 nimirum
1206 4385 1380 4442 Planetarnm

151 4479 344 4551 revolutiones,
368 4482 401 4535 de
421 4481 518 4551 quibus
536 4479 620 4536 semel
638 4497 719 4550 penes
739 4496 768 4535 11
788 4479 950 4550 cogitaverat
968 4509 1002 4518 -
1022 4477 1054 4532 cf.
1070 4477 1163 4532 Prowa
1182 4477 1211 4546 Ι,
1224 4477 1253 4546 2,
1268 4477 1320 4532 457
1336 4505 1379 4544 -,

152 4569 312 4639 detegendas
331 4570 446 4640 Keplero
465 4569 595 4640 reliquit),
620 4570 705 4639 aptiae
724 4568 920 4640 inexplicabilia
938 4585 997 4624 esse
1016 4567 1080 4622 dicit
1098 4567 1280 4637 phaenomena
1298 4580 1379 4636 quae-

198 4677 407 4721 Schlettmanni
425 4677 527 4720 1111111111
540 4678 652 4720 redivivus
666 4676 694 4719 ll.
1203 4673 1221 4729 8
