3200 5032
728 305 820 364 Garun
839 307 883 363 Vl.
1320 359 1327 370 .
1367 309 1418 368 173

210 401 525 410 -ι-ι-κ--η-
530 403 760 411 --ι-ω-
1215 403 1417 412 ——————

198 528 261 600 jam
286 527 520 601 memoravimus,
548 527 604 602 ,sic
630 526 699 586 olim
727 527 914 602 evangelicae
937 527 1088 587 doctrinae
1116 533 1241 586 mustum
1269 533 1417 587 aversatos
1530 533 1535 542 '

202 647 269 690 esse
289 631 415 691 ludaeos
437 648 472 690 ac
502 633 657 690 novitatem
681 631 816 692 habuisse
844 633 981 706 invisam,
1004 650 1090 706 quum
1112 633 1210 707 potius
1233 631 1270 690 ad
1292 632 1416 706 priscam

202 740 377 794 vetustatem
398 733 643 796 revocarentur.‘¹
687 736 725 796 Se
749 737 843 810 ipsum
865 753 934 795 vcro
956 741 1157 810 perrecturum
1179 751 1244 794 esse
1264 733 1417 811 significat,

202 840 312 912 priscos
333 837 429 898 fcutes
450 839 515 898 illos
537 845 674 912 qnantum
696 841 785 912 possit
807 841 932 914 aperire.

293 944 356 1002 Nec
379 947 477 1002 tamen
499 942 573 1002 haec
596 943 638 1002 ita
658 942 733 1002 dixit
744 943 892 1018 Erasmus,
913 944 994 1018 qnasi
1017 943 1128 1002 omissis
1151 949 1182 1004 et
1202 944 1306 1017 spretis
1327 945 1419 1002 omni·

202 1047 274 1123 bus,
295 1063 484 1121 quaecunque
507 1051 552 1106 tot
574 1047 809 1122 interpositorum
832 1049 993 1108 seculorum
1016 1048 1155 1107 decursos
1177 1047 1330 1122 attulerat,
1352 1063 1418 1107 suos

202 1152 343 1224 aequales
364 1151 403 1210 ad
429 1152 604 1210 veterrimae
635 1151 779 1210 ecclesiae
810 1153 959 1225 exemplar
991 1153 1152 1211 imitatione
1181 1167 1297 1225 prorsus
1322 1153 1419 1225 expri-

203 1256 340 1315 mendum
370 1261 401 1315 et
430 1254 638 1329 quodammodo
669 1254 833 1315 iterandum
869 1263 1044 1315 revocasset
1095 1255 1244 1328 Ejusmodi
1275 1257 1416 1314 somnium

203 1359 374 1433 dispellens:
398 1359 505 1434 ,Quum
529 1358 673 1434 ecclesia‘
695 1359 804 1434 iuquit,
828 1358 1080 1433 ,quemadmodum
1101 1376 1149 1418 res
1172 1365 1289 1418 ceterae
1312 1365 1419 1419 morta·

203 1465 276 1522 lium
303 1480 418 1538 omnes,
445 1463 553 1523 haheat
579 1463 756 1538 rudimenta,
786 1480 954 1538 progressus
982 1469 1013 1523 et
1042 1479 1194 1538 summam,
1224 1480 1300 1522 nunc
1322 1464 1417 1522 subito

204 1569 286 1628 illam
305 1567 342 1627 ad
364 1567 522 1640 primordia
544 1584 681 1628 revocare
704 1569 795 1628 nihilo
818 1570 857 1628 sit
876 1567 1047 1642 absurdius,
1065 1583 1152 1640 quam
1174 1568 1266 1628 virum
1290 1567 1419 1628 adultum

205 1672 244 1732 ad
266 1687 356 1730 cunas
378 1677 408 1732 et
429 1671 581 1730 infantiam
603 1672 678 1731 velle
700 1669 843 1732 redire.‘’
880 1672 1065 1744 Quarundam
1089 1689 1186 1732 rerum
1210 1673 1420 1732 ecclesiastica-

204 1795 272 1836 rum
291 1776 490 1836 coudiciouem
512 1777 679 1850 meliorem,
702 1775 877 1853 digniorem,
899 1776 1105 1852 perfectiorem
1131 1793 1216 1850 quarn
1237 1777 1321 1836 initio
1342 1795 1420 1837 nuuc

193 1892 288 1954 'esse,
320 1897 414 1954 neque
453 1880 528 1954 quod
557 1880 595 1939 ad
628 1879 803 1940 christianae
837 1882 969 1942 veritatis
999 1882 1273 1957 pervestigationem
1305 1882 1419 1954 attinet,

206 1985 450 2045 excellentissima
469 1985 602 2059 ingenia,
625 1984 722 2044 divino
744 1986 848 2059 spiritu
871 1985 985 2060 adjuta,
1008 1987 1116 2046 huatra
1135 2003 1190 2059 per
1210 1985 1307 2045 omnia
1321 1986 1420 2044 recma

205 2089 367 2164 laborasse,
388 2089 504 2163 saepius
527 2087 655 2148 adnotat.
699 2089 795 2161 Quare
816 2106 874 2148 nou
895 2091 988 2148 minas
1010 2107 1127 2163 operam
1149 2089 1208 2164 dat,
1228 2095 1261 2148 ut
1283 2087 1420 2162 quidquid

206 2209 276 2254 rere
296 2194 364 2252 boni
386 2194 511 2252 ecclesia
532 2192 662 2268 possidet
682 2200 878 2269 conservetur,
900 2210 984 2266 quam
1009 2198 1041 2252 ut
1055 2193 1191 2266 quidquid
1213 2194 1282 2253 mali
1302 2194 1420 2268 irrepsit

206 2303 398 2358 removeatur.
456 2298 611 2372 Utriusque
644 2299 688 2358 rei
719 2299 907 2358 certissimam
939 2299 1068 2372 regulam
1100 2299 1258 2370 proclamat
1293 2297 1420 2357 divinam

207 2402 387 2476 scripturam.
439 2401 498 2464 Sed
526 2418 561 2460 ea
587 2408 619 2460 ut
648 2407 729 2462 recte
761 2402 936 2462 adhibeatur
966 2401 1003 2460 ad
1032 2400 1209 2476 sejungeuda
1237 2401 1267 2460 in
1295 2401 1421 2462 ecelesia

206 2507 285 2564 male
317 2522 336 2564 a
367 2505 468 2580 bonis,
501 2505 636 2578 quoniam
671 2513 792 2580 utraque
823 2507 896 2566 mire
930 2522 1019 2580 saepe
1053 2505 1195 2579 permixta
1228 2505 1299 2580 siut,
1332 2505 1420 2564 uuida

205 2609 332 2668 omnium
353 2609 467 2683 piorum
489 2614 520 2668 et
542 2610 720 2670 eruditorum
741 2610 888 2670 homiuum
918 2610 1028 2670 viribus
1050 2627 1121 2684 opus
1145 2625 1209 2668 esse
1227 2608 1349 2684 iudicat.
1393 2611 1420 2669 A

206 2714 302 2773 multis
326 2714 402 2772 enim
426 2714 457 2772 in
478 2713 609 2773 ffirersas
631 2720 730 2787 partes
749 2716 875 2789 peccari.
919 2714 1181 2789 Alios„mordicus
1202 2719 1303 2774 vetera
1324 2716 1421 2774 omnia

205 2819 351 2892 retinere,
380 2835 476 2891 neque
503 2818 659 2892 quidquam
687 2836 786 2879 eorum
813 2821 920 2878 mutari
950 2819 1042 2894 velle,
1075 2836 1150 2892 quae
1172 2835 1326 2892 perperam
1347 2821 1420 2880 irre·

205 2924 318 2996 pserint
347 2923 379 2980 in
409 2922 563 2981 ecclesiam
590 2927 621 2982 et
647 2923 723 2983 uude
752 2930 863 2984 scateat
886 2923 1044 2998 praecipua
1067 2923 1218 2982 christiani
1241 2924 1338 2998 populi
1359 2941 1422 2983 cor-

205 3027 338 3101 ruptela‘
383 3026 464 3086 Alios
486 3027 561 3086 talea
584 3044 663 3102 esse,
685 3031 719 3086 ut
736 3029 873 3088 libertate
897 3028 1066 3102 evangelica
1085 3019 1184 3106 (qaam
1205 3026 1418 3100 agnoscendam

206 3132 292 3192 toties
326 3131 388 3204 ipse
432 3131 468 3190 ab
503 3131 645 3190 ecclesiae
680 3131 857 3205 principibus
890 3123 1101 3209 postulaverat)
1134 3129 1221 3188 facile
1255 3129 1420 3188 abutantur.

207 3235 337 3310 ,Nullam
360 3235 476 3308 quidem
504 3233 598 3294 adhuc
617 3240 747 3294 exortam
771 3251 834 3294 esse
857 3238 979 3302 sectam,
1011 3231 1145 3306 quaeda
1169 3231 1284 3291 Christo
1306 3232 1422 3306 praedi-

207 3345 256 3398 cet
276 3340 382 3413 impie;
403 3339 502 3398 multis
524 3343 623 3398 tamen
645 3339 812 3412 opinionum
834 3337 958 3396 tumultu
978 3335 1048 3396 addi
1062 3337 1182 3410 animos,
1206 3341 1239 3396 ut
1252 3336 1350 3396 ausint
1364 3353 1422 3396 non

207 3449 320 3503 tautum
347 3443 383 3502 de
407 3441 515 3502 Christi
545 3442 642 3502 diviua
672 3447 777 3502 natura
798 3441 914 3516 oblique
937 3441 1028 3516 loqui,
1055 3458 1153 3501 verum
1186 3442 1274 3500 etiam
1296 3440 1333 3502 de
1353 3442 1424 3500 scri·

208 3553 310 3621 pturae
344 3547 433 3606 totius
467 3547 640 3606 auctoritate
671 3547 814 3606 dubitare.
872 3546 918 3605 Ita
946 3542 1011 3605 fieri
1045 3547 1153 3606 solere:
1187 3547 1301 3620 quoties
1331 3545 1422 3606 semel

209 3649 336 3710 effractis
358 3651 507 3725 repagulis
530 3667 594 3710 sese
623 3651 653 3708 iu
677 3652 814 3710 licentiae
838 3667 970 3724 campum
997 3648 1132 3710 effuderit
1161 3649 1307 3710 bominum
1333 3655 1424 3710 teme·

208 3754 288 3829 ritas,
311 3755 420 3814 nullum
443 3771 508 3814 eam
530 3753 630 3816 faeere
651 3755 814 3815 insaniendi
829 3753 924 3830 finem,
948 3755 1041 3815 donec
1059 3755 1155 3815 omnia
1177 3772 1273 3814 secum
1296 3753 1423 3812 involvat

212 3857 320 3918 exitio‘

294 3963 397 4038 itaque
421 3963 559 4024 munus
585 3961 815 4037 reformationis,
846 3977 903 4035 qua
926 3963 1052 4022 eeclesia
1078 3961 1199 4037 egebat,
1226 3967 1286 4018 tam
1307 3958 1422 4032 magni-

208 4065 338 4128 tudinem
368 4084 453 4142 quam
480 4067 681 4128 difficultatem
702 4065 911 4141 perspiciebat,
941 4067 997 4124 etsi
1017 4071 1169 4138 utramque
1191 4080 1258 4122 aues
1287 4063 1422 4123 aliorum·

208 4189 264 4244 que
298 4174 397 4233 oeulos
430 4173 527 4234 celare
559 4171 707 4232 interdum
743 4175 862 4230 conatus
895 4175 949 4230 est
994 4169 1106 4228 Eodem
1139 4185 1256 4242 semper
1286 4173 1423 4226 manente

208 4277 352 4338 ecclesiae
389 4284 511 4338 aeterno
554 4284 642 4352 atque
662 4273 855 4335 immutabili
894 4274 1101 4348 fundamento,
1135 4277 1233 4332 tamen
1264 4287 1300 4330 ex
1333 4270 1421 4329 rebus

208 4384 413 4456 superstructis
435 4383 541 4442 multas
562 4401 620 4442 non
639 4387 751 4441 tautum
775 4386 909 4440 externas
931 4379 983 4439 sed
1007 4381 1096 4439 etiam
1118 4379 1249 4436 internas
1270 4374 1421 4434 mutandas

298 4599 323 4672 ι)
342 4599 410 4667 upp.
430 4597 535 4666 xxix,
556 4608 596 4654 rr.
704 4601 730 4670 n)
750 4601 817 4667 opp.
839 4595 891 4666 rx,
912 4601 987 4652 ruer.
