3194 5042
650 274 737 329 Carur
755 274 802 328 Vl.
1287 278 1341 331 173

89 474 307 551 conspexerit
352 474 391 534 Et
417 475 513 552 magis
541 475 721 551 mirandum,
751 476 829 553 quod
857 481 891 535 ut
918 476 977 535 hos
999 495 1107 537 naevos
1134 477 1197 536 orbi
1219 479 1343 554 posthae

93 581 266 656 indicaret,
300 580 497 642 Thomisticae
529 583 645 642 cuidam
677 583 856 658 academiae,
888 601 979 661 quam
1010 583 1121 644 Romae
1151 584 1342 646 instituturus

95 693 185 763 erat,
213 688 375 767 reliquerit.
423 689 517 766 Cujus
540 690 634 748 futuri
657 690 785 764 sodales,
814 691 840 750 si
863 691 999 752 acumine
1021 696 1052 751 et
1077 691 1197 768 ingenio
1220 692 1341 769 pollent,

98 796 235 856 fortasse
254 795 383 856 Thomas
400 796 620 874 philosophiam
638 798 760 874 majore,
782 817 871 876 quam
890 799 971 876 Papa
988 798 1125 873 credidit,
1144 801 1244 859 morbo
1262 799 1341 860 labo-

98 921 173 962 rare
201 903 365 963 ostendent.
423 903 483 964 Cur
514 905 607 981 igitur
633 904 693 964 Leo
725 923 834 965 naevos
866 905 948 979 illos,
981 924 1056 983 quos
1088 906 1153 983 ipse
1184 907 1341 968 adhaerere

99 1009 240 1070 Thomas
258 1011 416 1086 concessit,
438 1012 605 1072 accuratius
626 1031 686 1072 non
707 1011 860 1072 definivit?
905 1010 1024 1090 Optima
1042 1013 1155 1074 occasio
1178 1014 1237 1092 ipsi
1254 1015 1341 1075 daba-

100 1121 170 1192 tur,
208 1135 267 1195 qua
298 1118 442 1179 divinitus
473 1124 609 1179 vocatum
642 1119 732 1180 etiam
763 1120 969 1198 philosophiae
1000 1121 1147 1182 doctorem
1184 1123 1341 1182 admiranti

102 1225 221 1285 mundo
244 1243 277 1286 se
299 1227 458 1303 praeberet

217 1332 253 1392 Id
276 1331 302 1393 si
324 1333 434 1410 posteri
462 1333 494 1393 in
517 1334 642 1411 epistola
664 1335 729 1412 ejus
752 1334 957 1412 philosophica
982 1335 1049 1412 jure
1071 1336 1237 1397 desiderare
1259 1341 1340 1415 pote-

102 1445 193 1515 runt,
221 1441 279 1500 alia
302 1443 445 1518 quaedam
468 1442 618 1519 superflua
640 1442 740 1502 minus
763 1443 924 1520 prudenter
944 1442 1056 1504 inserta
1078 1443 1124 1502 illi
1147 1461 1214 1504 esse
1239 1461 1340 1504 cense-

106 1547 194 1607 bunt.
239 1548 359 1608 Referta
380 1549 523 1608 nimirum
544 1527 597 1609 illa
620 1554 666 1610 est
688 1550 777 1610 variis
798 1549 996 1610 Themisticae
1018 1551 1167 1611 doctrinae
1189 1552 1339 1628 encomiis,

107 1673 188 1731 quae
206 1655 294 1715 etiam
312 1656 462 1716 benevolis
481 1656 651 1732 lectoribus,
671 1657 829 1718 dummodo
847 1663 957 1718 attente
975 1659 1064 1718 verba
1082 1658 1339 1735 consideraverint,

108 1767 140 1820 et
158 1762 264 1822 talium
284 1763 405 1823 laudum
423 1764 591 1840 relatorem,
614 1769 644 1824 et
665 1783 729 1825 rem
751 1765 901 1826 laudatam
919 1766 951 1825 in
976 1766 1176 1843 suspicionem
1193 1767 1341 1827 adducant

107 1887 233 1930 necesse
255 1877 309 1931 est.
357 1871 449 1948 Cujus
467 1872 511 1932 rei
530 1872 666 1950 exempla
685 1873 828 1950 quaedam
850 1875 978 1933 afferam.
1025 1873 1218 1952 Summopere
1239 1873 1341 1934 laudat

107 1977 192 2055 Papa
214 1978 316 2055 plures
335 1977 480 2039 Ordinum
502 1980 708 2058 religiosorum
729 1981 895 2040 conditores
918 1986 947 2042 et
969 1981 1120 2058 legitema,
1144 1981 1223 2060 quod
1242 1983 1339 2058 jusse-

108 2085 171 2144 rint
203 2086 318 2146 sodales
350 2105 419 2147 suos
450 2087 640 2148 Themisticis
667 2087 808 2148 doctrinis
836 2089 956 2148 haerere
983 2093 1013 2148 et
1045 2089 1188 2164 caverint,
1220 2107 1258 2149 ne
1290 2090 1338 2148 oui

108 2193 213 2253 liceret
243 2195 291 2254 vel
321 2195 478 2254 minimum
509 2197 546 2255 ab
573 2196 634 2256 illis
666 2196 824 2256 discedere.
877 2194 994 2255 Omittit
1025 2196 1103 2256 inter
1129 2196 1338 2256 Franciscanos

108 2307 231 2360 cautum
258 2320 336 2377 esse,
367 2321 406 2362 ne
433 2303 502 2380 quis
526 2323 544 2362 a
566 2303 652 2363 Duns
675 2303 755 2363 Scoti
782 2303 913 2380 placitis,
946 2303 1075 2364 Thomae
1101 2304 1258 2381 oppositis,
1289 2304 1339 2363 vel

109 2408 265 2485 paululum
293 2409 468 2470 deflecteret.
514 2409 599 2486 Quod
622 2410 712 2471 Curia
738 2416 799 2470 tam
822 2428 927 2487 graves
954 2411 1127 2487 opinionum
1152 2411 1338 2471 diversitates

109 2516 182 2575 olim
208 2517 361 2592 tolerabat,
392 2517 540 2578 laudabile
567 2523 642 2595 erat;
676 2519 755 2596 quod
782 2517 835 2578 illa
865 2537 925 2578 non
954 2517 1146 2596 impediebat,
1178 2519 1338 2596 quominus

110 2624 242 2684 diversae
260 2625 413 2702 opiniones
430 2625 462 2684 in
480 2625 606 2686 diversis
625 2623 785 2686 Ordinibus
804 2626 982 2686 monasticae
1004 2625 1179 2703 disciplinae
1201 2631 1231 2686 et
1253 2627 1338 2686 oboe-

110 2731 237 2790 dientiae
259 2749 328 2809 pars
349 2738 461 2808 essent,
485 2733 701 2811 vituperatione
718 2733 936 2810 dignissimum.
982 2733 1075 2793 leoni
1094 2733 1177 2797 XHI.
1200 2733 1339 2795 Pontifici

110 2857 178 2899 vero
211 2839 337 2899 stultum
364 2858 430 2900 esse
457 2840 587 2915 videtur,
615 2840 641 2900 si
669 2841 737 2919 quis
765 2842 830 2901 sine
856 2841 1054 2902 conscientiae
1081 2841 1216 2902 libertate
1238 2859 1338 2901 veram

110 2947 171 3005 veri
193 2946 388 3024 cognitionem
412 2966 471 3007 non
494 2948 558 3008 dari
580 2949 744 3026 contendit;
771 2949 848 3008 nihil
870 2949 958 3009 laude
980 2949 1100 3025 dignius
1123 2953 1225 3009 censet
1247 2967 1337 3026 quam

112 3055 137 3114 si
159 3053 356 3116 'ihomisticae
379 3057 556 3132 sententiae,
584 3057 695 3134 quippe
718 3073 793 3133 quae
820 3056 880 3134 ipsi
902 3055 1062 3130 arrideant,
1089 3055 1238 3116 Pontificii
1260 3056 1336 3131 regi-

111 3161 198 3221 minis
225 3180 294 3240 pars
320 3163 401 3222 fiant
447 3162 544 3238 Quare
570 3168 614 3224 tot
637 3162 766 3222 'ihomas
793 3162 968 3240 alogiorum,
995 3163 1090 3223 veluti
1117 3161 1271 3222 cumulum
1297 3179 1336 3221 ex
1391 3179 1401 3200 ¹

112 3269 208 3329 seculo
236 3275 339 3348 quarto
363 3275 392 3330 et
419 3271 533 3331 decimo
556 3271 722 3330 iunocentii
746 3271 893 3348 judicium
918 3271 1015 3344 affert,
1044 3269 1094 3348 qui
1118 3269 1207 3346 hujus
1230 3269 1336 3330 deotri-

111 3395 176 3435 nam
198 3395 268 3454 prae
286 3379 405 3454 eetems,
429 3383 565 3456 ,excepta
583 3378 751 3454 oanonica‘,
773 3377 959 3438 verissimam
977 3395 1043 3438 esse
1065 3377 1122 3451 ait,
1144 3377 1186 3436 ita
1204 3381 1238 3436 ut
1260 3395 1335 3435 nun-

112 3503 209 3562 quam,
237 3485 290 3563 qui
312 3503 376 3546 eam
398 3485 560 3561 tenuerint,
588 3485 777 3546 inveniantur
798 3504 816 3544 a
838 3485 970 3544 veritatis
993 3485 1111 3544 tramite
1133 3483 1278 3559 deviasse,
1306 3491 1336 3544 et

112 3592 160 3668 qui
186 3611 251 3652 eam
278 3593 496 3671 impugnaverit
524 3611 641 3671 semper
667 3593 758 3653 fuerit
784 3592 821 3652 de
847 3591 971 3652 veritate
1003 3595 1180 3669 suspectus.‘
1230 3591 1336 3652 Nonne

113 3699 188 3760 videt
209 3700 302 3778 Papa,
335 3719 368 3760 se
394 3701 485 3778 hujus
512 3701 746 3778 praedecessoris
773 3718 929 3761 censuram
956 3700 1119 3775 incurrere,
1152 3718 1243 3777 quum
1271 3699 1336 3776 ipse

113 3825 215 3867 naevos
242 3809 384 3886 quosdam
411 3809 443 3868 in
469 3808 598 3870 Thomas
625 3785 757 3870 doctrina
782 3811 941 3886 agnoscat?
982 3807 1062 3866 Num
1089 3807 1168 3882 fugit
1194 3824 1263 3866 eum
1290 3807 1335 3865 in-

113 3914 333 3991 considerantia,
356 3935 415 3995 qua
432 3917 510 3978 inter
530 3917 766 3977 antedecessores
785 3934 855 3976 suos
874 3933 1061 3992 summopere
1078 3913 1335 3992 reprehendendos

114 4041 158 4083 eos
184 4022 325 4100 declarat,
357 4025 409 4103 qui
436 4029 537 4085 contra
563 4025 653 4084 latam
682 4023 848 4084 Innocentii
875 4023 958 4083 illius
986 4023 1162 4082 sententiam
1191 4019 1334 4095 Scotistis,

114 4136 143 4190 ut
167 4130 266 4190 divum
294 4131 473 4211 Aquinatem
500 4133 721 4211 impugnarent,
749 4131 966 4209 permiserunt?
1012 4129 1072 4190 Sed
1098 4129 1164 4205 ipse
1190 4127 1334 4188 contradi-

114 4237 212 4298 ctionis
234 4239 428 4317 principium,
461 4241 539 4318 quod
561 4241 658 4317 ajunt,
686 4240 776 4300 etiam
797 4239 865 4299 aliis
893 4237 1035 4316 epistolae
1066 4235 1233 4312 encyclicae
1259 4234 1334 4294 locis

114 4345 185 4405 baud
207 4346 280 4406 satis
302 4347 481 4425 ponderasse
502 4347 578 4406 mibi
599 4347 725 4407 videtin.

212 4453 333 4514 Talibus
351 4471 420 4514 vero
438 4453 555 4514 delictis
573 4453 679 4531 logicis
697 4454 813 4532 turpior
830 4451 971 4530 epistolae
989 4451 1073 4512 iilius
1091 4449 1208 4511 macula
1224 4448 1257 4508 id
1278 4453 1333 4524 est,

115 4560 184 4640 quod
212 4561 337 4640 scriptor
364 4581 403 4623 ex
430 4561 565 4640 squalido
593 4561 721 4658 quodam
750 4561 831 4622 fonte
857 4559 948 4620 nimis
975 4559 1150 4620 festinanter
1172 4575 1207 4619 ac
1228 4556 1334 4619 leviter
