3156 5056
657 299 748 352 Ourna
765 299 798 352 X.
1240 353 1243 358 ,
1279 299 1331 355 249

103 516 253 592 ponderis
284 517 447 578 habebatur
469 519 617 591 negotium
639 519 851 589 Lutheranum3
882 517 980 590 erant,
1010 516 1059 590 qui
1087 515 1124 574 de
1151 515 1204 575 hoc
1231 516 1332 589 aeqius

101 623 296 695 judicarent,
319 622 405 680 etiam
422 623 502 681 inter
515 623 593 697 ipsos
612 623 833 696 jurisconsultos
847 619 1031 694 Pontificius,
1053 625 1191 694 quantum
1206 621 1331 694 deniqne

107 727 195 801 apud
217 727 311 800 ipsum
331 726 461 785 Leonem
473 727 510 785 X.
546 727 684 786 Erasmus
706 727 801 786 adhuc
817 726 941 785 valuerit
956 725 1228 799 demonstravimns3
1253 724 1331 798 quid,

106 832 138 890 si
175 831 348 890 accessisset
387 830 555 904 gravissima
589 829 723 890 Caesaris
760 831 992 890 commendatio?
1043 829 1088 888 Ex
1121 829 1215 888 altera
1247 835 1330 903 parte

106 935 261 994 Lutherns
283 935 410 994 nondum
432 935 516 995 sicuti
537 941 641 1009 postea
660 935 835 995 necessitate
859 941 974 994 coactns
995 935 1077 1008 quasi
1093 933 1216 992 dictator
1238 951 1330 993 novae

109 1038 266 1115 enjusdam
289 1056 324 1099 ac
346 1040 457 1099 liberae
480 1041 657 1115 reipublicae
681 1041 856 1100 christianae
880 1041 940 1099 sive
953 1056 1054 1098 ,novae
1077 1038 1219 1099 ecclesiae
1244 1038 1330 1096 exsti·

107 1149 211 1217 terat,
230 1145 291 1217 jam
311 1149 372 1202 tum
385 1144 516 1219 qudem,
535 1151 568 1204 ut
583 1141 615 1203 fit
630 1147 708 1204 luter
722 1145 873 1220 mortales,
897 1149 980 1204 erant
995 1144 1043 1217 qui
1061 1144 1212 1217 asingulis
1235 1144 1330 1216 magni

106 1249 172 1306 viri
194 1249 348 1308 sententiis
368 1249 476 1324 magis,
499 1266 584 1323 qnam
606 1249 729 1309 decebat
751 1249 944 1322 Christianos,
967 1247 1146 1322 penderent,
1169 1246 1220 1306 sed
1243 1249 1330 1306 etiam

107 1352 295 1427 Vitebergae
317 1352 389 1411 nihil
412 1353 505 1412 adhuc
527 1355 557 1412 in
572 1354 674 1413 ritibus
690 1359 721 1413 et
735 1353 917 1413 caerimoniis
933 1352 1077 1412 ecclesiae
1096 1356 1236 1411 mutatum
1253 1357 1331 1425 erat,

107 1474 211 1532 neque
244 1455 281 1516 do
314 1472 388 1516 nova
420 1456 542 1530 quadam
581 1458 798 1518 emendatorum
831 1451 997 1531 dogmatum
1032 1457 1109 1516 serie
1143 1456 1331 1515 communiter

110 1562 247 1622 tenenda
270 1561 459 1634 cogitabatur.
504 1562 590 1620 Multi
610 1578 679 1622 vero
700 1563 743 1636 pii
765 1568 852 1635 atque
875 1560 981 1622 eruditi
1001 1561 1055 1619 viri
1071 1577 1128 1619 non
1143 1560 1230 1620 aliter
1245 1565 1331 1634 atquc

108 1681 224 1740 magna
244 1666 344 1740 populi
364 1682 432 1740 pars
452 1665 614 1726 Lutherum
636 1667 848 1741 suspiciebant,
869 1667 975 1740 quippe
995 1667 1044 1739 qni
1066 1665 1185 1724 verbum
1205 1664 1332 1723 divinum

108 1775 251 1842 potenter
272 1769 457 1844 praedicaret
479 1775 567 1845 atque
589 1771 755 1846 reparanda
778 1771 920 1830 ecclesiae
935 1771 1042 1830 damna
1060 1769 1199 1828 audacter
1213 1769 1331 1828 demon-

109 1879 242 1948 straret3
263 1873 355 1946 ipsam
377 1876 473 1948 legum
497 1875 639 1934 ecclesiae
662 1880 693 1934 et
708 1874 859 1934 doctrinae
874 1873 1110 1934 reformationem
1129 1889 1193 1931 oum
1209 1872 1331 1932 Erasmo

108 1994 175 2036 nou
212 1994 231 2036 a
265 1979 377 2050 singulo
411 1978 543 2053 homine,
577 1979 629 2038 sed
662 1981 698 2038 ab
730 1979 818 2039 unitis
848 1979 972 2052 plurium
1003 1975 1163 2050 laboribus,
1200 1976 1333 2051 inprimis

110 2098 133 2140 a
150 2081 274 2140 concilio
289 2082 420 2156 generali
436 2082 652 2156 exspectabant
691 2083 717 2142 Α
740 2101 797 2156 quo
820 2083 942 2142 concilio
960 2081 1194 2141 reformationem
1217 2082 1332 2139 univer·

111 2185 209 2246 salem
237 2187 326 2246 etiam
349 2184 492 2260 Georgius
514 2187 578 2246 Dux
610 2188 717 2261 aliique
746 2186 966 2260 desiderabant,
996 2187 1046 2260 qui
1068 2202 1087 2244 a
1108 2185 1237 2244 Luthero
1261 2186 1332 2244 satis

110 2290 205 2348 alieni
233 2291 270 2349 ad
299 2290 452 2350 Erasmnm
481 2292 572 2365 magis
602 2293 731 2350 minusve
761 2291 896 2364 propensi
929 2295 1021 2348 erant
1065 2290 1151 2348 Multi
1182 2291 1224 2364 id,
1255 2291 1332 2364 quod

111 2396 232 2469 utrique
254 2396 316 2454 viro
339 2402 582 2470 commeruerat,
606 2395 868 2469 amplectebantur,
892 2395 1058 2454 dubitantes
1074 2394 1110 2453 de
1125 2395 1205 2469 aliis,
1228 2395 1332 2467 quibus

113 2501 243 2558 alterum
272 2499 309 2558 ab
340 2499 433 2559 altero
454 2499 573 2558 differre
592 2500 805 2574 praesagiente
827 2499 923 2573 potius
943 2499 1038 2557 auimo
1060 2499 1225 2557 sentiebant
1247 2515 1332 2571 quam

113 2605 198 2663 clare
223 2603 441 2677 intellegebant.
492 2604 637 2663 Lutherus
659 2603 797 2662 nonnulla
820 2621 851 2662 se
875 2603 960 2661 nimis
980 2602 1124 2661 violenter
1145 2602 1252 2662 dixisse
1274 2620 1332 2661 non

113 2709 259 2784 negabat,
294 2709 325 2766 in
354 2708 474 2781 singulis
503 2725 534 2767 se
564 2709 628 2782 ipse
658 2709 773 2782 saepius
803 2709 943 2781 correxit,
975 2708 1005 2766 in
1034 2707 1114 2782 aliis,
1145 2708 1227 2765 sier
1250 2723 1333 2766 sacra

113 2814 261 2886 scriptura
285 2812 332 2871 vel
349 2829 384 2871 en
405 2813 518 2872 ratiorm
533 2813 664 2872 conduci
685 2818 792 2887 posset,
808 2812 913 2872 cedere
933 2817 1052 2886 paratus
1068 2817 1140 2870 erat.
1177 2810 1212 2869 Id
1227 2828 1333 2884 urgens

112 2916 284 2978 Fridericne
307 2915 427 2975 Elector
454 2923 486 2976 et
508 2916 626 2976 Caesari
649 2922 680 2976 et
702 2916 801 2991 Papae
832 2917 961 2991 scripsit,
992 2933 1024 2975 se
1047 2932 1193 2988 nunquam
1217 2916 1247 2974 in
1270 2916 1333 2974 ani-

113 3039 195 3081 mum
215 3022 361 3082 induxisse
383 3026 416 3080 ut
437 3022 559 3080 Martini
580 3022 670 3082 libros
692 3028 724 3082 et
745 3023 898 3081 conciones
921 3022 984 3095 ipse
1006 3019 1195 3093 detenderet3
1218 3019 1248 3077 id
1271 3026 1334 3077 tan-

113 3135 180 3185 tum
202 3141 234 3184 se
256 3141 388 3200 rogasse,
411 3132 444 3185 nt
462 3141 481 3184 a
497 3125 623 3186 decretis
642 3131 744 3184 corma
758 3125 918 3184 Lutherum
936 3124 1146 3198 abstineretur,
1166 3124 1332 3196 priusquam

113 3231 155 3289 de
178 3229 301 3290 veritate
323 3234 374 3288 aut
397 3247 510 3304 errore,
538 3231 588 3304 qui
610 3230 653 3288 illi
676 3231 882 3304 imputaretur,
911 3229 947 3288 ab
970 3228 1082 3288 idoneis
1105 3227 1176 3286 viris
1197 3227 1332 3300 religiose

115 3333 265 3408 cognitum
286 3339 373 3394 esset
411 3333 476 3392 Hoc
492 3351 619 3406 consque
640 3331 747 3392 lactum
763 3350 820 3392 non
837 3349 917 3405 esse,
940 3334 1027 3391 immo
1050 3331 1232 3391 adversarios
1254 3330 1334 3389 nnllo

110 3441 182 3512 jure
205 3438 302 3496 omnia
320 3437 352 3496 in
370 3437 513 3511 Lnthero,
537 3437 626 3496 etiam
645 3437 891 3510 praeclarissima,
913 3436 1106 3496 condemnare
1128 3441 1159 3494 et
1180 3436 1334 3509 exsecrari,
1445 3449 1447 3454 ·

114 3539 284 3600 Friden'cns
320 3558 386 3601 cnm
422 3542 481 3601 snis
516 3541 766 3615 persuasissimum
797 3541 933 3600 habebat.
994 3540 1057 3612 Qua
1086 3541 1117 3598 in
1146 3557 1181 3600 re
1206 3541 1334 3600 Saxones

116 3645 207 3704 etiam
244 3645 358 3704 Eraami
401 3647 566 3706 auctoritati
599 3647 712 3705 innixos
747 3661 826 3720 esse,
866 3643 1014 3704 Aloander
1052 3650 1188 3718 expertus
1226 3642 1333 3716 refert,

115 3749 223 3808 scimus
238 3749 361 3809 Lutheri
382 3751 490 3810 amicos
513 3751 666 3824 splendida
682 3751 797 3810 Erasmi
819 3749 856 3809 de
879 3750 930 3808 illo
952 3749 1120 3808 testimonia
1142 3749 1212 3806 satis
1235 3749 1334 3806 immo-

115 3853 215 3926 deste,
243 3854 324 3914 laeso
345 3855 411 3928 plns
430 3855 521 3913 semel
544 3855 731 3928 epistolarum
753 3859 880 3926 secreto,
904 3853 1085 3927 publicasse;
1116 3857 1253 3925 quautam
1275 3850 1333 3908 vim

114 3957 283 4017 testimonia
304 3959 356 4017 illa
376 3959 407 4017 in
428 3959 590 4033 sapientem
605 3958 773 4017 Electorcm
790 3959 988 4032 exercuerint,
1011 3973 1062 4016 suo
1084 3957 1147 4014 loeo
1170 3955 1333 4013 accuratius

116 4063 308 4122 narrabimus.
367 4063 472 4136 Neque
496 4063 583 4122 aliter
611 4064 693 4122 uobis
724 4063 761 4122 de
784 4063 902 4122 summis
921 4062 1017 4122 Caroli
1040 4059 1214 4120 consiliariis
1237 4057 1335 4117 dicen-

116 4166 262 4241 domest,
286 4167 322 4226 da
346 4167 467 4243 Cevrio,
490 4166 663 4242 Gattinario,
687 4167 878 4241 Poutingero‚
904 4168 952 4241 qui
969 4183 1081 4241 omnes,
1109 4181 1195 4239 quum
1211 4163 1334 4223 Erasmo

117 4271 269 4330 admodum
292 4271 439 4346 laverant,
462 4271 500 4330 ad
522 4272 683 4331 sententias
706 4273 769 4344 ejus
792 4269 997 4344 aliquomodo
1019 4269 1207 4329 inclinabant.
1252 4265 1334 4338 Quod

117 4391 176 4434 nna
203 4392 267 4434 oum
299 4375 365 4434 aliis
394 4391 464 4435 sane
493 4373 580 4435 rebus
615 4393 666 4434 eos
692 4374 834 4450 perpulit,
871 4380 902 4434 ut
928 4374 1046 4434 Caesari
1079 4379 1212 4432 auctores
1236 4373 1335 4430 esseut

118 4479 286 4540 arcessendi
321 4485 351 4541 et
386 4479 523 4540 audendi
555 4479 687 4540 Lutheri.
770 4480 919 4539 Interdum
959 4485 1127 4540 terruerunt
1159 4477 1202 4536 illi
1227 4473 1334 4534 Aloan-

126 4583 210 4647 drum
232 4584 376 4664 dicentes,
403 4586 459 4648 sibi
482 4591 524 4645 tot
547 4590 701 4662 tantasque
723 4602 785 4660 res,
806 4589 865 4648 tum
889 4583 1003 4646 diverse
1027 4600 1045 4646 a
1066 4581 1189 4642 diversis
1210 4578 1340 4657 partibus
