3176 5064
678 302 766 356 Garun
781 302 801 354 l.
1336 303 1354 356 9

119 503 353 578 praefocaretur,
381 503 485 564 nullus
512 505 637 564 eturba
659 505 832 564 acclamavit
854 523 962 564 nomen
984 505 1069 578 lesu,
1097 505 1175 582 quod
1199 504 1354 581 parricidis

120 610 214 670 etiarn
241 630 276 672 ao
304 607 456 688 sdruilegis
483 612 637 672 acclamari
662 611 744 672 solet.
791 612 841 672 Sic
863 613 995 672 omnium
1018 611 1133 672 animos
1157 612 1189 670 irr
1211 630 1278 671 eum
1302 631 1354 672 err-

120 718 262 792 citarant,
286 719 337 796 qui
359 737 508 797 nusquam
530 738 589 780 non
612 721 721 780 adsunt
738 725 769 780 et
786 721 863 780 nihil
882 739 942 780 non
961 726 1087 797 possunt
1104 721 1184 797 apud
1203 719 1355 796 simplices

121 832 155 885 et
177 827 337 903 imperitos.
382 827 439 887 Eat
461 846 542 886 nunc
564 828 616 905 qui
639 828 718 888 volet
741 833 771 887 et
792 828 985 888 Phormiones
1008 828 1082 888 istos
1104 827 1248 887 lacessito.
1295 827 1355 886 Ad·

121 939 188 993 erat
214 934 259 992 illi
282 934 495 994 Franciscanus
524 935 656 1013 qnidam,
686 953 775 1012 quem
802 936 876 995 adiit
898 935 1029 996 Montius
1051 954 1114 995 rem
1138 935 1353 1012 expiscatums,

121 1059 197 1100 num
221 1041 268 1101 vel
291 1042 420 1102 moriens
442 1043 613 1118 agnovisset
635 1061 770 1102 errorem.
813 1043 845 1102 Is
868 1043 965 1118 ajebat
987 1043 1156 1119 agnovisse,
1180 1060 1353 1102 asseverans

122 1167 158 1208 se
181 1149 257 1208 nihil
280 1150 399 1210 omnino
422 1149 567 1225 dubitare,
591 1151 665 1228 qniu
687 1151 786 1210 anima
808 1150 892 1210 illius
914 1151 1065 1212 transierit
1087 1151 1119 1210 in
1143 1147 1281 1228 quietem.
1314 1151 1355 1208 At

122 1275 180 1333 ego
198 1257 385 1317 Franciscani
407 1257 495 1317 dictis
518 1258 595 1317 nihil
618 1257 710 1317 habeo
733 1258 815 1333 lidei,
838 1259 1012 1335 praesertim
1035 1277 1128 1336 quum
1151 1259 1206 1318 hoo
1229 1257 1354 1317 sitistis

123 1364 260 1438 solenne,
283 1370 351 1441 post
373 1365 553 1425 exstinctum
577 1365 727 1426 hominem
746 1384 885 1443 spargere
902 1383 1048 1440 rrunores,
1071 1365 1150 1443 quod
1168 1365 1199 1424 in
1219 1364 1354 1426 incendio

123 1472 265 1532 oecinerit
291 1472 483 1549 palinodiam,
511 1491 570 1551 quo
598 1473 688 1532 simul
717 1478 747 1533 ct
768 1473 933 1534 vindicatae
955 1473 1109 1550 religionis
1132 1472 1251 1532 laudem
1273 1472 1355 1532 aule·

121 1585 192 1638 rant
228 1583 258 1638 et
294 1579 495 1640 multitudiuis
531 1580 674 1640 invidiam
711 1571 936 1659 calumniaeque
972 1581 1172 1659 suspicionem
1204 1579 1354 1656 effugiant

122 1687 201 1746 Nam
231 1705 324 1764 quum
346 1687 505 1748 Brrrxellae
528 1688 675 1764 primitias
697 1688 902 1750 immolassent
924 1689 1040 1749 exustis
1063 1689 1179 1748 duobus
1202 1687 1355 1748 monacbis

125 1794 426 1872 Augusunensibus,¹
448 1795 535 1854 tertio
558 1795 590 1854 iu
613 1815 759 1856 carcerem
781 1797 902 1857 reducto
924 1797 1050 1858 stolam
1069 1796 1238 1871 interfecto,
1262 1813 1355 1874 anrm

123 1903 200 1961 mira
222 1903 386 1962 constamtia
408 1909 532 1962 mortem
555 1903 763 1980 oppetiissent,
787 1922 863 1982 quae
885 1923 933 1964 res
949 1903 1100 1981 judicibus
1118 1922 1237 1980 gravem
1256 1921 1355 1963 move·

123 2011 175 2069 bat
197 2010 352 2084 invidiam,
376 2016 549 2087 sparserunt
571 2011 727 2071 ridiculam
750 2011 893 2086 fabulam,
916 2030 1011 2071 unum
1033 2029 1072 2071 ex
1095 2011 1158 2071 illis
1180 2010 1355 2088 apparuisse

123 2117 243 2177 cuidam
274 2118 503 2194 Augustinensi,
535 2118 587 2196 qui
619 2119 773 2178 nunciaret
804 2118 918 2178 animas
950 2137 1051 2178 eorum
1084 2135 1151 2178 esse
1182 2117 1355 2186 incolumes,

124 2226 203 2303 quod
230 2225 262 2284 in
285 2226 426 2286 extremis
448 2225 658 2303 resipuissent,
686 2226 823 2286 videlieet
843 2226 904 2303 jam
927 2226 1048 2303 inipso
1071 2225 1215 2285 incendio.
1261 2225 1356 2302 quue

123 2333 236 2394 factum
268 2333 406 2410 precibus
439 2333 563 2410 virginis
595 2334 706 2393 matris.
756 2331 832 2392 Nam
861 2338 891 2392 et
917 2333 1014 2411 pridie
1041 2332 1228 2393 visitationis
1255 2333 1355 2392 exusti

124 2447 196 2500 suut
222 2447 252 2501 et
278 2439 419 2501 Nicolaus
443 2441 602 2501 Carmelita
628 2459 735 2518 magno
764 2426 861 2502 studio
889 2440 1067 2501 sacrificium
1094 2441 1150 2500 hoc
1177 2443 1354 2517 procurarat.

123 2549 257 2625 Rogatus
279 2548 412 2608 carnifex
430 2567 554 2626 ecquam
572 2549 749 2626 poenitetiae
767 2567 869 2609 vocem
887 2548 1052 2610 edidissent
1069 2548 1101 2608 in
1120 2566 1204 2625 rogo,
1228 2547 1355 2624 negavit,

124 2657 177 2715 sed
205 2675 298 2734 quum
325 2657 503 2716 ducerentur
529 2656 566 2716 ad
589 2657 692 2734 palum
715 2657 794 2717 clara
815 2675 887 2716 vooc
909 2657 1009 2717 testati
1034 2663 1104 2716 sunt
1126 2675 1159 2716 se
1181 2656 1255 2716 mori
1279 2655 1356 2716 chri·

125 2763 249 2838 abacos,
273 2767 303 2823 et
324 2763 438 2840 alligati
460 2763 529 2841 palo
551 2764 669 2826 admoto
692 2765 755 2841 igni
778 2782 884 2824 canere
907 2768 1068 2842 coeperunt
1091 2763 1259 2840 symbolum
1278 2763 1356 2838 fidei,

123 2889 194 2931 mox
220 2870 419 2947 doxologiam:
448 2869 490 2930 Te
511 2870 608 2930 Deum
636 2871 806 2947 laudamus,
833 2872 927 2932 donec
949 2872 1068 2930 flamma
1089 2889 1192 2932 vocem
1215 2871 1356 2930 interclu-

124 2978 213 3039 deret.
239 3013 281 3021 —-
304 2978 451 3055 Imposuit
468 2978 618 3056 Berqnino
640 2997 694 3038 sua
713 2979 833 3053 fiducia,
856 2979 957 3039 nocuit
975 2978 1152 3054 ingenuitas.
1186 2977 1358 3038 Periculum

124 3090 171 3146 est
201 3104 240 3145 ne
267 3085 376 3146 Beddis
409 3104 463 3145 sua
495 3090 600 3162 sponte
631 3085 701 3163 plus
734 3085 806 3146 satis
839 3085 1056 3145 insanientibus
1084 3084 1211 3143 nimium
1238 3083 1358 3143 accedat

123 3193 295 3253 animorum.
343 3193 526 3254 Gallorum
553 3193 763 3269 religiosam
790 3197 943 3252 mentem
970 3193 1202 3251 vehementer
1229 3209 1357 3267 appro-

124 3302 255 3374 barem,
293 3301 324 3362 si
361 3305 533 3378 qnantum
564 3299 764 3377 propendet
795 3299 836 3358 ad
869 3297 1182 3375 superstitionem,
1219 3301 1358 3356 tantum

124 3408 263 3468 valeret
287 3407 426 3485 judicio
454 3407 654 3485 spirituali.
701 3407 805 3467 Certe
832 3407 1008 3466 hactenus
1032 3423 1069 3466 se
1091 3405 1358 3483 praestiterunt

124 3516 280 3575 Romano
307 3515 484 3574 Pontifici
517 3515 615 3591 frugi
647 3514 835 3592 mancipia.
886 3513 978 3590 Digni
1010 3513 1196 3591 principibus
1228 3513 1357 3591 optimis,

124 3623 176 3700 qui
204 3621 425 3700 qualescunque
452 3623 654 3698 contigerunt,
682 3623 759 3683 bona
785 3623 843 3682 ude
871 3622 1012 3682 serviunt.
1043 3657 1085 3666 -
1114 3621 1242 3680 'lantum
1269 3620 1358 3682 habui

124 3730 203 3808 quod
235 3731 271 3790 de
299 3730 449 3808 Berquino
477 3730 649 3806 scriberem,
682 3731 734 3809 qui
763 3731 788 3790 si
816 3730 944 3790 decessit
970 3749 1039 3790 curn
1066 3731 1141 3790 bona
1168 3727 1356 3803 conscientia,

124 3838 203 3916 quod
225 3837 384 3897 admodum
407 3855 507 3914 spere,
530 3837 603 3916 quid
622 3856 656 3898 eo
674 3838 812 3898 felicius?
849 3837 1003 3912 Damnari,
1026 3836 1181 3910 dissecari,
1205 3835 1357 3912 suspendi,

124 3945 223 4020 exuri,
251 3945 404 4020 decollari,
433 3945 492 4022 piis
520 3963 589 4004 cum
616 3945 718 4022 impiis
741 3949 813 4004 sunt
835 3944 1009 4029 communia
1055 3943 1146 4002 Varia
1169 3947 1241 4002 sunt
1263 3941 1358 4001 homi·

123 4071 196 4112 rrum
216 4053 336 4129 judicia
382 4052 439 4112 Ille
462 4051 537 4112 felix
560 4053 612 4130 qui
632 4051 734 4129 judice
756 4052 818 4111 Deo
841 4051 1020 4110 absolvitur}

230 4160 312 4220 Haec
343 4165 374 4220 et
405 4159 514 4220 similia
542 4159 663 4238 scripsit
689 4159 832 4220 Erasmus
860 4175 952 4218 senex
979 4175 1056 4217 anno
1085 4155 1244 4216 millesimo
1272 4155 1358 4234 quin-

125 4268 289 4344 gentesimo
307 4267 452 4344 vigesimo
470 4285 562 4344 nono,
585 4267 688 4328 eodem
706 4271 850 4344 tempore,
874 4283 932 4343 quo
951 4269 1072 4342 pmpter
1090 4265 1248 4325 decussum
1266 4281 1285 4322 a
1302 4263 1358 4322 Ba-

124 4375 302 4436 sileensibus
322 4376 430 4453 jugum
453 4375 560 4454 papale
579 4375 757 4452 Friburgum
774 4372 982 4450 Brisgoviense
1003 4371 1187 4432 domicilium
1205 4371 1357 4448 petiverat

233 4605 259 4674 1)
277 4603 363 4660 Iidem
386 4607 461 4673 sunt,
485 4619 552 4674 quos
571 4602 706 4658 Lntherus
730 4601 872 4658 immortali
891 4601 1007 4657 carmine
1027 4601 1184 4656 Germanico
1203 4599 1357 4656 celebravit.
