3188 5086
659 335 750 386 Orsus
767 337 800 388 V.
1285 333 1336 388 149

125 549 315 624 munuca,
344 549 489 610 ecclesiae
516 547 644 624 sodales,
673 548 827 623 restringi,
856 548 909 608 sed
940 549 1029 608 etiam
1058 547 1195 623 ludaeis,
1225 547 1335 622 liureio,

124 655 248 728 Paganis
277 670 363 727 qnam
392 654 554 728 largissime
584 653 714 713 exhiberi
742 653 840 712 voluit
886 651 934 712 Sic
956 653 1168 712 sancfissimum
1190 651 1335 727 quoddam

124 755 249 818 officium
266 756 461 833 implendum,
483 758 526 816 sic
545 755 617 818 fines
638 757 796 832 ecelesiae,
819 755 1046 844 Christianorum
1069 757 1154 832 culpa
1175 757 1282 816 misere
1304 757 1335 818 in

124 863 270 936 angustim
299 867 476 936 conuectos,
508 878 574 921 esse
601 861 803 936 propagandos
834 867 865 922 et
892 862 1058 921 uniuersum
1090 861 1190 922 orbem
1220 859 1335 921 Christo

125 966 335 1041 subjiciendum
361 967 467 1024 docuit.
511 965 575 1025 Hac
608 981 674 1024 eum
707 966 738 1024 in
764 981 813 1040 re,
845 971 878 1024 nt
909 966 940 1024 in
970 965 1067 1024 multis
1098 965 1176 1040 aliis,
1205 969 1335 1026 aemtem

124 1086 204 1129 suam
226 1069 476 1145 praecucurrisse,
497 1069 625 1128 Danicus
648 1069 763 1144 quidam
787 1069 925 1144 scriptor,
953 1069 1088 1144 egregius
1108 1069 1259 1143 propugati
1280 1083 1335 1143 per

125 1175 224 1234 orbem
246 1173 458 1234 Christianismi
478 1179 625 1246 narrator,
653 1189 706 1233 suo
729 1174 795 1248 jure
824 1171 970 1236 adnomt¹
1013 1173 1084 1250 Agit
1105 1189 1174 1234 uero
1195 1173 1335 1234 Emsmus

123 1277 158 1337 de
187 1279 391 1353 promovendis
422 1279 564 1338 ecclesiae
590 1275 694 1337 finibus
718 1295 782 1337 oum
807 1278 905 1338 moltis
927 1278 993 1338 aliis
1016 1294 1136 1352 operum
1157 1277 1242 1352 locis,
1272 1282 1334 1336 tum

122 1383 151 1440 iu
171 1384 356 1458 ecclesiaste,
378 1382 465 1457 idque
484 1380 555 1442 tacit
571 1398 680 1442 summo
699 1381 803 1443 ardore
826 1382 915 1442 animi
937 1383 1103 1442 universnm
1122 1397 1214 1456 genus
1233 1382 1335 1442 huma·

123 1503 190 1545 num
213 1487 424 1560 amplectentis.
465 1486 548 1560 Quod
570 1491 602 1545 ut
621 1491 774 1561 appareat,
799 1504 835 1546 ex
853 1486 952 1548 libello
974 1487 1024 1546 illo
1046 1486 1120 1546 haec
1139 1484 1267 1546 afferma

209 1591 394 1651 Enumeratis
416 1597 461 1650 tot
482 1591 585 1666 Asiae,
607 1590 742 1664 Africae,
764 1592 915 1665 regionum
928 1607 1021 1666 nuper
1038 1595 1222 1666 repertarum
1240 1589 1337 1666 terris,

123 1701 260 1770 ,quantus
281 1697 313 1754 in
334 1693 403 1770 his‘,
430 1695 538 1770 inquit,
565 1701 657 1769 ,esset
681 1701 838 1769 proventus
860 1694 989 1770 Christo,
1020 1695 1046 1754 si
1068 1696 1154 1770 gnari
1177 1710 1212 1754 ac
1233 1692 1336 1754 fideles

121 1801 307 1859 mitterentur
327 1800 474 1873 operarii?
503 1799 552 1873 qni
573 1801 686 1873 jaciant
707 1815 807 1859 semen
829 1800 949 1876 bonum
975 1801 1025 1874 qui
1046 1799 1191 1860 revellunt
1212 1799 1334 1874 duania,

122 1904 170 1978 qui
204 1904 338 1978 plantent
369 1904 517 1977 plantulas
549 1903 657 1978 bonas,
693 1905 742 1977 qui
774 1909 887 1964 metant
918 1909 1061 1964 maturam
1095 1907 1242 1979 segetem,
1282 1902 1336 1963 sed

122 2007 235 2067 Christo
263 2013 389 2083 metam,
422 2024 480 2068 uon
507 2008 577 2082 sibi,
606 2013 638 2067 et
664 2009 776 2068 animas
806 2009 870 2067 Deo
901 2009 1052 2084 colligant,
1081 2025 1140 2068 non
1169 2024 1240 2082 opes
1261 2005 1335 2069 sibi‘

122 2111 273 2186 Quemtur,
294 2112 399 2171 multos
418 2110 596 2172 Christianos
619 2113 762 2188 evangelii
784 2111 1031 2186 praedicationem
1054 2129 1113 2172 uon
1136 2112 1221 2173 modo
1242 2111 1335 2186 negli-

121 2233 190 2290 gere
214 2216 265 2276 sed
287 2217 375 2292 etiam
393 2215 543 2289 impedire.
588 2217 746 2292 ,Pilapios,
775 2216 911 2291 Scythiae
934 2218 1167 2292 septentrionalia
1190 2215 1335 2291 populum,

121 2323 194 2380 mire
216 2321 375 2395 simplicem
397 2337 432 2380 ac
454 2320 570 2396 rudem,
593 2339 612 2381 u
630 2323 730 2382 nescio
744 2321 849 2395 quibus
862 2322 1045 2396 Principibus
1059 2321 1225 2381 christianis
1240 2321 1335 2380 teneri

120 2423 243 2500 ditione,
266 2425 318 2485 sed
339 2425 382 2484 ita
404 2424 477 2484 duro
498 2426 591 2500 premi
609 2428 680 2501 jugo
702 2427 841 2502 humano,
866 2432 900 2488 ut
920 2427 957 2487 iis
979 2442 1038 2486 uon
1060 2425 1225 2500 imponatur
1245 2441 1334 2484 suaso

116 2530 218 2601 jugum
241 2527 356 2589 Christi.
400 2529 483 2590 Ultra
505 2545 585 2590 mure
606 2547 670 2590 esse
693 2535 811 2607 gentes,
841 2549 915 2606 quae
938 2532 1019 2592 velut
1039 2545 1109 2591 ores
1132 2534 1246 2606 errent,
1276 2545 1334 2588 non

119 2633 262 2692 babentes
290 2639 448 2709 pastorem,
480 2635 549 2708 quia
576 2634 650 2694 adeo
677 2651 735 2694 non
757 2637 910 2696 mittantur
931 2635 1075 2710 evangelii
1097 2633 1207 2708 nuntii,
1236 2637 1270 2693 ut
1290 2633 1334 2692 illi

118 2737 173 2811 ipsi
196 2738 343 2814 principes
358 2737 529 2814 Christiani,
552 2740 601 2813 qui
623 2739 689 2799 illas
712 2742 929 2815 occupaverint,
949 2741 1067 2800 obstent
1081 2755 1119 2799 ne
1135 2739 1198 2813 quis
1213 2736 1335 2798 ameum

118 2841 221 2901 doctor
242 2843 441 2918 evangelicus,
470 2843 556 2903 veriti
584 2860 636 2920 ne,
665 2845 690 2904 si
712 2845 799 2919 paulo
820 2846 886 2920 plus
907 2845 1035 2919 sapiant,
1066 2843 1215 2903 excutiant
1233 2844 1333 2917 jugum

118 2963 209 3020 pavo
241 2963 298 3020 quo
330 2953 508 3020 premantur.
562 2948 637 3021 Quid
667 2948 820 3008 dicendum
849 2949 886 3008 de
916 2950 967 3024 iis,
1002 2949 1050 3022 qui
1080 2948 1173 3007 classe
1202 2951 1335 3021 praeter·

118 3051 263 3110 vehantur
294 3051 393 3126 ignota
420 3052 519 3112 littura
541 3057 573 3112 at
594 3054 726 3112 civitates
748 3053 820 3112 nihil
842 3053 948 3112 hostile
971 3055 1173 3125 exspectantes
1194 3049 1334 3124 diripiant

118 3171 153 3214 ac
176 3159 312 3215 vastent?
353 3155 497 3217 Victorias
520 3157 591 3232 dici,
614 3157 667 3216 sed
689 3159 765 3218 tales
787 3157 923 3216 victorias
943 3171 998 3216 nec
1019 3154 1097 3230 apud
1119 3153 1250 3214 ethnicos
1271 3153 1333 3212 lau-

118 3261 187 3320 dem
216 3261 331 3319 mereri.
386 3259 412 3319 E
443 3262 569 3335 repertis
596 3263 763 3337 regionibus
796 3261 881 3321 evelti
912 3257 1016 3320 aurum'
1044 3264 1075 3319 et
1104 3273 1247 3333 gemmas;
1280 3256 1333 3316 sed

117 3361 265 3438 triumpho
302 3363 417 3440 dignius
454 3365 517 3426 iore
555 3365 624 3426 illuc
660 3367 799 3426 invehere
836 3365 1023 3425 christianam
1054 3363 1228 3439 sapientiam
1261 3377 1332 3422 auro

119 3468 343 3544 pretiosiorem‘

207 3571 314 3648 Rejicit
336 3573 474 3634 Erasmus
493 3591 568 3650 quae
591 3576 628 3637 ad
650 3577 842 3638 recusandum
864 3581 925 3636 tam
943 3581 1096 3651 augustum
1115 3572 1241 3636 officium
1258 3572 1333 3632 chri-

118 3677 247 3736 stianum
268 3683 483 3752 praetexuntur.
529 3680 727 3758 ,Excusatur‘,
756 3683 864 3758 inquit,
894 3676 1024 3758 ,linguae
1046 3680 1199 3755 imperitia
1244 3677 1333 3751 Atqui

116 3781 264 3856 principes
293 3783 330 3842 ob
359 3784 499 3844 humanas
527 3785 690 3858 legationes
716 3787 889 3860 inueniumt,
918 3785 967 3860 qui
996 3785 1092 3844 varias
1122 3783 1236 3857 linguas
1265 3795 1332 3854 per·

117 3885 245 3960 discant,
276 3903 314 3946 an
345 3887 422 3947 idem
452 3903 510 3948 non
540 3889 718 3950 studebimus
748 3891 779 3948 in
801 3893 861 3948 mm
883 3888 997 3948 sublimi
1023 3887 1162 3960 negotio?
1185 3914 1226 3924 -
1250 3882 1333 3942 Inter

118 3989 260 4049 barbarus
281 3997 312 4051 et
335 3992 448 4067 ignotas
470 3995 603 4053 nationes
626 3993 748 4068 apostoli
771 3995 946 4052 invenerunt
966 3993 1071 4050 uictum
1093 3995 1124 4049 et
1144 3987 1278 4047 amictum
1302 3991 1333 4046 et

118 4093 201 4153 Deus
222 4095 366 4168 pollicitus
390 4103 450 4173 est,
480 4097 553 4157 nihil
580 4097 745 4158 defuturum
767 4095 974 4171 quaerentibus
996 4111 1117 4169 regnum
1138 4091 1204 4150 Dei.
1249 4089 1332 4162 Quod

118 4199 143 4256 si
164 4197 321 4260 inciderint
342 4201 374 4260 in
389 4207 505 4276 gentem
528 4207 588 4262 tam
609 4203 768 4278 ingratam,
789 4207 822 4260 ut
837 4217 957 4276 panem,
977 4215 1081 4272 uquam
1097 4201 1127 4257 et
1142 4200 1250 4255 tectum
1264 4211 1332 4270 per·

119 4308 245 4377 negent:
275 4313 409 4379 superest
431 4308 532 4381 optimi
555 4307 743 4368 ecclesiastae
767 4305 851 4365 Pauli
874 4305 965 4364 multo
987 4301 1213 4378 pulcherrimum
1236 4315 1332 4359 exem·

118 4407 213 4483 plum,
242 4407 379 4482 quisuis
408 4411 541 4472 manibus
564 4412 723 4472 consuebat
749 4413 842 4486 coria,
869 4425 906 4470 ne
929 4409 1062 4483 cuiquam
1084 4409 1162 4467 esset
1183 4419 1332 4464 onerosus.

208 4626 234 4695 1)
254 4627 291 4679 Ol.
312 4627 411 4680 Kalksr
429 4629 582 4681 Geschichte
600 4630 645 4682 dar
663 4631 829 4682 christliohcn
844 4629 954 4682 Misrion
971 4627 984 4678 1
1002 4642 1028 4692 p.
1044 4629 1120 4678 dtas.
