<?xml version="1.0" encoding="UTF-8"?>
<!DOCTYPE html PUBLIC "-//W3C//DTD XHTML 1.0 Transitional//EN"
    "http://www.w3.org/TR/xhtml1/DTD/xhtml1-transitional.dtd">
<html xmlns="http://www.w3.org/1999/xhtml" xml:lang="en" lang="en">
 <head>
  <title>
</title>
<meta http-equiv="Content-Type" content="text/html;charset=utf-8" />
  <meta name='ocr-system' content='tesseract 3.04.00' />
  <meta name='ocr-capabilities' content='ocr_page ocr_carea ocr_par ocr_line ocrx_word'/>
</head>
<body>
  <div class='ocr_page' id='page_1' title='image "./erasmusredivivu00schlgoog_0084.png"; bbox 0 0 3202 5058; ppageno 0'>
   <div class='ocr_carea' id='block_1_1' title="bbox 659 294 1357 360">
    <p class='ocr_par' dir='ltr' id='par_1_1' title="bbox 659 294 1357 360">
     <span class='ocr_line' id='line_1_1' title="bbox 659 294 1357 360; baseline -0.019 0"><span class='ocrx_word' id='word_1_1' title='bbox 659 309 751 360; x_wconf 78' lang='lat' dir='ltr'>Orsus</span> <span class='ocrx_word' id='word_1_2' title='bbox 769 306 803 359; x_wconf 89' lang='lat'>11.</span> <span class='ocrx_word' id='word_1_3' title='bbox 1323 294 1357 348; x_wconf 83' lang='grc'>67</span> 
     </span>
    </p>
   </div>
   <div class='ocr_carea' id='block_1_2' title="bbox 120 519 1390 4758">
    <p class='ocr_par' dir='ltr' id='par_1_2' title="bbox 120 519 1390 4758">
     <span class='ocr_line' id='line_1_2' title="bbox 144 519 1361 595; baseline -0.012 -4"><span class='ocrx_word' id='word_1_4' title='bbox 144 533 278 591; x_wconf 90' lang='lat' dir='ltr'>omnibus</span> <span class='ocrx_word' id='word_1_5' title='bbox 301 529 473 588; x_wconf 81' lang='lat' dir='ltr'>Christianis</span> <span class='ocrx_word' id='word_1_6' title='bbox 501 542 651 584; x_wconf 91' lang='lat' dir='ltr'>commune</span> <span class='ocrx_word' id='word_1_7' title='bbox 681 525 760 582; x_wconf 90' lang='lat' dir='ltr'>inter</span> <span class='ocrx_word' id='word_1_8' title='bbox 781 523 852 582; x_wconf 89' lang='lat' dir='ltr'>belli</span> <span class='ocrx_word' id='word_1_9' title='bbox 873 523 1004 595; x_wconf 91' lang='lat' dir='ltr'>pericula</span> <span class='ocrx_word' id='word_1_10' title='bbox 1026 522 1170 594; x_wconf 79' lang='lat' dir='ltr'>eluxerat,</span> <span class='ocrx_word' id='word_1_11' title='bbox 1189 519 1269 593; x_wconf 80' lang='lat' dir='ltr'><strong>pacis</strong></span> <span class='ocrx_word' id='word_1_12' title='bbox 1292 534 1361 591; x_wconf 92' lang='lat' dir='ltr'>quo·</span> 
     </span>
     <span class='ocr_line' id='line_1_3' title="bbox 143 623 1362 711; baseline -0.012 -16"><span class='ocrx_word' id='word_1_13' title='bbox 143 653 204 711; x_wconf 84' lang='lat' dir='ltr'>que</span> <span class='ocrx_word' id='word_1_14' title='bbox 231 641 360 707; x_wconf 88' lang='lat' dir='ltr'>tempore</span> <span class='ocrx_word' id='word_1_15' title='bbox 383 633 498 706; x_wconf 88' lang='lat' dir='ltr'>patriae</span> <span class='ocrx_word' id='word_1_16' title='bbox 527 631 655 688; x_wconf 87' lang='lat' dir='ltr'>salutare</span> <span class='ocrx_word' id='word_1_17' title='bbox 677 644 708 687; x_wconf 92' lang='lat' dir='ltr'>se</span> <span class='ocrx_word' id='word_1_18' title='bbox 731 627 896 700; x_wconf 79' lang='lat' dir='ltr'>praeberet.</span> <span class='ocrx_word' id='word_1_19' title='bbox 940 623 997 685; x_wconf 86' lang='lat' dir='ltr'>Sed</span> <span class='ocrx_word' id='word_1_20' title='bbox 1020 641 1086 684; x_wconf 83' lang='lat' dir='ltr'>mox</span> <span class='ocrx_word' id='word_1_21' title='bbox 1109 623 1266 682; x_wconf 88' lang='lat' dir='ltr'>cavendum</span> <span class='ocrx_word' id='word_1_22' title='bbox 1289 629 1362 695; x_wconf 91' lang='lat' dir='ltr'>erat,</span> 
     </span>
     <span class='ocr_line' id='line_1_4' title="bbox 143 728 1363 813; baseline -0.011 -15"><span class='ocrx_word' id='word_1_23' title='bbox 143 757 186 798; x_wconf 89' lang='lat' dir='ltr'>ne</span> <span class='ocrx_word' id='word_1_24' title='bbox 208 738 278 813; x_wconf 90' lang='lat' dir='ltr'>quid</span> <span class='ocrx_word' id='word_1_25' title='bbox 299 737 394 796; x_wconf 89' lang='lat' dir='ltr'>simile</span> <span class='ocrx_word' id='word_1_26' title='bbox 416 735 531 810; x_wconf 88' lang='lat' dir='ltr'>priscae</span> <span class='ocrx_word' id='word_1_27' title='bbox 554 733 731 790; x_wconf 79' lang='lat' dir='ltr'>Teutonicae</span> <span class='ocrx_word' id='word_1_28' title='bbox 751 730 867 790; x_wconf 85' lang='lat' dir='ltr'>fabulae</span> <span class='ocrx_word' id='word_1_29' title='bbox 889 728 987 804; x_wconf 90' lang='lat' dir='ltr'>fieret,</span> <span class='ocrx_word' id='word_1_30' title='bbox 1008 745 1066 802; x_wconf 89' lang='lat' dir='ltr'>qua</span> <span class='ocrx_word' id='word_1_31' title='bbox 1085 729 1267 801; x_wconf 79' lang='lat' dir='ltr'>narrabatur,</span> <span class='ocrx_word' id='word_1_32' title='bbox 1286 728 1363 785; x_wconf 88' lang='lat' dir='ltr'>iuter</span> 
     </span>
     <span class='ocr_line' id='line_1_5' title="bbox 120 825 1362 918; baseline -0.01 -16"><span class='ocrx_word' id='word_1_33' title='bbox 120 825 125 835; x_wconf 51' lang='lat'><strong>⁴</strong></span> <span class='ocrx_word' id='word_1_34' title='bbox 145 847 225 918; x_wconf 88' lang='lat' dir='ltr'>ipsos</span> <span class='ocrx_word' id='word_1_35' title='bbox 240 842 320 901; x_wconf 89' lang='lat' dir='ltr'>Deos</span> <span class='ocrx_word' id='word_1_36' title='bbox 340 857 428 900; x_wconf 90' lang='lat' dir='ltr'>unum</span> <span class='ocrx_word' id='word_1_37' title='bbox 448 841 528 898; x_wconf 88' lang='lat' dir='ltr'>illum</span> <span class='ocrx_word' id='word_1_38' title='bbox 543 838 618 896; x_wconf 86' lang='lat' dir='ltr'>Loki</span> <span class='ocrx_word' id='word_1_39' title='bbox 640 836 747 912; x_wconf 81' lang='lat' dir='ltr'>fuisse,</span> <span class='ocrx_word' id='word_1_40' title='bbox 765 838 828 910; x_wconf 86' lang='lat' dir='ltr'>qui,</span> <span class='ocrx_word' id='word_1_41' title='bbox 851 853 936 909; x_wconf 91' lang='lat' dir='ltr'>quum</span> <span class='ocrx_word' id='word_1_42' title='bbox 958 851 1058 893; x_wconf 93' lang='lat' dir='ltr'>omnes</span> <span class='ocrx_word' id='word_1_43' title='bbox 1077 849 1150 907; x_wconf 92' lang='lat' dir='ltr'>pace</span> <span class='ocrx_word' id='word_1_44' title='bbox 1170 839 1201 891; x_wconf 90' lang='lat' dir='ltr'>et</span> <span class='ocrx_word' id='word_1_45' title='bbox 1221 831 1362 891; x_wconf 84' lang='lat' dir='ltr'>felicitate</span> 
     </span>
     <span class='ocr_line' id='line_1_6' title="bbox 146 936 1375 1021; baseline -0.011 -14"><span class='ocrx_word' id='word_1_46' title='bbox 146 948 326 1021; x_wconf 65' lang='lat' dir='ltr'>merentur,</span> <span class='ocrx_word' id='word_1_47' title='bbox 349 951 379 1004; x_wconf 91' lang='lat' dir='ltr'>et</span> <span class='ocrx_word' id='word_1_48' title='bbox 400 945 471 1018; x_wconf 89' lang='lat' dir='ltr'>ipsis</span> <span class='ocrx_word' id='word_1_49' title='bbox 493 951 524 1002; x_wconf 91' lang='lat' dir='ltr'>et</span> <span class='ocrx_word' id='word_1_50' title='bbox 544 944 678 1001; x_wconf 88' lang='lat' dir='ltr'>universo</span> <span class='ocrx_word' id='word_1_51' title='bbox 698 941 803 1000; x_wconf 89' lang='lat' dir='ltr'>mundo</span> <span class='ocrx_word' id='word_1_52' title='bbox 825 942 974 999; x_wconf 88' lang='lat' dir='ltr'>interitum</span> <span class='ocrx_word' id='word_1_53' title='bbox 997 957 1032 998; x_wconf 84' lang='lat' dir='ltr'>ex</span> <span class='ocrx_word' id='word_1_54' title='bbox 1054 955 1144 1012; x_wconf 90' lang='lat' dir='ltr'>parva</span> <span class='ocrx_word' id='word_1_55' title='bbox 1161 955 1194 996; x_wconf 93' lang='lat' dir='ltr'>re</span> <span class='ocrx_word' id='word_1_56' title='bbox 1217 936 1375 1011; x_wconf 77' lang='lat' dir='ltr'>proiectu·</span> 
     </span>
     <span class='ocr_line' id='line_1_7' title="bbox 146 1041 1380 1123; baseline -0.011 -11"><span class='ocrx_word' id='word_1_57' title='bbox 146 1071 213 1112; x_wconf 91' lang='lat' dir='ltr'>rum</span> <span class='ocrx_word' id='word_1_58' title='bbox 240 1053 339 1110; x_wconf 90' lang='lat' dir='ltr'>dolose</span> <span class='ocrx_word' id='word_1_59' title='bbox 368 1055 566 1123; x_wconf 87' lang='lat' dir='ltr'>praepararet.</span> <span class='ocrx_word' id='word_1_60' title='bbox 614 1048 707 1120; x_wconf 87' lang='lat' dir='ltr'>Hujus</span> <span class='ocrx_word' id='word_1_61' title='bbox 729 1047 785 1106; x_wconf 91' lang='lat' dir='ltr'>Dei</span> <span class='ocrx_word' id='word_1_62' title='bbox 812 1047 894 1120; x_wconf 88' lang='lat' dir='ltr'>quasi</span> <span class='ocrx_word' id='word_1_63' title='bbox 923 1051 1021 1118; x_wconf 89' lang='lat' dir='ltr'>partes</span> <span class='ocrx_word' id='word_1_64' title='bbox 1045 1045 1203 1103; x_wconf 89' lang='lat' dir='ltr'>Jesuiticae</span> <span class='ocrx_word' id='word_1_65' title='bbox 1231 1041 1380 1112; x_wconf 68' lang='lat' dir='ltr'>iectionis,</span> 
     </span>
     <span class='ocr_line' id='line_1_8' title="bbox 146 1148 1365 1230; baseline -0.011 -14"><span class='ocrx_word' id='word_1_66' title='bbox 146 1156 307 1230; x_wconf 79' lang='lat' dir='ltr'>coryphaei</span> <span class='ocrx_word' id='word_1_67' title='bbox 337 1155 453 1228; x_wconf 88' lang='lat' dir='ltr'>quidam</span> <span class='ocrx_word' id='word_1_68' title='bbox 481 1159 686 1226; x_wconf 87' lang='lat' dir='ltr'>susceperunt,</span> <span class='ocrx_word' id='word_1_69' title='bbox 715 1157 830 1211; x_wconf 84' lang='lat' dir='ltr'>servato</span> <span class='ocrx_word' id='word_1_70' title='bbox 859 1155 958 1209; x_wconf 91' lang='lat' dir='ltr'>vetere</span> <span class='ocrx_word' id='word_1_71' title='bbox 984 1150 1049 1208; x_wconf 91' lang='lat' dir='ltr'>odio</span> <span class='ocrx_word' id='word_1_72' title='bbox 1078 1149 1156 1207; x_wconf 92' lang='lat' dir='ltr'>virus</span> <span class='ocrx_word' id='word_1_73' title='bbox 1184 1148 1256 1206; x_wconf 92' lang='lat' dir='ltr'>illud</span> <span class='ocrx_word' id='word_1_74' title='bbox 1285 1163 1365 1220; x_wconf 89' lang='lat' dir='ltr'>spar-</span> 
     </span>
     <span class='ocr_line' id='line_1_9' title="bbox 147 1254 1305 1335; baseline -0.007 -15"><span class='ocrx_word' id='word_1_75' title='bbox 147 1269 264 1335; x_wconf 85' lang='lat' dir='ltr'>gentes,</span> <span class='ocrx_word' id='word_1_76' title='bbox 286 1259 363 1332; x_wconf 92' lang='lat' dir='ltr'>quod</span> <span class='ocrx_word' id='word_1_77' title='bbox 384 1257 554 1332; x_wconf 87' lang='lat' dir='ltr'>fugiendum</span> <span class='ocrx_word' id='word_1_78' title='bbox 576 1257 781 1330; x_wconf 90' lang='lat' dir='ltr'>Doelliugerus</span> <span class='ocrx_word' id='word_1_79' title='bbox 803 1255 936 1316; x_wconf 80' lang='lat' dir='ltr'>Schemio</span> <span class='ocrx_word' id='word_1_80' title='bbox 958 1254 1065 1312; x_wconf 83' lang='lat' dir='ltr'>frustm</span> <span class='ocrx_word' id='word_1_81' title='bbox 1087 1259 1305 1312; x_wconf 85' lang='lat' dir='ltr'>monstraverat.</span> 
     </span>
     <span class='ocr_line' id='line_1_10' title="bbox 241 1357 1367 1435; baseline -0.008 -14"><span class='ocrx_word' id='word_1_82' title='bbox 241 1364 329 1422; x_wconf 89' lang='lat' dir='ltr'>Initio</span> <span class='ocrx_word' id='word_1_83' title='bbox 356 1362 473 1435; x_wconf 91' lang='lat' dir='ltr'>quidem</span> <span class='ocrx_word' id='word_1_84' title='bbox 494 1363 626 1420; x_wconf 82' lang='lat' dir='ltr'>utilitatis</span> <span class='ocrx_word' id='word_1_85' title='bbox 649 1377 750 1435; x_wconf 88' lang='lat' dir='ltr'>causa,</span> <span class='ocrx_word' id='word_1_86' title='bbox 780 1361 913 1419; x_wconf 88' lang='lat' dir='ltr'>similiter</span> <span class='ocrx_word' id='word_1_87' title='bbox 943 1365 1031 1432; x_wconf 87' lang='lat' dir='ltr'>atque</span> <span class='ocrx_word' id='word_1_88' title='bbox 1054 1358 1169 1416; x_wconf 91' lang='lat' dir='ltr'>Riccius</span> <span class='ocrx_word' id='word_1_89' title='bbox 1189 1357 1367 1416; x_wconf 88' lang='lat' dir='ltr'>Jesuitarum</span> 
     </span>
     <span class='ocr_line' id='line_1_11' title="bbox 148 1462 1367 1541; baseline -0.007 -15"><span class='ocrx_word' id='word_1_90' title='bbox 148 1470 294 1541; x_wconf 84' lang='lat' dir='ltr'>Princeps</span> <span class='ocrx_word' id='word_1_91' title='bbox 335 1483 406 1540; x_wconf 90' lang='lat' dir='ltr'>erga</span> <span class='ocrx_word' id='word_1_92' title='bbox 447 1466 627 1524; x_wconf 88' lang='lat' dir='ltr'>Fridericum</span> <span class='ocrx_word' id='word_1_93' title='bbox 659 1465 812 1539; x_wconf 85' lang='lat' dir='ltr'>Magnum,</span> <span class='ocrx_word' id='word_1_94' title='bbox 857 1465 1014 1523; x_wconf 87' lang='lat' dir='ltr'>amicitiam</span> <span class='ocrx_word' id='word_1_95' title='bbox 1057 1477 1127 1537; x_wconf 85' lang='lat' dir='ltr'>erga</span> <span class='ocrx_word' id='word_1_96' title='bbox 1160 1462 1367 1533; x_wconf 88' lang='lat' dir='ltr'>Imperatorem</span> 
     </span>
     <span class='ocr_line' id='line_1_12' title="bbox 149 1565 1368 1647; baseline -0.008 -14"><span class='ocrx_word' id='word_1_97' title='bbox 149 1574 354 1647; x_wconf 85' lang='lat' dir='ltr'>evangelicum</span> <span class='ocrx_word' id='word_1_98' title='bbox 376 1572 557 1630; x_wconf 90' lang='lat' dir='ltr'>simulabant.</span> <span class='ocrx_word' id='word_1_99' title='bbox 602 1571 720 1630; x_wconf 84' lang='lat' dir='ltr'>Scilicet</span> <span class='ocrx_word' id='word_1_100' title='bbox 741 1571 805 1644; x_wconf 90' lang='lat' dir='ltr'>ipse</span> <span class='ocrx_word' id='word_1_101' title='bbox 820 1569 900 1642; x_wconf 91' lang='lat' dir='ltr'>Papa</span> <span class='ocrx_word' id='word_1_102' title='bbox 921 1575 989 1628; x_wconf 90' lang='lat' dir='ltr'>tunc</span> <span class='ocrx_word' id='word_1_103' title='bbox 1012 1568 1148 1642; x_wconf 84' lang='lat' dir='ltr'>sperabat</span> <span class='ocrx_word' id='word_1_104' title='bbox 1168 1565 1245 1641; x_wconf 85' lang='lat' dir='ltr'>iore,</span> <span class='ocrx_word' id='word_1_105' title='bbox 1264 1571 1298 1624; x_wconf 93' lang='lat' dir='ltr'>ut</span> <span class='ocrx_word' id='word_1_106' title='bbox 1318 1566 1368 1623; x_wconf 93' lang='lat' dir='ltr'>illo</span> 
     </span>
     <span class='ocr_line' id='line_1_13' title="bbox 149 1670 1370 1752; baseline -0.008 -15"><span class='ocrx_word' id='word_1_107' title='bbox 149 1678 310 1752; x_wconf 89' lang='lat' dir='ltr'>adjuvante</span> <span class='ocrx_word' id='word_1_108' title='bbox 334 1677 468 1735; x_wconf 87' lang='lat' dir='ltr'>amissam</span> <span class='ocrx_word' id='word_1_109' title='bbox 497 1676 598 1734; x_wconf 90' lang='lat' dir='ltr'>urbem</span> <span class='ocrx_word' id='word_1_110' title='bbox 621 1681 652 1733; x_wconf 90' lang='lat' dir='ltr'>et</span> <span class='ocrx_word' id='word_1_111' title='bbox 673 1682 768 1734; x_wconf 91' lang='lat' dir='ltr'>terras</span> <span class='ocrx_word' id='word_1_112' title='bbox 790 1681 982 1748; x_wconf 84' lang='lat' dir='ltr'>recuperaret</span> <span class='ocrx_word' id='word_1_113' title='bbox 1004 1679 1090 1746; x_wconf 80' lang='lat' dir='ltr'>atque</span> <span class='ocrx_word' id='word_1_114' title='bbox 1110 1677 1154 1730; x_wconf 90' lang='lat' dir='ltr'>tut</span> <span class='ocrx_word' id='word_1_115' title='bbox 1175 1671 1256 1746; x_wconf 84' lang='lat' dir='ltr'>Itali,</span> <span class='ocrx_word' id='word_1_116' title='bbox 1285 1670 1370 1728; x_wconf 87' lang='lat' dir='ltr'>resti·</span> 
     </span>
     <span class='ocr_line' id='line_1_14' title="bbox 149 1775 1370 1853; baseline -0.005 -13"><span class='ocrx_word' id='word_1_117' title='bbox 149 1787 247 1841; x_wconf 89' lang='lat' dir='ltr'>tutam</span> <span class='ocrx_word' id='word_1_118' title='bbox 269 1781 394 1853; x_wconf 89' lang='lat' dir='ltr'>denique</span> <span class='ocrx_word' id='word_1_119' title='bbox 417 1795 595 1838; x_wconf 88' lang='lat' dir='ltr'>communem</span> <span class='ocrx_word' id='word_1_120' title='bbox 617 1780 741 1852; x_wconf 87' lang='lat' dir='ltr'>patriam</span> <span class='ocrx_word' id='word_1_121' title='bbox 763 1779 925 1838; x_wconf 90' lang='lat' dir='ltr'>incredibili</span> <span class='ocrx_word' id='word_1_122' title='bbox 948 1777 1052 1852; x_wconf 88' lang='lat' dir='ltr'>gaudio</span> <span class='ocrx_word' id='word_1_123' title='bbox 1074 1779 1121 1835; x_wconf 84' lang='lat' dir='ltr'>vix</span> <span class='ocrx_word' id='word_1_124' title='bbox 1140 1777 1274 1850; x_wconf 84' lang='lat' dir='ltr'>amplexi,</span> <span class='ocrx_word' id='word_1_125' title='bbox 1293 1775 1370 1848; x_wconf 90' lang='lat' dir='ltr'>regl-</span> 
     </span>
     <span class='ocr_line' id='line_1_15' title="bbox 153 1879 1370 1969; baseline -0.007 -25"><span class='ocrx_word' id='word_1_126' title='bbox 153 1887 230 1944; x_wconf 90' lang='lat' dir='ltr'>mini</span> <span class='ocrx_word' id='word_1_127' title='bbox 244 1883 400 1959; x_wconf 88' lang='lat' dir='ltr'>pontificio,</span> <span class='ocrx_word' id='word_1_128' title='bbox 415 1885 493 1944; x_wconf 86' lang='lat' dir='ltr'>inter</span> <span class='ocrx_word' id='word_1_129' title='bbox 503 1882 687 1969; x_wconf 21' lang='lat' dir='ltr'>&#39;Christianos</span> <span class='ocrx_word' id='word_1_130' title='bbox 701 1885 827 1943; x_wconf 89' lang='lat' dir='ltr'>omnium</span> <span class='ocrx_word' id='word_1_131' title='bbox 842 1885 1007 1958; x_wconf 87' lang='lat' dir='ltr'>deterrimo,</span> <span class='ocrx_word' id='word_1_132' title='bbox 1031 1883 1137 1940; x_wconf 86' lang='lat' dir='ltr'>iterum</span> <span class='ocrx_word' id='word_1_133' title='bbox 1151 1879 1370 1954; x_wconf 86' lang='lat' dir='ltr'>subjicerentur.</span> 
     </span>
     <span class='ocr_line' id='line_1_16' title="bbox 152 1986 1370 2066; baseline -0.006 -18"><span class='ocrx_word' id='word_1_134' title='bbox 152 1993 262 2062; x_wconf 85' lang='lat' dir='ltr'>Itaque</span> <span class='ocrx_word' id='word_1_135' title='bbox 293 1989 368 2047; x_wconf 88' lang='lat' dir='ltr'>hauc</span> <span class='ocrx_word' id='word_1_136' title='bbox 397 1989 494 2062; x_wconf 84' lang='lat' dir='ltr'>Papae</span> <span class='ocrx_word' id='word_1_137' title='bbox 521 2005 637 2047; x_wconf 89' lang='lat' dir='ltr'>causam</span> <span class='ocrx_word' id='word_1_138' title='bbox 665 1995 696 2046; x_wconf 89' lang='lat' dir='ltr'>et</span> <span class='ocrx_word' id='word_1_139' title='bbox 727 1990 765 2047; x_wconf 90' lang='lat' dir='ltr'>ad</span> <span class='ocrx_word' id='word_1_140' title='bbox 796 1989 977 2046; x_wconf 86' lang='lat' dir='ltr'>excitandum</span> <span class='ocrx_word' id='word_1_141' title='bbox 1005 1989 1112 2045; x_wconf 88' lang='lat' dir='ltr'>iterum</span> <span class='ocrx_word' id='word_1_142' title='bbox 1139 1986 1254 2066; x_wconf 91' lang='lat' dir='ltr'>vulgus,</span> <span class='ocrx_word' id='word_1_143' title='bbox 1283 2001 1370 2042; x_wconf 90' lang='lat' dir='ltr'>caece</span> 
     </span>
     <span class='ocr_line' id='line_1_17' title="bbox 155 2087 1372 2168; baseline -0.007 -15"><span class='ocrx_word' id='word_1_144' title='bbox 155 2095 258 2153; x_wconf 88' lang='lat' dir='ltr'>colere</span> <span class='ocrx_word' id='word_1_145' title='bbox 279 2093 361 2152; x_wconf 91' lang='lat' dir='ltr'>illum</span> <span class='ocrx_word' id='word_1_146' title='bbox 384 2098 562 2168; x_wconf 89' lang='lat' dir='ltr'>consuetum,</span> <span class='ocrx_word' id='word_1_147' title='bbox 583 2093 823 2166; x_wconf 84' lang='lat' dir='ltr'>praetendebant,</span> <span class='ocrx_word' id='word_1_148' title='bbox 847 2099 878 2151; x_wconf 90' lang='lat' dir='ltr'>et</span> <span class='ocrx_word' id='word_1_149' title='bbox 899 2093 929 2150; x_wconf 93' lang='lat' dir='ltr'>in</span> <span class='ocrx_word' id='word_1_150' title='bbox 951 2092 1051 2164; x_wconf 89' lang='lat' dir='ltr'>primis</span> <span class='ocrx_word' id='word_1_151' title='bbox 1073 2091 1140 2148; x_wconf 83' lang='lat' dir='ltr'>noti</span> <span class='ocrx_word' id='word_1_152' title='bbox 1162 2089 1278 2161; x_wconf 89' lang='lat' dir='ltr'>imperii</span> <span class='ocrx_word' id='word_1_153' title='bbox 1300 2087 1372 2146; x_wconf 88' lang='lat' dir='ltr'>Ger·</span> 
     </span>
     <span class='ocr_line' id='line_1_18' title="bbox 152 2193 1373 2280; baseline -0.005 -24"><span class='ocrx_word' id='word_1_154' title='bbox 152 2199 264 2257; x_wconf 88' lang='lat' dir='ltr'>manici</span> <span class='ocrx_word' id='word_1_155' title='bbox 295 2199 417 2256; x_wconf 89' lang='lat' dir='ltr'>comitiis</span> <span class='ocrx_word' id='word_1_156' title='bbox 445 2199 636 2271; x_wconf 86' lang='lat' dir='ltr'>agitaverunt.</span> <span class='ocrx_word' id='word_1_157' title='bbox 681 2197 763 2267; x_wconf 81' lang='lat' dir='ltr'>Quod</span> <span class='ocrx_word' id='word_1_158' title='bbox 794 2203 827 2254; x_wconf 93' lang='lat' dir='ltr'>ut</span> <span class='ocrx_word' id='word_1_159' title='bbox 856 2202 941 2254; x_wconf 88' lang='lat' dir='ltr'>caute</span> <span class='ocrx_word' id='word_1_160' title='bbox 965 2195 1081 2280; x_wconf 86' lang='lat' dir='ltr'>quidem</span> <span class='ocrx_word' id='word_1_161' title='bbox 1104 2193 1155 2252; x_wconf 90' lang='lat' dir='ltr'>sed</span> <span class='ocrx_word' id='word_1_162' title='bbox 1178 2195 1248 2252; x_wconf 91' lang='lat' dir='ltr'>satis</span> <span class='ocrx_word' id='word_1_163' title='bbox 1270 2198 1373 2265; x_wconf 89' lang='lat' dir='ltr'>aperte</span> 
     </span>
     <span class='ocr_line' id='line_1_19' title="bbox 155 2297 1373 2377; baseline -0.008 -13"><span class='ocrx_word' id='word_1_164' title='bbox 155 2318 216 2364; x_wconf 90' lang='lat' dir='ltr'>nec</span> <span class='ocrx_word' id='word_1_165' title='bbox 237 2304 299 2362; x_wconf 89' lang='lat' dir='ltr'>sine</span> <span class='ocrx_word' id='word_1_166' title='bbox 317 2301 423 2360; x_wconf 89' lang='lat' dir='ltr'>idoneo</span> <span class='ocrx_word' id='word_1_167' title='bbox 442 2303 564 2360; x_wconf 90' lang='lat' dir='ltr'>tumultu</span> <span class='ocrx_word' id='word_1_168' title='bbox 588 2301 735 2377; x_wconf 85' lang='lat' dir='ltr'>facerent,</span> <span class='ocrx_word' id='word_1_169' title='bbox 762 2317 836 2359; x_wconf 88' lang='lat' dir='ltr'>uuus</span> <span class='ocrx_word' id='word_1_170' title='bbox 859 2301 1059 2358; x_wconf 90' lang='lat' dir='ltr'>callidissimus</span> <span class='ocrx_word' id='word_1_171' title='bbox 1081 2301 1126 2357; x_wconf 92' lang='lat' dir='ltr'>vir</span> <span class='ocrx_word' id='word_1_172' title='bbox 1147 2297 1373 2358; x_wconf 89' lang='lat' dir='ltr'>Windthorstius</span> 
     </span>
     <span class='ocr_line' id='line_1_20' title="bbox 155 2402 1374 2481; baseline -0.008 -13"><span class='ocrx_word' id='word_1_173' title='bbox 155 2408 329 2481; x_wconf 83' lang='lat' dir='ltr'>Meppeusis</span> <span class='ocrx_word' id='word_1_174' title='bbox 363 2408 459 2465; x_wconf 91' lang='lat' dir='ltr'>omnia</span> <span class='ocrx_word' id='word_1_175' title='bbox 492 2407 658 2465; x_wconf 82' lang='lat' dir='ltr'>felicissime</span> <span class='ocrx_word' id='word_1_176' title='bbox 694 2411 929 2480; x_wconf 88' lang='lat' dir='ltr'>praeparaverat.</span> <span class='ocrx_word' id='word_1_177' title='bbox 981 2405 1092 2478; x_wconf 80' lang='lat' dir='ltr'>Quippe</span> <span class='ocrx_word' id='word_1_178' title='bbox 1123 2402 1291 2462; x_wconf 87' lang='lat' dir='ltr'>Guellornm</span> <span class='ocrx_word' id='word_1_179' title='bbox 1324 2403 1374 2474; x_wconf 89' lang='lat' dir='ltr'>qui</span> 
     </span>
     <span class='ocr_line' id='line_1_21' title="bbox 155 2507 1374 2585; baseline -0.005 -15"><span class='ocrx_word' id='word_1_180' title='bbox 155 2513 338 2570; x_wconf 88' lang='lat' dir='ltr'>vocabantur</span> <span class='ocrx_word' id='word_1_181' title='bbox 378 2517 409 2570; x_wconf 91' lang='lat' dir='ltr'>et</span> <span class='ocrx_word' id='word_1_182' title='bbox 437 2509 652 2570; x_wconf 87' lang='lat' dir='ltr'>Pontificiorum</span> <span class='ocrx_word' id='word_1_183' title='bbox 687 2512 785 2585; x_wconf 90' lang='lat' dir='ltr'>copias</span> <span class='ocrx_word' id='word_1_184' title='bbox 816 2510 1008 2582; x_wconf 72' lang='lat' dir='ltr'>conflaverat,</span> <span class='ocrx_word' id='word_1_185' title='bbox 1046 2511 1224 2582; x_wconf 88' lang='lat' dir='ltr'>aptissimum</span> <span class='ocrx_word' id='word_1_186' title='bbox 1262 2507 1374 2580; x_wconf 91' lang='lat' dir='ltr'>ducem,</span> 
     </span>
     <span class='ocr_line' id='line_1_22' title="bbox 155 2611 1375 2689; baseline -0.006 -15"><span class='ocrx_word' id='word_1_187' title='bbox 155 2617 255 2674; x_wconf 86' lang='lat' dir='ltr'>solnm</span> <span class='ocrx_word' id='word_1_188' title='bbox 276 2621 376 2673; x_wconf 85' lang='lat' dir='ltr'>tantae</span> <span class='ocrx_word' id='word_1_189' title='bbox 398 2615 467 2673; x_wconf 92' lang='lat' dir='ltr'>moli</span> <span class='ocrx_word' id='word_1_190' title='bbox 488 2631 604 2689; x_wconf 89' lang='lat' dir='ltr'>parem,</span> <span class='ocrx_word' id='word_1_191' title='bbox 627 2615 741 2674; x_wconf 91' lang='lat' dir='ltr'>illorum</span> <span class='ocrx_word' id='word_1_192' title='bbox 763 2616 955 2689; x_wconf 80' lang='lat' dir='ltr'>conjurationi</span> <span class='ocrx_word' id='word_1_193' title='bbox 977 2629 1009 2672; x_wconf 93' lang='lat' dir='ltr'>se</span> <span class='ocrx_word' id='word_1_194' title='bbox 1029 2614 1218 2687; x_wconf 80' lang='lat' dir='ltr'>praebuerat3</span> <span class='ocrx_word' id='word_1_195' title='bbox 1245 2611 1375 2671; x_wconf 87' lang='lat' dir='ltr'>homiues</span> 
     </span>
     <span class='ocr_line' id='line_1_23' title="bbox 157 2717 1375 2794; baseline -0.007 -14"><span class='ocrx_word' id='word_1_196' title='bbox 157 2727 195 2780; x_wconf 86' lang='lat' dir='ltr'>et</span> <span class='ocrx_word' id='word_1_197' title='bbox 223 2721 364 2778; x_wconf 77' lang='lat' dir='ltr'>fanaucos</span> <span class='ocrx_word' id='word_1_198' title='bbox 392 2725 423 2778; x_wconf 90' lang='lat' dir='ltr'>et</span> <span class='ocrx_word' id='word_1_199' title='bbox 444 2720 624 2794; x_wconf 90' lang='lat' dir='ltr'>moderatos,</span> <span class='ocrx_word' id='word_1_200' title='bbox 650 2721 729 2778; x_wconf 90' lang='lat' dir='ltr'>haud</span> <span class='ocrx_word' id='word_1_201' title='bbox 757 2737 865 2792; x_wconf 91' lang='lat' dir='ltr'>paucos</span> <span class='ocrx_word' id='word_1_202' title='bbox 895 2721 1000 2794; x_wconf 87' lang='lat' dir='ltr'>etiam,</span> <span class='ocrx_word' id='word_1_203' title='bbox 1028 2721 1079 2791; x_wconf 87' lang='lat' dir='ltr'>qui</span> <span class='ocrx_word' id='word_1_204' title='bbox 1105 2719 1142 2778; x_wconf 90' lang='lat' dir='ltr'>de</span> <span class='ocrx_word' id='word_1_205' title='bbox 1165 2717 1375 2776; x_wconf 87' lang='lat' dir='ltr'>Germanorum</span> 
     </span>
     <span class='ocr_line' id='line_1_24' title="bbox 157 2821 1376 2898; baseline -0.004 -15"><span class='ocrx_word' id='word_1_206' title='bbox 157 2825 291 2884; x_wconf 86' lang='lat' dir='ltr'>victoriis</span> <span class='ocrx_word' id='word_1_207' title='bbox 314 2829 344 2882; x_wconf 92' lang='lat' dir='ltr'>et</span> <span class='ocrx_word' id='word_1_208' title='bbox 365 2825 499 2882; x_wconf 82' lang='lat' dir='ltr'>restituto</span> <span class='ocrx_word' id='word_1_209' title='bbox 518 2825 640 2898; x_wconf 91' lang='lat' dir='ltr'>imperio</span> <span class='ocrx_word' id='word_1_210' title='bbox 664 2826 778 2883; x_wconf 90' lang='lat' dir='ltr'>sincere</span> <span class='ocrx_word' id='word_1_211' title='bbox 801 2825 892 2897; x_wconf 88' lang='lat' dir='ltr'>gavisi</span> <span class='ocrx_word' id='word_1_212' title='bbox 916 2830 1017 2898; x_wconf 88' lang='lat' dir='ltr'>eraut,</span> <span class='ocrx_word' id='word_1_213' title='bbox 1039 2824 1086 2882; x_wconf 91' lang='lat' dir='ltr'>vel</span> <span class='ocrx_word' id='word_1_214' title='bbox 1107 2823 1233 2896; x_wconf 88' lang='lat' dir='ltr'>politicis</span> <span class='ocrx_word' id='word_1_215' title='bbox 1256 2821 1376 2880; x_wconf 87' lang='lat' dir='ltr'>rationi·</span> 
     </span>
     <span class='ocr_line' id='line_1_25' title="bbox 158 2927 1376 3003; baseline -0.004 -15"><span class='ocrx_word' id='word_1_216' title='bbox 158 2931 219 2988; x_wconf 91' lang='lat' dir='ltr'>bus</span> <span class='ocrx_word' id='word_1_217' title='bbox 239 2930 287 2986; x_wconf 90' lang='lat' dir='ltr'>vel</span> <span class='ocrx_word' id='word_1_218' title='bbox 308 2934 459 3001; x_wconf 83' lang='lat' dir='ltr'>praetexto</span> <span class='ocrx_word' id='word_1_219' title='bbox 481 2929 630 3003; x_wconf 89' lang='lat' dir='ltr'>religionis</span> <span class='ocrx_word' id='word_1_220' title='bbox 650 2930 780 3002; x_wconf 88' lang='lat' dir='ltr'>periculo</span> <span class='ocrx_word' id='word_1_221' title='bbox 802 2944 901 2987; x_wconf 90' lang='lat' dir='ltr'>secum</span> <span class='ocrx_word' id='word_1_222' title='bbox 922 2933 1068 3002; x_wconf 85' lang='lat' dir='ltr'>rapuerat.</span> <span class='ocrx_word' id='word_1_223' title='bbox 1112 2928 1237 3001; x_wconf 87' lang='lat' dir='ltr'>Propter</span> <span class='ocrx_word' id='word_1_224' title='bbox 1250 2927 1376 2985; x_wconf 90' lang='lat' dir='ltr'>oblatum</span> 
     </span>
     <span class='ocr_line' id='line_1_26' title="bbox 159 3031 1378 3105; baseline -0.004 -12"><span class='ocrx_word' id='word_1_225' title='bbox 159 3033 330 3093; x_wconf 88' lang='lat' dir='ltr'>intellectus</span> <span class='ocrx_word' id='word_1_226' title='bbox 351 3031 522 3091; x_wconf 87' lang='lat' dir='ltr'>sacrificium</span> <span class='ocrx_word' id='word_1_227' title='bbox 544 3033 678 3092; x_wconf 90' lang='lat' dir='ltr'>Vaticani</span> <span class='ocrx_word' id='word_1_228' title='bbox 700 3034 815 3092; x_wconf 92' lang='lat' dir='ltr'>concilii</span> <span class='ocrx_word' id='word_1_229' title='bbox 838 3035 956 3092; x_wconf 88' lang='lat' dir='ltr'>asseclis</span> <span class='ocrx_word' id='word_1_230' title='bbox 979 3033 1160 3105; x_wconf 87' lang='lat' dir='ltr'>gratissimus</span> <span class='ocrx_word' id='word_1_231' title='bbox 1183 3037 1255 3102; x_wconf 89' lang='lat' dir='ltr'>erat,</span> <span class='ocrx_word' id='word_1_232' title='bbox 1280 3047 1378 3102; x_wconf 87' lang='lat' dir='ltr'>quam-</span> 
     </span>
     <span class='ocr_line' id='line_1_27' title="bbox 160 3133 1378 3212; baseline -0.006 -17"><span class='ocrx_word' id='word_1_233' title='bbox 160 3153 252 3210; x_wconf 88' lang='lat' dir='ltr'>quam</span> <span class='ocrx_word' id='word_1_234' title='bbox 281 3137 411 3194; x_wconf 93' lang='lat' dir='ltr'>nonnulli</span> <span class='ocrx_word' id='word_1_235' title='bbox 439 3137 476 3196; x_wconf 89' lang='lat' dir='ltr'>dc</span> <span class='ocrx_word' id='word_1_236' title='bbox 501 3133 569 3195; x_wconf 88' lang='lat' dir='ltr'>fidei</span> <span class='ocrx_word' id='word_1_237' title='bbox 597 3139 660 3209; x_wconf 90' lang='lat' dir='ltr'>ejns</span> <span class='ocrx_word' id='word_1_238' title='bbox 691 3135 828 3195; x_wconf 87' lang='lat' dir='ltr'>firmitate</span> <span class='ocrx_word' id='word_1_239' title='bbox 860 3136 1039 3194; x_wconf 84' lang='lat' dir='ltr'>dubitabant</span> <span class='ocrx_word' id='word_1_240' title='bbox 1083 3135 1201 3212; x_wconf 80' lang='lat' dir='ltr'>Etenim</span> <span class='ocrx_word' id='word_1_241' title='bbox 1223 3134 1378 3206; x_wconf 80' lang='lat' dir='ltr'>religiosae</span> 
     </span>
     <span class='ocr_line' id='line_1_28' title="bbox 159 3237 1380 3314; baseline -0.007 -13"><span class='ocrx_word' id='word_1_242' title='bbox 159 3244 198 3301; x_wconf 87' lang='lat' dir='ltr'>in</span> <span class='ocrx_word' id='word_1_243' title='bbox 220 3241 377 3300; x_wconf 88' lang='lat' dir='ltr'>christiana</span> <span class='ocrx_word' id='word_1_244' title='bbox 406 3241 530 3300; x_wconf 87' lang='lat' dir='ltr'>veritate</span> <span class='ocrx_word' id='word_1_245' title='bbox 553 3241 756 3314; x_wconf 86' lang='lat' dir='ltr'>amplectenda</span> <span class='ocrx_word' id='word_1_246' title='bbox 778 3241 948 3312; x_wconf 79' lang='lat' dir='ltr'>diligentiae</span> <span class='ocrx_word' id='word_1_247' title='bbox 970 3241 1018 3297; x_wconf 85' lang='lat' dir='ltr'>vix</span> <span class='ocrx_word' id='word_1_248' title='bbox 1039 3240 1099 3297; x_wconf 89' lang='lat' dir='ltr'>ulla</span> <span class='ocrx_word' id='word_1_249' title='bbox 1120 3239 1243 3310; x_wconf 90' lang='lat' dir='ltr'>vestigia</span> <span class='ocrx_word' id='word_1_250' title='bbox 1264 3238 1294 3294; x_wconf 90' lang='lat' dir='ltr'>in</span> <span class='ocrx_word' id='word_1_251' title='bbox 1317 3237 1380 3307; x_wconf 89' lang='lat' dir='ltr'>ejus</span> 
     </span>
     <span class='ocr_line' id='line_1_29' title="bbox 160 3342 1380 3420; baseline -0.007 -13"><span class='ocrx_word' id='word_1_252' title='bbox 160 3345 348 3407; x_wconf 85' lang='lat' dir='ltr'>sermonibus</span> <span class='ocrx_word' id='word_1_253' title='bbox 373 3345 612 3420; x_wconf 86' lang='lat' dir='ltr'>inveniebantur,</span> <span class='ocrx_word' id='word_1_254' title='bbox 646 3347 790 3420; x_wconf 89' lang='lat' dir='ltr'>permulta</span> <span class='ocrx_word' id='word_1_255' title='bbox 815 3345 942 3404; x_wconf 86' lang='lat' dir='ltr'>levitatis</span> <span class='ocrx_word' id='word_1_256' title='bbox 972 3342 1119 3417; x_wconf 88' lang='lat' dir='ltr'>cujusdam</span> <span class='ocrx_word' id='word_1_257' title='bbox 1146 3349 1177 3401; x_wconf 92' lang='lat' dir='ltr'>et</span> <span class='ocrx_word' id='word_1_258' title='bbox 1203 3343 1380 3414; x_wconf 88' lang='lat' dir='ltr'>mobilitatis,</span> 
     </span>
     <span class='ocr_line' id='line_1_30' title="bbox 160 3445 1381 3526; baseline -0.005 -16"><span class='ocrx_word' id='word_1_259' title='bbox 160 3451 327 3510; x_wconf 86' lang='lat' dir='ltr'>innumeris</span> <span class='ocrx_word' id='word_1_260' title='bbox 346 3449 521 3508; x_wconf 87' lang='lat' dir='ltr'>abundantis</span> <span class='ocrx_word' id='word_1_261' title='bbox 548 3449 677 3526; x_wconf 80' lang='lat' dir='ltr'>facetiis,</span> <span class='ocrx_word' id='word_1_262' title='bbox 699 3451 805 3525; x_wconf 87' lang='lat' dir='ltr'>partim</span> <span class='ocrx_word' id='word_1_263' title='bbox 828 3451 900 3508; x_wconf 89' lang='lat' dir='ltr'>satis</span> <span class='ocrx_word' id='word_1_264' title='bbox 926 3450 1053 3523; x_wconf 86' lang='lat' dir='ltr'>festivis,</span> <span class='ocrx_word' id='word_1_265' title='bbox 1081 3449 1185 3522; x_wconf 89' lang='lat' dir='ltr'>partim</span> <span class='ocrx_word' id='word_1_266' title='bbox 1214 3445 1324 3506; x_wconf 79' lang='lat' dir='ltr'>frivolis</span> <span class='ocrx_word' id='word_1_267' title='bbox 1347 3463 1381 3504; x_wconf 89' lang='lat' dir='ltr'>ac</span> 
     </span>
     <span class='ocr_line' id='line_1_31' title="bbox 161 3553 1382 3627; baseline -0.004 -13"><span class='ocrx_word' id='word_1_268' title='bbox 161 3553 351 3627; x_wconf 86' lang='lat' dir='ltr'>scurrilibus,</span> <span class='ocrx_word' id='word_1_269' title='bbox 373 3554 451 3613; x_wconf 91' lang='lat' dir='ltr'>haud</span> <span class='ocrx_word' id='word_1_270' title='bbox 473 3571 540 3613; x_wconf 91' lang='lat' dir='ltr'>raro</span> <span class='ocrx_word' id='word_1_271' title='bbox 562 3555 710 3614; x_wconf 90' lang='lat' dir='ltr'>subdolam</span> <span class='ocrx_word' id='word_1_272' title='bbox 733 3556 873 3614; x_wconf 86' lang='lat' dir='ltr'>malitiam</span> <span class='ocrx_word' id='word_1_273' title='bbox 895 3555 1041 3614; x_wconf 87' lang='lat' dir='ltr'>innocenti</span> <span class='ocrx_word' id='word_1_274' title='bbox 1061 3555 1141 3612; x_wconf 90' lang='lat' dir='ltr'>vultu</span> <span class='ocrx_word' id='word_1_275' title='bbox 1162 3559 1193 3612; x_wconf 90' lang='lat' dir='ltr'>et</span> <span class='ocrx_word' id='word_1_276' title='bbox 1214 3553 1382 3611; x_wconf 86' lang='lat' dir='ltr'>suavissima</span> 
     </span>
     <span class='ocr_line' id='line_1_32' title="bbox 164 3655 1381 3733; baseline -0.003 -17"><span class='ocrx_word' id='word_1_277' title='bbox 164 3673 241 3716; x_wconf 81' lang='lat' dir='ltr'>voce</span> <span class='ocrx_word' id='word_1_278' title='bbox 262 3663 369 3716; x_wconf 86' lang='lat' dir='ltr'>tectam</span> <span class='ocrx_word' id='word_1_279' title='bbox 392 3659 576 3732; x_wconf 87' lang='lat' dir='ltr'>spirantibus.</span> <span class='ocrx_word' id='word_1_280' title='bbox 621 3659 731 3718; x_wconf 86' lang='lat' dir='ltr'>Tantus</span> <span class='ocrx_word' id='word_1_281' title='bbox 754 3665 878 3733; x_wconf 89' lang='lat' dir='ltr'>nugator</span> <span class='ocrx_word' id='word_1_282' title='bbox 898 3659 983 3717; x_wconf 91' lang='lat' dir='ltr'>valde</span> <span class='ocrx_word' id='word_1_283' title='bbox 1005 3659 1107 3716; x_wconf 91' lang='lat' dir='ltr'>dubius</span> <span class='ocrx_word' id='word_1_284' title='bbox 1131 3675 1223 3716; x_wconf 90' lang='lat' dir='ltr'>novae</span> <span class='ocrx_word' id='word_1_285' title='bbox 1246 3657 1323 3729; x_wconf 88' lang='lat' dir='ltr'>fidei,</span> <span class='ocrx_word' id='word_1_286' title='bbox 1345 3655 1381 3713; x_wconf 89' lang='lat' dir='ltr'>de</span> 
     </span>
     <span class='ocr_line' id='line_1_33' title="bbox 162 3760 1382 3838; baseline -0.003 -18"><span class='ocrx_word' id='word_1_287' title='bbox 162 3777 228 3836; x_wconf 87' lang='lat' dir='ltr'>qua</span> <span class='ocrx_word' id='word_1_288' title='bbox 245 3763 375 3835; x_wconf 89' lang='lat' dir='ltr'>proxime</span> <span class='ocrx_word' id='word_1_289' title='bbox 397 3764 461 3836; x_wconf 92' lang='lat' dir='ltr'>ipse</span> <span class='ocrx_word' id='word_1_290' title='bbox 480 3763 673 3838; x_wconf 85' lang='lat' dir='ltr'>dubitaverat,</span> <span class='ocrx_word' id='word_1_291' title='bbox 695 3763 832 3823; x_wconf 82' lang='lat' dir='ltr'>defensor</span> <span class='ocrx_word' id='word_1_292' title='bbox 854 3781 919 3822; x_wconf 89' lang='lat' dir='ltr'>esse</span> <span class='ocrx_word' id='word_1_293' title='bbox 933 3763 1093 3822; x_wconf 90' lang='lat' dir='ltr'>videbatur.</span> <span class='ocrx_word' id='word_1_294' title='bbox 1125 3762 1222 3820; x_wconf 84' lang='lat' dir='ltr'>Etiam</span> <span class='ocrx_word' id='word_1_295' title='bbox 1236 3760 1273 3818; x_wconf 94' lang='lat' dir='ltr'>de</span> <span class='ocrx_word' id='word_1_296' title='bbox 1287 3760 1382 3818; x_wconf 89' lang='lat' dir='ltr'>Jesui-</span> 
     </span>
     <span class='ocr_line' id='line_1_34' title="bbox 163 3866 1382 3942; baseline -0.006 -16"><span class='ocrx_word' id='word_1_297' title='bbox 163 3869 210 3926; x_wconf 85' lang='lat' dir='ltr'>tis</span> <span class='ocrx_word' id='word_1_298' title='bbox 230 3866 309 3924; x_wconf 91' lang='lat' dir='ltr'>haud</span> <span class='ocrx_word' id='word_1_299' title='bbox 330 3867 420 3926; x_wconf 87' lang='lat' dir='ltr'>multo</span> <span class='ocrx_word' id='word_1_300' title='bbox 442 3875 510 3926; x_wconf 91' lang='lat' dir='ltr'>aute</span> <span class='ocrx_word' id='word_1_301' title='bbox 533 3870 605 3926; x_wconf 89' lang='lat' dir='ltr'>satis</span> <span class='ocrx_word' id='word_1_302' title='bbox 627 3870 813 3941; x_wconf 91' lang='lat' dir='ltr'>contemptim</span> <span class='ocrx_word' id='word_1_303' title='bbox 831 3870 945 3926; x_wconf 91' lang='lat' dir='ltr'>locutus</span> <span class='ocrx_word' id='word_1_304' title='bbox 968 3873 1040 3942; x_wconf 87' lang='lat' dir='ltr'>erat,</span> <span class='ocrx_word' id='word_1_305' title='bbox 1063 3867 1261 3940; x_wconf 80' lang='lat' dir='ltr'>expulsionem</span> <span class='ocrx_word' id='word_1_306' title='bbox 1284 3879 1382 3921; x_wconf 90' lang='lat' dir='ltr'>eorum</span> 
     </span>
     <span class='ocr_line' id='line_1_35' title="bbox 165 3965 1384 4046; baseline -0.007 -16"><span class='ocrx_word' id='word_1_307' title='bbox 165 3969 289 4030; x_wconf 89' lang='lat' dir='ltr'>minime</span> <span class='ocrx_word' id='word_1_308' title='bbox 318 3971 526 4042; x_wconf 88' lang='lat' dir='ltr'>prohibiturum</span> <span class='ocrx_word' id='word_1_309' title='bbox 553 3989 585 4032; x_wconf 91' lang='lat' dir='ltr'>se</span> <span class='ocrx_word' id='word_1_310' title='bbox 613 3987 678 4031; x_wconf 89' lang='lat' dir='ltr'>esse</span> <span class='ocrx_word' id='word_1_311' title='bbox 696 3975 826 4046; x_wconf 75' lang='lat' dir='ltr'>jactans,</span> <span class='ocrx_word' id='word_1_312' title='bbox 857 3978 961 4044; x_wconf 87' lang='lat' dir='ltr'>postea</span> <span class='ocrx_word' id='word_1_313' title='bbox 982 3971 1057 4028; x_wconf 93' lang='lat' dir='ltr'>banc</span> <span class='ocrx_word' id='word_1_314' title='bbox 1080 3969 1254 4028; x_wconf 85' lang='lat' dir='ltr'>sententiam</span> <span class='ocrx_word' id='word_1_315' title='bbox 1277 3965 1384 4024; x_wconf 89' lang='lat' dir='ltr'>usitata</span> 
     </span>
     <span class='ocr_line' id='line_1_36' title="bbox 165 4071 1384 4151; baseline -0.005 -17"><span class='ocrx_word' id='word_1_316' title='bbox 165 4075 292 4134; x_wconf 86' lang='lat' dir='ltr'>levitate</span> <span class='ocrx_word' id='word_1_317' title='bbox 314 4075 468 4135; x_wconf 89' lang='lat' dir='ltr'>subridens</span> <span class='ocrx_word' id='word_1_318' title='bbox 489 4079 651 4151; x_wconf 86' lang='lat' dir='ltr'>revocavit,</span> <span class='ocrx_word' id='word_1_319' title='bbox 674 4076 804 4134; x_wconf 90' lang='lat' dir='ltr'>sentiens</span> <span class='ocrx_word' id='word_1_320' title='bbox 821 4074 963 4149; x_wconf 79' lang='lat' dir='ltr'>sortasse,</span> <span class='ocrx_word' id='word_1_321' title='bbox 985 4076 1097 4133; x_wconf 88' lang='lat' dir='ltr'>illomm</span> <span class='ocrx_word' id='word_1_322' title='bbox 1121 4071 1228 4146; x_wconf 93' lang='lat' dir='ltr'>agendi</span> <span class='ocrx_word' id='word_1_323' title='bbox 1242 4073 1384 4130; x_wconf 89' lang='lat' dir='ltr'>rationem</span> 
     </span>
     <span class='ocr_line' id='line_1_37' title="bbox 165 4176 1385 4254; baseline -0.003 -16"><span class='ocrx_word' id='word_1_324' title='bbox 165 4187 234 4238; x_wconf 82' lang='lat' dir='ltr'>tarn</span> <span class='ocrx_word' id='word_1_325' title='bbox 261 4183 394 4238; x_wconf 86' lang='lat' dir='ltr'>tenacem</span> <span class='ocrx_word' id='word_1_326' title='bbox 424 4182 562 4254; x_wconf 91' lang='lat' dir='ltr'>propositi</span> <span class='ocrx_word' id='word_1_327' title='bbox 590 4197 674 4254; x_wconf 88' lang='lat' dir='ltr'>quam</span> <span class='ocrx_word' id='word_1_328' title='bbox 710 4181 741 4237; x_wconf 91' lang='lat' dir='ltr'>in</span> <span class='ocrx_word' id='word_1_329' title='bbox 776 4179 917 4250; x_wconf 80' lang='lat' dir='ltr'>eligendis</span> <span class='ocrx_word' id='word_1_330' title='bbox 946 4179 1073 4236; x_wconf 88' lang='lat' dir='ltr'>consiliis</span> <span class='ocrx_word' id='word_1_331' title='bbox 1100 4176 1284 4250; x_wconf 89' lang='lat' dir='ltr'>versipellem</span> <span class='ocrx_word' id='word_1_332' title='bbox 1312 4177 1385 4234; x_wconf 89' lang='lat' dir='ltr'>mire</span> 
     </span>
     <span class='ocr_line' id='line_1_38' title="bbox 166 4281 1387 4356; baseline -0.005 -13"><span class='ocrx_word' id='word_1_333' title='bbox 166 4300 240 4343; x_wconf 90' lang='lat' dir='ltr'>cum</span> <span class='ocrx_word' id='word_1_334' title='bbox 266 4299 319 4353; x_wconf 81' lang='lat' dir='ltr'>sua</span> <span class='ocrx_word' id='word_1_335' title='bbox 345 4301 512 4356; x_wconf 85' lang='lat' dir='ltr'>congruere.</span> <span class='ocrx_word' id='word_1_336' title='bbox 561 4286 643 4344; x_wconf 87' lang='lat' dir='ltr'>Inter</span> <span class='ocrx_word' id='word_1_337' title='bbox 669 4283 847 4356; x_wconf 89' lang='lat' dir='ltr'>reipublicae</span> <span class='ocrx_word' id='word_1_338' title='bbox 874 4283 1094 4340; x_wconf 82' lang='lat' dir='ltr'>Atheniensium</span> <span class='ocrx_word' id='word_1_339' title='bbox 1126 4287 1256 4339; x_wconf 88' lang='lat' dir='ltr'>rectores</span> <span class='ocrx_word' id='word_1_340' title='bbox 1278 4281 1387 4338; x_wconf 88' lang='lat' dir='ltr'>Thera-</span> 
     </span>
     <span class='ocr_line' id='line_1_39' title="bbox 166 4384 1388 4464; baseline -0.006 -16"><span class='ocrx_word' id='word_1_341' title='bbox 166 4403 276 4448; x_wconf 86' lang='lat' dir='ltr'>menes</span> <span class='ocrx_word' id='word_1_342' title='bbox 298 4389 442 4460; x_wconf 89' lang='lat' dir='ltr'>quondam</span> <span class='ocrx_word' id='word_1_343' title='bbox 469 4393 590 4464; x_wconf 86' lang='lat' dir='ltr'>propter</span> <span class='ocrx_word' id='word_1_344' title='bbox 610 4389 748 4448; x_wconf 87' lang='lat' dir='ltr'>versatile</span> <span class='ocrx_word' id='word_1_345' title='bbox 768 4389 917 4459; x_wconf 87' lang='lat' dir='ltr'>ingenium</span> <span class='ocrx_word' id='word_1_346' title='bbox 943 4392 974 4445; x_wconf 92' lang='lat' dir='ltr'>et</span> <span class='ocrx_word' id='word_1_347' title='bbox 996 4387 1125 4444; x_wconf 84' lang='lat' dir='ltr'>mutandi</span> <span class='ocrx_word' id='word_1_348' title='bbox 1144 4393 1243 4458; x_wconf 86' lang='lat' dir='ltr'>partes</span> <span class='ocrx_word' id='word_1_349' title='bbox 1265 4384 1388 4442; x_wconf 81' lang='lat' dir='ltr'>facilita-</span> 
     </span>
     <span class='ocr_line' id='line_1_40' title="bbox 167 4489 1389 4568; baseline -0.006 -16"><span class='ocrx_word' id='word_1_350' title='bbox 167 4503 235 4552; x_wconf 82' lang='lat' dir='ltr'>tem</span> <span class='ocrx_word' id='word_1_351' title='bbox 254 4490 416 4552; x_wconf 77' lang='lat' dir='ltr'>cumurnm</span> <span class='ocrx_word' id='word_1_352' title='bbox 445 4496 606 4568; x_wconf 86' lang='lat' dir='ltr'>appellatus</span> <span class='ocrx_word' id='word_1_353' title='bbox 631 4499 692 4567; x_wconf 87' lang='lat' dir='ltr'>est,</span> <span class='ocrx_word' id='word_1_354' title='bbox 727 4491 802 4565; x_wconf 90' lang='lat' dir='ltr'>quod</span> <span class='ocrx_word' id='word_1_355' title='bbox 831 4509 922 4566; x_wconf 91' lang='lat' dir='ltr'>genus</span> <span class='ocrx_word' id='word_1_356' title='bbox 950 4497 1014 4550; x_wconf 88' lang='lat' dir='ltr'>erat</span> <span class='ocrx_word' id='word_1_357' title='bbox 1041 4491 1232 4549; x_wconf 90' lang='lat' dir='ltr'>calceamenti</span> <span class='ocrx_word' id='word_1_358' title='bbox 1258 4489 1389 4546; x_wconf 89' lang='lat' dir='ltr'>utrilibet</span> 
     </span>
     <span class='ocr_line' id='line_1_41' title="bbox 167 4594 1390 4674; baseline -0.006 -18"><span class='ocrx_word' id='word_1_359' title='bbox 167 4597 243 4673; x_wconf 86' lang='lat' dir='ltr'>pedi</span> <span class='ocrx_word' id='word_1_360' title='bbox 274 4603 305 4656; x_wconf 90' lang='lat' dir='ltr'>et</span> <span class='ocrx_word' id='word_1_361' title='bbox 326 4601 496 4658; x_wconf 90' lang='lat' dir='ltr'>mulieribus</span> <span class='ocrx_word' id='word_1_362' title='bbox 517 4601 629 4674; x_wconf 87' lang='lat' dir='ltr'>pariter</span> <span class='ocrx_word' id='word_1_363' title='bbox 655 4614 690 4655; x_wconf 92' lang='lat' dir='ltr'>ac</span> <span class='ocrx_word' id='word_1_364' title='bbox 712 4597 782 4654; x_wconf 90' lang='lat' dir='ltr'>viris</span> <span class='ocrx_word' id='word_1_365' title='bbox 807 4597 992 4656; x_wconf 89' lang='lat' dir='ltr'>conveniens.</span> <span class='ocrx_word' id='word_1_366' title='bbox 1035 4595 1205 4669; x_wconf 84' lang='lat' dir='ltr'>Meppeusis</span> <span class='ocrx_word' id='word_1_367' title='bbox 1230 4594 1317 4666; x_wconf 94' lang='lat' dir='ltr'>louge</span> <span class='ocrx_word' id='word_1_368' title='bbox 1339 4594 1390 4651; x_wconf 88' lang='lat' dir='ltr'>illo</span> 
     </span>
     <span class='ocr_line' id='line_1_42' title="bbox 1126 4691 1171 4758; baseline 0 -28"><span class='ocrx_word' id='word_1_369' title='bbox 1126 4691 1171 4758; x_wconf 64' lang='lat'>5*</span> 
     </span>
    </p>
   </div>
   <div class='ocr_carea' id='block_1_3' title="bbox 0 0 1637 5058">
    <p class='ocr_par' dir='ltr' id='par_1_3' title="bbox 0 0 1637 5058">
     <span class='ocr_line' id='line_1_43' title="bbox 0 0 1637 5058; baseline 0 0"><span class='ocrx_word' id='word_1_370' title='bbox 0 0 1637 5058; x_wconf 95' lang='lat' dir='ltr'> </span> 
     </span>
    </p>
   </div>
  </div>
 </body>
</html>
