3156 5056
265 277 319 334 210
753 281 857 335 Pharis
875 282 988 338 Pauorem

265 511 322 570 qua
345 511 395 556 cos
418 496 541 556 maxime
564 495 641 556 sedis
663 495 811 556 Romam
833 495 1006 572 dignitatem
1034 499 1175 559 evertisse
1198 498 1338 560 10000000
1363 500 1477 573 saepius

265 601 403 674 queritur.
448 601 487 660 Hi
509 600 685 674 Lutherum,
707 606 740 660 ut
762 617 836 662 novo
858 602 1014 662 haerescos
1040 605 1162 662 crimine
1185 620 1302 678 prorsus
1325 621 1390 662 eum
1412 621 1478 677 pcr-

264 704 380 780 dereut,
404 704 442 764 ad
464 705 688 780 oppugnandum
703 705 818 778 publice
834 705 982 766 Pontificis
997 709 1151 781 imperium
1166 708 1282 768 trahere
1298 709 1475 768 studuerunt

264 809 366 883 Neque
388 810 413 868 is
435 825 454 868 a
476 813 558 869 tanto
580 809 703 886 flagitio,
726 809 804 884 quod
824 812 888 870 istis
910 811 1025 884 quidem
1048 811 1214 888 ridebatur,
1234 812 1398 887 abhorruit,
1425 813 1477 871 sed

264 921 366 977 contra
389 913 509 974 Eccium
536 915 566 972 in
597 915 738 988 colloquio
761 914 905 988 Lipsiensi
933 917 1029 989 palam
1053 918 1190 990 clareque
1218 917 1248 976 id
1270 918 1477 991 pronuntiauit,
1551 955 1552 958 κ

262 1019 339 1094 quod
367 1018 510 1094 quondam
540 1017 577 1078 ah
608 1019 730 1078 Eraemo
760 1025 845 1080 caute
875 1018 1067 1094 significatum
1098 1021 1237 1082 iracunde
1267 1023 1331 1096 ipse
1361 1024 1477 1094 tulerat,

263 1123 337 1199 qood
359 1139 428 1184 vero
451 1139 537 1197 quam
559 1127 642 1183 recte
665 1139 696 1182 se
720 1124 843 1184 haberet
864 1127 1004 1198 paulatim
1025 1133 1207 1201 perceperat.
1253 1127 1396 1185 Nimirum
1414 1129 1476 1200 jam

262 1229 420 1308 intellexit,
449 1245 514 1288 cum
542 1229 696 1303 primatum
718 1227 880 1288 &manum
908 1230 977 1289 inde
1005 1247 1023 1290 a
1045 1231 1264 1306 quadringentis
1286 1229 1349 1290 iera
1373 1228 1476 1289 annis¹

262 1339 364 1394 contra
386 1331 491 1393 Christi
520 1334 640 1392 verbum
669 1334 699 1392 in
727 1334 911 1406 tyrannidem
932 1334 1091 1394 Romanam
1121 1341 1151 1395 et
1177 1337 1209 1394 in
1240 1351 1364 1409 regnum
1393 1335 1476 1406 hujus

262 1439 374 1512 muudi,
397 1438 469 1514 ‚duo
484 1438 611 1513 gladios‘
634 1455 786 1514 usurpans,
809 1439 900 1513 magis
915 1440 1064 1514 magisque
1080 1439 1289 1515 degenerasse,
1312 1445 1373 1498 tum
1386 1455 1476 1514 papa-

262 1549 336 1618 tum,
369 1549 509 1617 quatenus
537 1549 570 1602 ut
597 1543 769 1617 gubernatio
791 1559 872 1603 mere
897 1545 1096 1604 ecclesiastica
1118 1550 1148 1604 et
1170 1545 1329 1618 spiritualis
1351 1545 1382 1603 in
1402 1546 1477 1602 salu·

262 1653 321 1708 tem
344 1645 572 1706 Christianorum
593 1645 758 1706 adhihenda
779 1648 867 1706 statui
889 1653 1002 1721 posset,
1025 1665 1083 1708 non
1104 1647 1201 1707 divino
1220 1651 1286 1722 iore
1306 1650 1373 1722 niti,
1393 1649 1475 1721 quasi
1552 1717 1553 1724 ἵ

263 1751 393 1812 Christus
416 1751 503 1809 Petro
526 1755 556 1809 et
578 1751 682 1810 Petrus
706 1752 849 1826 episcopis
866 1751 1005 1812 Romanis
1027 1768 1191 1826 supremam
1213 1753 1271 1812 vim
1294 1753 1474 1826 gubernandi

262 1873 361 1917 omnes
395 1856 535 1915 ecclesias
567 1855 711 1930 dedisset,
743 1856 795 1914 sed
825 1856 942 1916 humani
971 1857 1045 1930 juris
1075 1873 1154 1931 esse,
1187 1873 1246 1916 non
1274 1857 1360 1916 aliter
1388 1863 1474 1929 atque

262 1961 424 2052 Caesarum
442 1976 598 2036 regumque
621 1965 810 2035 potestatem,
833 1961 937 2020 latiore
952 1967 1064 2022 tantum
1079 1976 1167 2030 sensu
1181 1961 1339 2019 secundum
1353 1960 1474 2019 Paolum

261 2067 421 2141 apostolum
444 2083 476 2139 ‚a
497 2065 561 2125 Deo
584 2064 770 2125 ordinatom‘.
815 2065 849 2124 Iu
872 2065 917 2124 his
939 2065 1026 2125 rehus
1047 2065 1255 2139 investigandis
1269 2064 1414 2124 Lntherus
1436 2065 1474 2123 ad

261 2177 427 2246 ,urgentem
460 2169 681 2230 censcientiem‘
720 2170 879 2230 accessisse
918 2167 1062 2244 significat
1096 2175 1248 2244 urgentem
1286 2168 1474 2242 ‚evidentiam

260 2275 380 2348 rerum‘‚
412 2277 443 2334 iu
472 2275 552 2333 Novo
574 2274 762 2334 Testamenta
792 2279 823 2332 et
851 2274 881 2332 in
911 2273 1031 2334 historia
1060 2274 1203 2334 ecclesiae
1233 2274 1356 2332 obviam.
1408 2273 1474 2332 Non
1553 2275 1554 2360 J

260 2381 377 2454 mirum,
411 2378 486 2452 qood
522 2378 559 2438 de
593 2379 714 2451 singulis
749 2377 837 2437 rebus
871 2394 972 2451 parum
1007 2393 1133 2451 eousque
1165 2377 1322 2450 exploratis
1358 2379 1473 2436 erravit.
1553 2361 1554 2374 ¹

259 2483 318 2544 Sed
346 2483 490 2557 permulta
519 2498 632 2556 eorum,
661 2497 736 2555 quae
759 2498 810 2541 nos
834 2483 921 2542 tertio
944 2484 1039 2556 capite
1064 2482 1101 2541 de
1121 2482 1243 2541 historia
1263 2487 1386 2554 papatus
1408 2482 1473 2540 hre-

259 2587 334 2644 viter
363 2585 565 2656 indicavimus,
593 2587 655 2659 jam
684 2586 735 2644 ille
764 2603 799 2644 cx
830 2585 957 2646 lontibus
981 2585 1201 2660 diligentissime
1230 2586 1471 2660 sagacissimeqne

257 2689 361 2748 hausta
390 2689 572 2762 aliquatenus
600 2691 757 2763 perspexit.
802 2689 847 2748 Ex
873 2690 973 2750 Sancti
1000 2689 1084 2748 Pauli
1114 2689 1243 2763 epistolis
1272 2689 1338 2748 luce
1367 2690 1472 2748 clarius

253 2793 338 2868 vidit,
370 2793 523 2867 ecclesias,
554 2793 592 2852 ad
622 2809 693 2866 quas
721 2795 771 2852 ille
802 2795 932 2868 scripsit,
963 2793 1034 2853 nihil
1061 2793 1098 2853 dc
1120 2793 1208 2852 Petro
1232 2793 1341 2853 Christi
1363 2795 1471 2852 vicario

253 2895 352 2956 doctos
375 2912 449 2956 esse.
495 2896 539 2954 Ex
562 2896 683 2956 Eusebii
705 2898 827 2957 historia
849 2914 867 2956 a
889 2895 994 2958 Rufino
1023 2899 1114 2956 latina
1134 2913 1233 2972 versa,
1267 2915 1303 2957 ex
1326 2897 1471 2972 Cypriano

255 3007 286 3062 et
301 3001 463 3078 Augustino
484 3002 604 3076 aliisque
628 3002 763 3062 Patribus
787 3019 852 3062 cum
872 3001 985 3063 Latinis
1008 3009 1069 3062 tum
1092 3003 1227 3074 Graecis,
1251 3004 1381 3061 exactis
1403 3019 1471 3060 con-

253 3107 312 3167 cilii
335 3107 458 3166 Nicaeni
482 3106 641 3166 clarissime
666 3107 811 3184 cognovit,
832 3107 890 3166 illis
910 3107 1016 3166 seculis
1034 3109 1120 3181 longe
1138 3107 1276 3180 plurimos
1291 3105 1470 3165 Christianos

252 3229 290 3274 ue
314 3213 457 3286 cogitasse
480 3211 596 3285 quidem
619 3211 655 3272 de
679 3211 865 3272 oboedientia
880 3211 961 3270 Petri
984 3211 1047 3272 sedi
1070 3211 1168 3270 dehita
1188 3215 1276 3284 atque
1299 3211 1379 3270 nullo
1400 3216 1469 3268 tuno

252 3321 389 3390 respectu
407 3315 505 3389 Papae
527 3321 561 3374 ut
581 3316 683 3376 summi
705 3317 849 3376 ecclesiae
869 3315 1060 3375 moderatoris
1080 3315 1179 3374 habite
1194 3321 1225 3374 et
1240 3317 1389 3388 episcopos
1404 3329 1468 3372 esec

254 3421 424 3478 constitutos
447 3427 478 3478 at
499 3421 622 3479 concilia
640 3427 811 3494 convocata,
833 3421 966 3494 inprimis
982 3421 1071 3480 etiam
1086 3420 1254 3493 concilium,
1276 3419 1352 3493 quod
1367 3418 1468 3478 summi

253 3524 470 3596 aestimaretur,
499 3523 669 3584 Nicaenum.
716 3525 799 3584 Unde
822 3524 968 3584 Lutherus
996 3525 1150 3598 conclusit,
1179 3525 1334 3597 primatum
1362 3522 1468 3581 Roma·

253 3643 321 3687 num
343 3643 401 3686 non
424 3643 489 3686 esee
511 3628 566 3686 nisi
590 3627 707 3686 humani
731 3630 815 3702 juris.
859 3629 979 3688 Etenim
1001 3630 1026 3688 si
1049 3629 1139 3687 divini
1157 3631 1232 3703 juris
1255 3633 1347 3702 esset,
1376 3628 1467 3686 omni·

252 3733 306 3794 hus
332 3731 509 3807 temporibus
541 3733 571 3792 id
602 3733 723 3794 credere
754 3739 784 3792 ct
813 3731 943 3807 profiteri
972 3734 1140 3794 necessaria
1167 3733 1371 3792 christianismi
1399 3747 1469 3806 pars

259 3885 387 3892 n—--a-
416 3883 449 3890 -..
459 3883 476 3888 .-

342 3969 367 4034 1)
386 3969 442 4019 Ηο0
460 3983 541 4018 auam
558 3967 699 4017 Lutherum
717 3981 769 4018 aon
787 3981 803 4016 0
821 3967 948 4032 Gregorio
968 3965 1041 4029 v11.,
1066 3966 1109 4016 aed
1132 3981 1148 4016 0
1165 3966 1282 4016 collectis
1302 3965 1466 4016 decretalium

251 4057 327 4108 libris
349 4059 492 4121 reputasse,
516 4055 540 4106 J.
557 4053 677 4104 Koestlin
696 4053 729 4120 (1,
748 4058 806 4104 tho.
826 4053 887 4119 tae)
913 4061 1002 4104 contra
1020 4051 1149 4102 Raukium
1167 4052 1285 4115 adnotat;
1305 4051 1337 4103 cl.
1357 4052 1467 4102 Luthers

251 4143 412 4204 Br.1,aaa,
431 4140 476 4190 uhi
493 4157 539 4206 por
558 4157 670 4191 errorem
688 4140 813 4202 ,nondum
832 4144 884 4190 400
903 4140 976 4190 auni‘
996 4155 1043 4204 pro
1062 4138 1186 4200 ,nondum
1206 4143 1258 4190 300
1277 4138 1351 4188 anni‘
1375 4138 1435 4189 inde
1453 4153 1469 4186 a

252 4229 376 4296 Gregorio
389 4227 436 4278 IX.
454 4235 553 4278 mortuo
571 4227 705 4292 supputati
722 4233 787 4278 sunt
819 4227 940 4276 Fortasse
952 4225 1081 4276 Lutharue
1097 4225 1173 4275 initio
1186 4225 1217 4274 de
1228 4225 1346 4275 Gratiani
1359 4226 1468 4286 decreto,

251 4321 302 4368 400
327 4315 401 4366 aanie
426 4319 484 4365 aute
509 4313 630 4377 collecto,
657 4313 819 4378 cogitaverat.
870 4311 987 4363 (laterum
1014 4328 1092 4378 supra
1117 4313 1154 4378 (p.
1176 4313 1237 4377 129)
1262 4313 1365 4362 Erasmi
1391 4312 1469 4362 verba

250 4419 273 4453 0.
294 4407 358 4452 1000
384 4401 482 4466 scripta
503 4401 711 4464 memoravimus,
737 4415 788 4466 quo
811 4399 1041 4463 ,100400010ιί0ι
1065 4398 1243 4450 ethnicismum
1266 4405 1291 4448 et
1312 4397 1468 4462 judaismum

251 4487 374 4554 quandam
397 4489 425 4538 in
448 4487 556 4538 00010οἰ0
579 4487 753 4551 praevaluisse
777 4486 848 4538 dicit
889 4486 983 4538 Nescio
1007 4501 1040 4536 au
1064 4486 1108 4536 hic
1129 4486 1182 4550 jam
1206 4491 1281 4536 antee
1302 4485 1333 4534 de
1355 4485 1469 4550 ejusdem

250 4575 373 4642 temporis
391 4573 491 4626 ratione
509 4573 608 4640 aliquid
627 4574 765 4640 scripserit
