3144 5092
789 201 876 257 Curor
895 203 927 256 V.

245 297 714 304 ————-.----—-—

243 423 335 482 quum
358 423 460 464 omnes
483 404 716 464 adversariorum
738 404 922 466 incursiones
945 407 1197 484 praeponderante
1215 407 1424 467 Italicorum
1455 410 1520 468 sut·
1555 408 1556 411 ’

243 513 404 590 tragionrm
435 529 557 572 numero
587 511 824 589 propulsassent,
856 513 983 590 denique
1014 515 1168 591 repentino
1199 515 1340 592 quodam
1382 516 1516 593 impetn

243 620 311 680 illos
329 620 527 698 perculerunt
559 619 721 697 Postquam
744 619 825 679 enirn
847 620 1057 696 posterioribus
1077 622 1202 682 Concilii
1225 624 1423 698 mensibus,
1461 643 1515 684 ne

243 729 322 804 gotia
345 729 410 805 ejus
433 729 529 787 varias
557 732 677 804 propter
699 745 808 786 causas
835 746 943 804 magna
965 729 1154 790 testinatione
1176 731 1393 808 praecipitata
1422 746 1511 804 sune

243 840 370 896 exeunte
387 841 536 912 postrema
554 834 686 895 sessione
704 833 844 894 Moronus
862 835 910 894 Pii
928 835 1045 912 legatus
1063 836 1165 896 Patres
1183 855 1243 896 uno
1261 843 1383 898 tenore
1405 840 1510 898 inter-

243 943 357 1020 rogarit
378 943 557 1020 placeretne,
586 943 711 1001 utfinis
736 941 854 1018 Synodo
882 941 1082 1020 imponeretur
1103 949 1133 1004 et
1156 948 1190 1003 ut
1211 946 1354 1005 omnium
1392 947 1508 1008 decre

243 1056 339 1110 torum
367 1050 547 1110 continuatio
579 1067 633 1127 per
664 1049 777 1126 legatos
809 1056 839 1109 et
866 1050 1066 1127 praesidentes
1093 1070 1111 1110 a
1137 1051 1316 1112 Beatissimo
1344 1053 1506 1114 Itomano

244 1159 385 1218 Pontifice
407 1163 563 1235 peteretur.
598 1157 756 1234 ·Responsi
784 1157 957 1233 gravitatem
984 1159 1124 1235 perpauci
1152 1159 1289 1220 sollemni
1319 1161 1384 1220 illo
1421 1168 1504 1221 tem-
1554 1175 1555 1178 ’

243 1266 324 1342 poris
346 1271 493 1325 momento
516 1265 747 1342 perspiciebant,
775 1265 992 1342 responderunt
1013 1266 1105 1342 igitur
1126 1284 1229 1326 omnes
1252 1268 1330 1326 tere:
1360 1269 1501 1330 Placet:

244 1373 434 1433 Granatensis
458 1391 526 1432 vero
550 1372 822 1450 episcopusdixit:
856 1371 970 1446 ,Placet
992 1379 1027 1432 ut
1049 1373 1182 1449 synodus
1208 1374 1406 1451 absolvatur,
1442 1379 1498 1436 sel

242 1480 492 1540 confirmationem
513 1498 572 1539 non
591 1483 675 1556 pete‘
717 1479 782 1540 Duo
806 1480 936 1558 episcopi
961 1480 988 1540 ei
1011 1481 1174 1540 assensisse
1196 1483 1374 1560 traduntur;
1406 1486 1497 1562 quod

242 1593 331 1662 negat
352 1587 564 1661 Pallavioinus,
592 1587 680 1646 dubia
703 1588 773 1662 fide,
801 1589 871 1665 quia
893 1589 968 1648 mira
990 1588 1112 1648 andacia
1134 1589 1233 1666 ipsum
1257 1589 1493 1652 Granatensem

242 1695 365 1755 fortasse
384 1694 496 1754 dixisse
515 1695 670 1770 signifieat,
689 1696 836 1770 synodum
851 1695 1050 1772 praesentium
1068 1696 1232 1772 legatorum
1251 1697 1490 1774 pontificiorum

242 1802 413 1862 auctoritate
428 1803 490 1878 jam
508 1807 594 1862 antea
613 1802 684 1862 satis
703 1804 903 1862 confirmatam
922 1803 1023 1862 tuisse.
1052 1803 1173 1864 Scilicet
1186 1803 1332 1864 Pontifieii
1356 1825 1488 1867 omnem
1554 1820 1555 1829 ¹

241 1910 385 1970 libertatis
413 1910 589 1974 christianae
616 1911 800 1986 memoriam,
828 1916 972 1988 quantum
998 1911 1063 1970 fieri
1090 1912 1199 1989 potuit,
1228 1913 1424 1990 supprimere
1455 1923 1487 1974 et-
1554 1948 1555 1958 κ

241 2019 346 2078 vitiare
368 2019 464 2078 eonati
488 2017 585 2078 suut.¹

349 2125 495 2186 Placitum
513 2126 590 2185 illud
611 2130 729 2185 secutae
748 2129 818 2184 sunt
835 2143 889 2203 pro
907 2131 1040 2185 veterum
1060 2125 1259 2186 Consiliorum
1277 2145 1359 2186 more
1378 2129 1480 2189 accla-
1554 2193 1555 2222 ,

243 2233 397 2304 mationes,
431 2233 483 2292 sed
510 2252 570 2293 non
596 2233 718 2308 liberae,
751 2237 785 2291 ut
816 2233 849 2292 in
876 2233 938 2292 illis
966 2233 1056 2292 moris
1088 2239 1161 2309 erat,
1195 2234 1247 2294 sed
1273 2253 1292 2292 a
1320 2235 1478 2296 Cardinali

242 2340 432 2416 Letharingio
454 2341 605 2417 liturgice,
628 2347 662 2401 ut
685 2341 805 2415 dicitur,
832 2347 1028 2418 praeparatae.
1075 2341 1259 2401 Convenerat
1280 2347 1314 2401 ut
1337 2344 1474 2402 omnium

242 2450 330 2506 tinem
354 2449 462 2507 faceret
484 2448 695 2508 haeretieorum
719 2448 876 2507 damnatio.
921 2445 1002 2521 Quae
1024 2453 1058 2506 ut
1079 2448 1254 2506 nominatim
1276 2449 1360 2508 tieret
1382 2451 1471 2510 multi
1555 2482 1556 2549 p

242 2560 447 2632 poposcerant,
479 2555 698 2632 archiepiscopo
720 2555 910 2630 Hydruntino
938 2555 1086 2631 opinante,
1119 2555 1193 2613 illud
1223 2555 1249 2614 si
1277 2556 1469 2631 omitteretur,
1555 2556 1556 2601 t

242 2664 352 2721 frustra
367 2661 530 2721 Concilium
548 2661 703 2722 laborasse.
733 2663 791 2723 Sed
805 2662 1014 2739 Letharingius
1026 2662 1256 2722 Protestantium
1274 2681 1370 2740 neque
1382 2664 1467 2723 Prin-

243 2768 336 2846 cipes,
360 2787 457 2846 neque
476 2769 621 2844 doctores,
644 2769 790 2830 immone
809 2771 906 2830 solum
924 2770 1089 2830 Lutherum
1112 2770 1231 2848 quidem
1250 2775 1281 2830 et
1299 2769 1464 2848 Zvinglium

241 2876 387 2937 nominari
405 2882 583 2955 oportunum
602 2893 667 2937 esse
686 2877 905 2938 demonstrarit.
937 2878 1043 2957 Itaque
1061 2877 1166 2938 ceteris
1184 2879 1312 2956 peractis
1329 2878 1373 2937 nil
1390 2879 1462 2939 dixit

242 2985 302 3045 nisi
324 2985 394 3045 boc:
424 2986 600 3059 ,Anathema
623 2985 738 3045 eunetis
761 2985 933 3045 haereticis.t
980 2986 1036 3046 Cui
1063 2987 1099 3045 ab
1126 2985 1263 3046 omnibus
1291 3004 1460 3064 responsum

242 3087 302 3154 est:
327 3094 517 3169 ,Anatbema,
540 3094 721 3153 anathemal‘
766 3093 899 3172 Eamque
926 3092 1062 3152 ulfimam
1085 3093 1250 3152 Tridentini
1273 3093 1375 3153 Patres
1395 3113 1459 3154 oon-

239 3201 336 3278 juncti
359 3219 460 3262 vocem
484 3201 651 3276 ediderunt,
678 3202 913 3278 praecentionem
936 3201 1021 3278 quasi
1048 3205 1091 3260 tet
1113 3206 1303 3261 cruentorum
1325 3219 1457 3261 novorum

241 3309 418 3384 facinorum,
442 3327 517 3390 quae
539 3313 658 3386 propter
679 3309 799 3368 illorum
822 3308 938 3368 decreta
960 3307 1165 3384 inquisitores,
1189 3309 1334 3368 tanatieae
1355 3309 1454 3383 turbae,

240 3416 385 3476 bellorum
411 3417 598 3492 instigatores
621 3417 817 3494 perpetraturi
844 3421 933 3474 erant.
980 3414 1091 3473 Ultima
1118 3415 1303 3492 singolorum
1330 3416 1400 3475 aetio
1420 3433 1469 3475 ea·

241 3529 315 3598 erat,
343 3529 378 3582 ut
401 3523 524 3583 Concilii
552 3523 678 3583 decretis
705 3541 795 3581 mauu
816 3523 936 3600 proprio
959 3522 1189 3599 subscriberent;
1222 3523 1301 3600 quod
1328 3522 1452 3600 quoniam

240 3630 377 3692 omnibus
395 3630 524 3707 milgatis
543 3630 726 3690 decretorum
743 3629 863 3688 illorum
882 3629 1059 3689 editionibus
1080 3629 1188 3690 diserte
1206 3630 1372 3707 perhibetur
1391 3631 1451 3704 ,sub

240 3759 335 3818 poena
357 3737 682 3800 excommunicationist
709 3738 820 3798 factum
847 3755 926 3813 esse,
954 3737 1143 3797 foedissimae
1165 3737 1286 3796 Petrum
1314 3739 1448 3797 servitutis

241 3847 427 3925 signaculum
450 3851 504 3908 est
551 3845 645 3921 Quam
668 3847 840 3906 servitutem
868 3845 995 3923 copiosis
1018 3845 1208 3922 indutiisque
1230 3845 1360 3921 ipsorum
1379 3847 1447 3905 testi-

240 3955 348 4016 moniis
371 3956 427 4015 hoe
449 3955 527 4031 loeo,
552 3955 583 4014 id
606 3953 685 4032 quod
702 3953 850 4031 reliquum
871 3959 929 4028 est,
952 3953 1210 4013 demonstrandam
1232 3969 1299 4012 esse
1321 3959 1396 4030 puto,
1416 3971 1447 4012 ne

240 4063 313 4141 quid
340 4064 418 4123 desit
444 4062 481 4121 ad
507 4063 596 4140 plene
623 4066 653 4122 et
681 4061 810 4138 perfecte
831 4049 1081 4136 intellegendum,
1109 4061 1285 4138 quibusnam
1311 4059 1445 4137 praesidiis

240 4171 369 4249 papismi
393 4171 537 4231 satellites
560 4169 718 4230 nobiliores
745 4169 899 4245 cujusdam
926 4168 1113 4245 puriorisque
1140 4167 1335 4227 catholicismi
1356 4185 1444 4244 propu-

239 4281 376 4354 gnatores
405 4278 608 4355 superaverint
634 4295 669 4338 ao
695 4274 923 4354 profligaverint
969 4275 1036 4334 lam
1057 4275 1124 4353 ipsa
1151 4279 1247 4335 stante
1270 4275 1377 4351 synodo
1395 4292 1443 4332 non
1555 4264 1556 4289 ¹

347 4506 373 4572 1)
393 4505 431 4558 cf.
450 4503 590 4558 Richeu'us
608 4504 626 4558 l.
642 4522 664 4558 c.
687 4521 713 4572 p.
730 4503 789 4556 132.
826 4501 1008 4556 Palluvicinus
1026 4501 1130 4570 XXIV,
1148 4501 1178 4570 8,
1196 4501 1222 4555 8.
