3144 5092
653 275 742 330 Orrar
759 275 792 330 V.
1285 279 1336 335 109

78 477 287 553 Florentiae,
319 477 356 537 ad
384 495 530 538 summam
556 477 744 538 inventorum
775 478 840 555 ejus
867 479 1090 539 admirationem
1116 481 1230 558 abrepti
1258 486 1335 541 sunt

82 585 224 644 Relicta
245 585 359 660 Padua,
382 585 434 646 ubi
456 589 491 645 ut
513 585 545 644 in
567 585 666 646 locum
689 603 778 646 suum
800 585 946 664 Keplenrs
970 587 1198 648 substitueretur
1220 589 1337 649 efficere

85 693 219 752 frustra
245 692 441 768 tentaverat,1
472 693 505 752 in
531 693 657 770 patriam
679 693 836 754 Etruscam
862 694 962 770 rediit,
994 713 1053 773 quo
1079 714 1098 754 a
1124 694 1232 772 Magno
1255 695 1337 756 Duce

88 818 171 858 oum
205 817 321 860 summo
348 801 458 860 honore
484 800 624 878 lautaque
651 801 799 878 stipendio
822 806 943 862 vocatus
966 807 1024 878 est,
1052 807 1087 862 ut
1113 802 1178 863 sine
1204 803 1337 864 muneris

89 925 194 967 onere
223 907 361 984 imposito
384 913 464 968 tatus
487 908 524 967 ad
547 908 757 986 explorandam
780 927 877 968 rerum
900 913 1036 969 naturam
1058 915 1088 970 et
1111 910 1337 971 conscribendos

91 1014 199 1074 libros
222 1015 392 1075 incumbere
414 1021 523 1093 posset.
569 1015 635 1075 Jam
657 1016 770 1093 abjecta
792 1016 889 1094 priore
911 1017 1070 1077 timiditate
1091 1018 1206 1094 ingenti
1229 1018 1336 1096 spiritu

93 1123 257 1198 agebatur.
303 1123 426 1182 Librum
453 1123 491 1183 ds
517 1123 729 1184 constitutione
755 1123 872 1200 mundi,
904 1125 943 1184 ad
974 1143 1063 1203 quarn
1095 1143 1149 1202 per
1174 1130 1218 1185 tot
1243 1144 1337 1186 anuos

97 1229 208 1288 studia
235 1235 429 1306 converterat,
462 1247 495 1290 se
525 1231 729 1291 conscotinum
760 1249 827 1292 csse
858 1236 888 1292 et
914 1231 1022 1308 Magno
1049 1231 1126 1292 Duci
1153 1237 1183 1292 et
1209 1232 1337 1310 Keplcrc

98 1337 279 1415 annuntiat;
303 1337 374 1398 huic
396 1355 429 1398 se
451 1339 488 1398 de
510 1339 687 1416 quibusdam
706 1339 928 1416 quaestionibus
951 1339 1016 1402 illic
1037 1357 1248 1418 responsurum
1271 1359 1338 1401 esse

100 1445 269 1522 promittit3
294 1444 384 1505 simul
404 1446 466 1522 jam
488 1451 561 1506 tuuc
583 1445 620 1506 de
641 1447 770 1506 motibus
793 1465 961 1524 corporum,
984 1447 1016 1506 id
1038 1448 1116 1526 quod
1134 1453 1237 1526 postea
1254 1467 1337 1526 prae-

103 1553 197 1628 stitit,
216 1570 308 1613 novas
326 1553 383 1613 sibi
402 1553 575 1630 disciplinas
593 1553 760 1614 condendas
778 1554 928 1632 proponit,
946 1554 1046 1633 itaque
1064 1572 1118 1615 suo
1133 1555 1201 1632 jure
1219 1574 1338 1633 ,magna

104 1677 140 1719 se
164 1665 195 1720 et
216 1659 401 1720 admirabilia
424 1677 525 1722 secum
547 1661 666 1722 habere‘
690 1662 847 1740 praedicat
888 1663 1047 1722 Aeternam
1069 1661 1139 1723 inde
1161 1663 1286 1741 gloriam
1308 1669 1338 1724 ct

104 1766 242 1844 Principi
269 1767 439 1846 populoque
466 1787 520 1828 suo
548 1773 578 1829 et
605 1769 662 1829 sibi
690 1769 750 1847 ipsi
777 1769 918 1830 orituram
945 1775 1051 1848 sperat.
1097 1770 1201 1849 Neque
1228 1771 1338 1832 omittit

105 1873 172 1934 Deo
196 1875 341 1950 ,infinitas
363 1876 472 1952 gratias
495 1894 595 1953 agere,
624 1877 703 1954 quod
730 1877 758 1936 ei
786 1877 929 1955 placitum
956 1876 1007 1953 sit,
1034 1881 1069 1937 ut
1096 1895 1129 1937 se
1156 1877 1252 1938 solum
1276 1884 1336 1938 tarn

106 1982 328 2068 admirabilium
344 2001 444 2044 reram
461 2002 515 2062 per
533 1983 632 2044 omnia
649 1983 749 2044 ascida
766 1984 948 2045 occultarum
962 1985 1177 2044 observatorem
1191 1985 1337 2046 iaceret‘.²

109 2087 241 2164 Quanta
263 2108 362 2150 rerum
385 2091 538 2152 veritatem
561 2109 658 2152 coram
685 2109 794 2167 genere
816 2091 945 2152 humano
967 2092 1161 2169 profitendam
1183 2097 1214 2153 et
1235 2097 1337 2152 contra

109 2197 291 2258 adversarios
309 2198 516 2278 peripateticos
539 2203 569 2258 et
586 2198 766 2276 theologicos
785 2198 991 2258 vindicandam
1015 2198 1071 2259 sibi
1089 2215 1156 2260 esse
1173 2200 1337 2260 certissime

110 2323 191 2364 nunc
217 2323 392 2383 persuasum
419 2307 530 2366 habuit
577 2305 701 2366 Illorum
728 2325 797 2366 vero
828 2306 914 2384 quasi
944 2325 999 2365 arx
1026 2311 1056 2366 et
1083 2307 1168 2366 sedes
1199 2307 1337 2385 primaria

111 2411 203 2472 Roma
225 2419 295 2473 erat
332 2412 428 2488 Quare
450 2433 475 2474 a
493 2413 624 2474 MDCXI
646 2413 720 2474 illuc
741 2414 879 2474 audacter
901 2415 1064 2491 proiectus,
1087 2415 1158 2474 dum
1176 2415 1337 2474 amicorum

112 2525 142 2579 et
163 2520 310 2581 fautorum
332 2522 465 2582 consiliis
488 2521 669 2600 auxiliisque
691 2521 922 2600 prudentissime
944 2522 1051 2597 utitur,
1074 2522 1107 2581 in
1125 2521 1203 2582 Urbc
1225 2521 1337 2599 plenis-

113 2627 216 2688 simam
238 2628 389 2689 rictoriam
411 2635 578 2708 reportasse
600 2647 654 2707 per
675 2629 796 2708 aliquod
817 2633 936 2707 tempus
958 2629 1043 2690 visus
1065 2635 1118 2690 est

216 2734 335 2796 Etenim
357 2755 426 2798 cum
448 2737 529 2815 apud
550 2737 631 2797 viros
653 2737 797 2813 surditas,
821 2755 946 2816 quorum
969 2755 1076 2814 magna
1097 2736 1161 2798 illic
1179 2737 1338 2798 multitudo

115 2847 185 2918 crat,
212 2847 275 2903 tum
303 2844 335 2903 in
362 2843 431 2904 aula
453 2844 608 2905 Pontificia
636 2845 761 2905 summis
788 2843 921 2921 fulgebat
948 2845 1116 2905 honoribus.
1164 2843 1337 2922 Conspeotis

115 2969 166 3028 per
186 2951 379 3029 telescopium
405 2951 480 3012 oceli
508 2951 660 3012 nriraculia
687 2952 777 3012 etiam
799 2952 835 3027 ii,
862 2953 916 3030 qui
938 2951 991 3010 illa
1013 2951 1062 3012 vel
1088 2957 1268 3028 negaverant
1288 2951 1338 3012 vel

116 3057 199 3118 dubia
224 3063 412 3136 putaverant,
444 3059 536 3120 coacti
564 3063 635 3119 sant
665 3063 700 3118 ut
726 3077 796 3119 vera
827 3076 862 3118 ea
893 3075 959 3118 esse
990 3061 1189 3134 agnoscerent.
1236 3057 1277 3117 Ut
1303 3075 1337 3118 ea

116 3164 244 3226 viderent
265 3166 354 3226 multi
371 3167 429 3226 viri
451 3167 542 3242 docti,
565 3165 686 3226 Patricii
704 3165 841 3240 Romani,
866 3164 1037 3225 cardinales
1055 3165 1092 3224 ad
1110 3163 1200 3240 legati
1217 3163 1336 3226 Etrusci

116 3273 306 3349 domicilium,
328 3275 361 3333 in
384 3293 442 3353 quo
465 3275 590 3352 degebat
608 3273 770 3349 Galilaeae,
794 3272 907 3334 serenis
929 3271 1043 3350 Aprilis
1065 3271 1178 3332 mensis
1200 3272 1336 3332 noctibus

117 3387 311 3441 convenerunt
337 3382 524 3461 multumque
556 3399 625 3442 cum
651 3381 704 3442 illc
736 3379 925 3441 ocntrderrmt
951 3397 1123 3440 samonem.
1174 3379 1271 3440 Etiam
1298 3397 1337 3440 ex

117 3487 231 3548 isaaritis
254 3493 326 3549 tunc
352 3489 432 3550 haud
459 3489 545 3567 pauci
569 3488 699 3550 Galilaea
726 3489 871 3548 favebant
918 3485 995 3546 Cum
1021 3485 1211 3548 celeberrimo
1236 3505 1337 3548 eorum

118 3595 241 3672 doctore,
268 3596 449 3658 Bellarmino
473 3596 635 3672 (lardiuali,
664 3595 783 3674 saepius
810 3601 1001 3656 conversatus
1028 3600 1082 3656 est
1128 3593 1186 3655 Hic
1213 3600 1338 3674 quatuor

119 3703 241 3764 eruditos
264 3703 389 3765 Romani
412 3703 530 3782 collegii
553 3703 668 3765 sodales
691 3721 745 3782 per
767 3703 882 3763 litteras
904 3703 1146 3780 interrogaverat,
1174 3720 1247 3762 num
1269 3719 1338 3761 vera

119 3817 211 3871 esseut
232 3831 309 3890 quae
331 3813 369 3873 de
390 3830 494 3874 recens
520 3813 650 3872 inventis
673 3811 747 3872 eceli
773 3811 984 3888 phaenomenis
1007 3809 1191 3870 traderentur
1212 3815 1243 3869 et
1264 3827 1336 3868 num

120 3917 172 3996 ipsi
193 3937 226 3980 ea
248 3920 402 3980 vidissent
443 3920 507 3996 Illi,
530 3938 568 3980 ex
591 3919 699 3998 quibus
722 3917 893 3978 Malcotium
914 3917 1037 3995 Keplari
1063 3917 1153 3978 libros
1176 3917 1286 3994 legisse
1307 3921 1337 3976 et

123 4025 305 4103 epistolarum
331 4028 505 4089 commercio
532 4045 601 4088 cam
628 4044 662 4087 eo
689 4043 778 4088 usum
804 4043 871 4087 esse
898 4024 1043 4100 scimus,8
1073 4029 1232 4103 utriunque
1258 4023 1337 4083 affir-

218 4293 571 4364 narrentanas.

217 4393 244 4463 2)
268 4393 334 4463 Opp.
354 4393 393 4448 VI
411 4391 454 4447 82.
492 4392 530 4447 Gi.
560 4408 628 4462 qaae
656 4391 692 4446 ibi
719 4389 844 4460 leguntur
870 4405 896 4459 p.
919 4387 1043 4443 81-99.
1080 4387 1121 4442 Da
1149 4387 1181 4442 iis
1208 4403 1276 4457 quae
1303 4387 1337 4442 ad

122 4481 255 4554 Ksplerum
273 4483 382 4554 scripsit
404 4483 437 4538 ct.
456 4482 539 4552 hajas
557 4498 616 4552 app.
636 4481 664 4536 11
682 4481 735 4537 570
749 4497 771 4536 s.

217 4583 244 4653 a)
258 4565 376 4652 'uepres
395 4599 454 4652 opp.
478 4599 503 4651 p.
519 4583 571 4638 aaa
586 4597 621 4636 ss.
