3156 5056
237 237 289 292 226
715 239 822 289 Pueris
842 239 957 289 Parems

236 457 378 529 ampullas
412 451 624 515 continerent¹
686 455 744 515 Sed
776 456 883 514 iterum
915 456 1077 528 iterumque
1111 471 1173 512 eum
1208 455 1457 526 provocaverunt

236 560 297 618 Hos
320 561 397 633 ipsos
419 561 557 620 Erasmus
588 560 703 632 saepius
727 559 798 618 dicit
821 575 952 632 ,mevam
974 575 1118 632 supraque
1139 557 1254 616 medum
1278 555 1456 616 horribilem
1527 638 1528 645 ἵ

235 663 344 722 bullam
373 665 523 724 mitissime
552 664 650 738 Papae
679 663 852 723 extorsisse}
896 665 930 722 ld
953 664 1102 722 acerrimis
1125 661 1231 721 Curiae
1253 667 1455 736 propugnate·

237 768 316 827 ribus
346 769 474 828 scribere
502 768 599 828 audet.
643 769 692 828 Sic
718 769 749 825 in
774 768 898 841 epistole
924 768 961 826 ad
984 766 1239 826 Resemundanum
1259 764 1454 824 Lemniensis

237 873 404 932 academias
426 873 639 932 moderatorem
659 869 749 931 dsta¹
771 849 879 930 bullam
900 871 980 930 illam
1001 871 1205 931 monachorum
1224 861 1453 947 πτααοτυρόν-

237 995 298 1036 νων
319 979 472 1044 saevitiam
494 994 598 1052 sapere
617 977 744 1051 judicat,
771 993 803 1036 ss
826 975 934 1035 frustm
955 975 1137 1035 monuisse
1159 981 1316 1048 memorat,
1341 978 1378 1032 nt
1397 973 1453 1046 pri·

236 1099 314 1140 mum
348 1083 505 1156 diligenter
537 1083 706 1156 legerentur
738 1082 847 1156 scripta
880 1081 1017 1154 Lutheri,
1050 1080 1157 1140 deinde
1189 1080 1272 1138 libris
1304 1079 1397 1137 editis
1424 1083 1451 1132 et

235 1186 477 1262 disputationibus
506 1185 712 1246 refellerentur
743 1191 786 1259 et,
816 1185 928 1259 emissis
958 1184 1205 1258 contentionibus,
1234 1185 1358 1243 veritati
1389 1201 1450 1242 oen

236 1293 398 1365 solaretur,
428 1308 588 1366 ,nunquam
613 1288 757 1365 probavi‘,
788 1290 896 1364 inquit,
925 1304 1033 1363 ,neque
1055 1288 1229 1362 probaturus
1250 1305 1328 1360 sum,
1362 1305 1449 1362 quen-

237 1409 323 1466 quam
344 1396 387 1452 sic
410 1395 584 1454 clamoribus
604 1395 682 1467 apud
703 1395 840 1468 populum
861 1394 1000 1472 opprimi,
1021 1393 1187 1468 priusquam
1209 1393 1276 1451 libri
1299 1394 1362 1452 sint
1385 1391 1448 1451 lecti

237 1503 268 1556 et
290 1499 415 1571 excussi,
445 1499 609 1571 priusquam
637 1498 800 1556 admonitus
828 1499 867 1556 sit
893 1499 942 1572 qui
968 1503 1060 1571 errat,
1088 1499 1255 1570 priusquam
1275 1497 1449 1571 redargutus

235 1602 274 1659 sit
295 1603 472 1676 argumentis
495 1607 526 1660 et
547 1602 654 1661 Sacrae
676 1603 843 1677 Scripturas
865 1602 1056 1662 testimoniis‘

324 1707 394 1766 Post
416 1707 523 1766 bullam
545 1723 615 1766 vero
637 1708 716 1766 illam
738 1725 792 1782 per
811 1708 939 1782 Legatos
961 1705 1127 1767 Pontificius
1149 1710 1180 1767 in
1205 1708 1365 1767 Germania
1387 1725 1449 1782 pre

237 1811 389 1870 clamatam
415 1811 553 1870 Erasmus
584 1809 621 1869 ad
650 1812 861 1870 restituendum
886 1827 989 1886 pacem
1017 1813 1158 1895 ecclesiae
1187 1813 1260 1870 nihil
1282 1814 1448 1886 ampliusa
1528 1861 1529 1878 ,

236 1918 319 1976 curia
342 1916 473 1976 Romana
502 1917 613 1989 sperari
640 1931 726 1989 pesse
756 1915 829 1974 vidit
856 1916 913 1974 nisi
942 1915 1111 1991 urgentibus
1137 1921 1225 1990 atque
1251 1915 1448 1989 prementibus

236 2021 400 2080 christianis
422 2021 598 2094 principibus
621 2037 656 2079 ac
678 2021 800 2094 populis.
844 2021 947 2093 Itaque
969 2021 1126 2094 praecipue
1148 2037 1167 2078 a
1186 2020 1290 2079 Garele
1314 2019 1447 2090 Caesare
1528 2031 1529 2106 l

236 2132 268 2184 ut
304 2127 483 2201 reipublicae
521 2126 697 2184 christianas
735 2125 929 2198 prospiceret,
971 2125 1129 2198 petendum
1164 2141 1230 2184 esse
1267 2125 1447 2183 existimarit

235 2230 321 2288 Illum
343 2247 361 2288 a
381 2231 496 2290 clericis
513 2229 683 2304 quibusdam
706 2228 744 2289 sd
767 2228 906 2302 ejusmodi
929 2229 1076 2302 negotium
1098 2246 1201 2302 parum
1223 2230 1298 2302 aptis
1319 2229 1447 2302 pendere

236 2335 382 2407 cognovit,
403 2351 497 2406 neque
520 2339 618 2392 tamen
640 2333 700 2391 illie
722 2332 825 2392 deesse
840 2333 890 2390 alii
908 2331 1138 2406 eludebantur,
1161 2334 1209 2405 qui
1225 2350 1291 2392 eum
1306 2331 1447 2406 Glapieae

238 2437 361 2496 meliora
389 2437 554 2496 suaderent.
598 2435 649 2493 Sui
679 2435 767 2494 officii
797 2454 861 2496 esse
889 2438 1015 2512 putavit,
1044 2436 1181 2509 quidquid
1207 2453 1261 2510 pro
1283 2437 1394 2496 viribus
1420 2443 1446 2494 el

235 2539 334 2598 indole
364 2557 417 2598 sua
443 2543 571 2612 posset,
593 2541 734 2614 experiri,
761 2558 799 2599 ns
826 2540 946 2600 Carolus
976 2541 1071 2598 caecis
1101 2539 1248 2599 Pontificis
1277 2543 1446 2600 satellitibus

235 2643 398 2716 obsequens
431 2658 570 2716 oppressa
601 2645 727 2703 veritate
757 2645 840 2719 regni
869 2646 953 2703 initia
982 2645 1155 2719 macularet,
1189 2644 1241 2702 sed
1271 2651 1304 2703 ut
1333 2645 1447 2704 Quam

236 2747 396 2806 Romanam
425 2747 463 2806 ad
493 2763 609 2806 cauum
635 2749 763 2806 emnium
789 2755 859 2808 tunc
883 2751 1023 2824 temporis
1049 2751 1262 2824 gravissimam,
1293 2767 1379 2822 quam
1401 2752 1445 2808 isti

236 2852 351 2912 nefarie
386 2852 663 2927 praecipitaverant,
700 2852 796 2912 denuo
833 2869 869 2912 ac
906 2854 1070 2927 religiosius
1108 2839 1291 2912 tractandam
1322 2861 1446 2926 cogeret
1528 2841 1529 2874 r

236 2957 319 3030 Quod
346 2959 388 3018 ita
416 2955 492 3017 effici
521 2958 623 3034 veluit,
653 2964 686 3016 ut
713 2964 834 3032 prepter
860 2960 1018 3018 communis
1047 2959 1091 3017 rei
1119 2958 1295 3017 christianae
1326 2958 1445 3016 salutem

236 3079 357 3123 necesse
379 3063 409 3122 id
433 3081 496 3123 esse
517 3064 574 3137 ipsi
594 3064 736 3123 ecclesias
756 3077 893 3136 proceres
908 3063 1129 3134 intellegerent,
1151 3059 1300 3120 Pontifieis
1315 3061 1445 3135 dignitati

235 3175 347 3244 autem,
369 3185 453 3243 quam
475 3170 598 3228 maxims
622 3168 686 3227 fieri
706 3173 818 3242 posset,
843 3171 1023 3240 parceretur.
1070 3166 1146 3224 Huic
1168 3183 1218 3225 ees
1240 3167 1364 3224 maxime
1385 3164 1446 3223 offi-

236 3287 305 3330 cere
328 3273 411 3345 dicit,
438 3274 503 3347 qui,
530 3289 588 3346 que
610 3289 693 3331 suum
714 3289 836 3346 regnum
858 3271 1021 3345 stabiliant,
1049 3269 1253 3345 ,clamoribus,
1281 3269 1445 3330 tumultibus

237 3377 269 3431 st
291 3374 503 3436 adulationibus
525 3383 615 3449 agant
637 3378 784 3449 negotium
805 3374 1008 3435 Pontificium.‘

324 3477 371 3535 Ad
400 3478 473 3536 haec
502 3480 598 3536 omnia
628 3481 830 3552 persequenda
859 3481 981 3540 Erasme
1014 3480 1248 3554 splendidissima
1280 3497 1312 3538 se
1345 3477 1446 3538 obtulit

236 3583 358 3642 occasio.
404 3581 497 3652 Quum
527 3585 604 3642 enim
633 3600 670 3642 ex
700 3600 800 3643 serum
830 3603 949 3646 numere
980 3591 1072 3660 esset,
1104 3586 1154 3660 qui
1175 3585 1267 3658 jurati
1292 3583 1443 3642 consiliarii

236 3687 375 3748 Caesarei
396 3687 629 3762 appellabantur,
661 3690 775 3762 etipse
799 3689 836 3748 ad
858 3692 999 3750 instantia
1020 3691 1136 3750 comitia
1158 3687 1384 3748 Wermatisnsia
1403 3687 1443 3744 in-

236 3795 341 3854 vitatus
364 3787 437 3854 sst³
481 3792 545 3852 Due
568 3800 738 3869 susceperat
757 3795 898 3868 praestito
918 3797 1084 3868 juramento
1106 3792 1217 3867 efficia,
1241 3792 1339 3850 Caroli
1356 3790 1443 3864 digni-

236 3903 327 3956 tatem
348 3898 474 3972 augendi
493 3903 524 3956 et
546 3899 689 3958 ccclesiae
713 3898 861 3958 commoda
880 3898 1076 3972 promovendi.
1121 3897 1282 3968 Utrumque
1303 3911 1442 3968 uunquam

235 4003 374 4074 neglexit.
419 4001 477 4062 Sed
504 4002 644 4061 honorem
673 4003 755 4062 illum
778 4019 815 4062 sa
838 4008 950 4062 tautum
972 4001 1142 4061 condicione
1164 4005 1334 4074 acceperat,
1363 4005 1394 4056 ut
1420 3999 1443 4054 si

237 4103 385 4164 videretur
406 4107 581 4181 consultum,
604 4123 640 4166 ex
658 4107 817 4166 Brabantia
836 4107 949 4180 digredi
972 4107 1029 4164 alie
1046 4111 1159 4178 posset,
1178 4121 1230 4176 pre
1245 4103 1329 4161 bonis
1344 4103 1444 4160 litteris

236 4259 490 4270 nna—..a-m-..ffl—...ffl

326 4360 351 4426 1)
370 4360 414 4411 Br.
435 4367 458 4425 1,
473 4367 521 4412 233
535 4379 569 4413 ss.
589 4361 620 4411 ds
639 4361 662 4410 d.
684 4367 750 4414 Bm.
768 4363 844 4412 Mart.
864 4378 888 4416 a.
902 4368 978 4412 1519.

325 4446 351 4514 2)
369 4447 401 4501 D.
415 4453 447 4496 18
465 4465 498 4497 m.
517 4449 570 4498 Oct.
591 4463 614 4498 a.
631 4452 708 4498 leae.

326 4533 352 4602 8)
372 4534 439 4599 Epp.
451 4533 553 4600 XXIII,
567 4540 591 4586 6.
