3202 5058
469 1363 473 1372 Ι
539 1221 703 1322 PARS
750 1169 957 1318 unios.

736 1587 760 1646 1.

609 1737 881 1820 Prolegomeus.

218 1891 302 1972 Inter
323 1915 456 1988 ingentes
478 1915 668 1974 humanarum
689 1932 788 1974 rerum
810 1915 999 1989 mutationes,
1028 1930 1100 1986 quas
1127 1919 1228 1972 nostra
1249 1930 1355 1972 memo-

141 2018 205 2092 ria,
228 2019 355 2092 inprImis
377 2019 532 2078 novissimo
553 2020 712 2093 decennio,
734 2019 825 2078 iactas
849 2020 993 2092 videmus,
1016 2017 1092 2077 haud
1114 2015 1241 2076 infimum
1261 2019 1355 2077 locum

143 2121 264 2181 Concilii
287 2123 419 2182 Vaticani
441 2123 561 2183 decreta
583 2125 732 2197 exortique
756 2124 822 2181 inde
845 2141 898 2196 per
920 2125 1017 2195 plures
1040 2123 1117 2180 orbis
1132 2129 1275 2180 terrarum
1289 2139 1356 2195 par-

143 2234 189 2285 tes
220 2235 313 2285 motus
343 2229 483 2287 obtinent.
529 2229 660 2286 Romana
689 2228 784 2301 curia,
820 2233 970 2300 postquam
992 2227 1143 2284 labascens
1177 2226 1356 2299 antiquitatis

143 2331 228 2388 ruina
251 2349 314 2390 esse
336 2333 488 2404 permultis
511 2333 573 2391 visa
593 2339 652 2404 est,
676 2349 811 2405 inagnum
833 2331 904 2389 illud
926 2331 1024 2388 mundi
1046 2331 1213 2403 imperium,
1236 2329 1357 2388 aBoni·

143 2435 219 2494 facio
241 2435 319 2494 Vlll.
342 2436 421 2496 bullo
444 2437 606 2510 infallibili,
638 2453 711 2510 quae
734 2453 809 2494 nunc
830 2436 948 2508 dicitur,
982 2433 1124 2508 quondam
1137 2437 1357 2509 proclamatum,

142 2541 342 2612 inexspectata
364 2541 487 2600 audacia
514 2543 621 2600 iterum
643 2541 806 2614 affectavit3
840 2547 920 2599 certe
951 2545 1088 2613 quantum
1121 2539 1215 2598 adhuc
1237 2540 1357 2614 valeret,

143 2644 319 2702 adversariis
341 2651 370 2704 et
393 2645 638 2719 contemptoribus
662 2646 732 2703 satis
762 2661 904 2718 superque
929 2644 1063 2702 ostendit.
1100 2644 1231 2703 Surrexit
1253 2651 1357 2703 contra

142 2765 209 2807 eam
232 2749 308 2822 apud
330 2766 429 2809 omues
464 2740 526 2808 iere
556 2750 728 2808 christianas
753 2756 855 2822 gentes
877 2749 1073 2808 recentiorum
1095 2753 1254 2822 temporum
1276 2750 1357 2821 inge-

141 2855 221 2910 nium
244 2869 336 2926 eoque
358 2855 425 2912 nixa
455 2855 617 2928 civitatum,
650 2855 749 2928 'quales
773 2871 850 2912 nunc
873 2859 953 2927 sunt,
983 2853 1148 2912 auctoritas.
1192 2854 1253 2925 Quo
1276 2854 1357 2927 inge·

141 2959 192 3014 nio
224 2957 306 3030 quasi
337 2975 389 3016 sua
417 2959 594 3032 proprietate
633 2964 745 3017 temere
774 2959 933 3030 gloriantes
965 2974 1057 3017 novae
1089 2957 1236 3032 cujusdam
1269 2974 1357 3032 paga-

142 3061 242 3119 nitatis
272 3063 387 3136 patroni
414 3065 445 3120 in
463 3063 592 3136 papismo
618 3063 711 3135 ipsum
738 3061 979 3120 christianismum
1000 3069 1239 3136 oppugnaverunt
1260 3061 1357 3135 hujus-

140 3183 197 3238 que
227 3163 313 3224 hnem
339 3167 448 3225 instare
475 3168 625 3240 imaginati
653 3174 728 3225 sunt.
773 3165 920 3239 Ejusmodi
946 3167 1091 3224 sententia
1119 3166 1226 3223 nostris
1255 3165 1357 3224 diebus

139 3269 250 3328 Romae
278 3273 386 3344 majore
416 3289 502 3344 quam
531 3271 624 3330 ubivis
651 3271 840 3344 protervitate
871 3270 902 3327 in
932 3269 1002 3344 ipsis
1025 3269 1208 3328 sollemnibus
1231 3271 1357 3328 universi

139 3375 240 3447 populi
255 3374 350 3432 Italici
374 3376 498 3433 comitiis
518 3377 582 3448 plus
604 3376 695 3434 semel
717 3376 830 3448 prolata
850 3381 902 3434 est.
947 3373 1012 3432 Non
1034 3374 1137 3432 mirum
1159 3373 1235 3446 quod
1256 3373 1307 3432 alii
1328 3376 1357 3432 in

140 3485 251 3551 papatu
281 3480 375 3552 ipsum
409 3481 651 3538 christianismum
679 3479 891 3538 defendendum
922 3479 977 3537 sibi
1012 3495 1076 3537 esse
1104 3479 1152 3552 pio
1180 3495 1214 3536 ao
1244 3480 1358 3538 siucero

139 3583 238 3640 animo
261 3581 394 3642 arbitrati
416 3591 496 3658 snut,
522 3585 573 3642 alii
602 3585 694 3658 magis
724 3585 870 3658 magisque
893 3584 971 3640 iuter
993 3584 1150 3656 papismum
1174 3589 1204 3641 et
1227 3583 1358 3641 christia·

138 3687 273 3760 nismum,
295 3689 395 3760 inquo
417 3689 476 3746 solo
493 3690 581 3746 etiam
598 3705 673 3746 nunc
695 3688 820 3746 omnium
836 3688 965 3761 gentium
979 3687 1057 3746 salus
1076 3687 1133 3745 situ
1148 3694 1234 3762 esset,
1258 3687 1359 3745 distin·
1428 3739 1432 3750 .

139 3790 286 3864 guendum
322 3809 386 3850 esse
412 3799 596 3866 putaverunt.
642 3793 766 3850 Intravit
787 3793 921 3850 nimirum
950 3791 1044 3851 denuo
1066 3793 1179 3850 interea
1200 3793 1231 3849 ln
1254 3791 1359 3864 Hispa-

139 3895 218 3952 niam
249 3902 280 3953 et
302 3895 417 3954 ltaliam
442 3897 568 3970 purioris
599 3897 742 3969 evangelii
769 3895 961 3970 praedicatio,
994 3913 1047 3969 per
1074 3897 1132 3954 tria
1161 3897 1259 3953 secula
1288 3895 1358 3954 diris

140 3999 281 4058 caedibus
303 4006 334 4058 et
355 4003 584 4074 sanguinolentis
606 4001 719 4076 legibus
738 4001 817 4059 illinc
840 4001 964 4060 esclusa.
1009 4001 1099 4060 Simul
1114 4016 1183 4058 vero
1198 3999 1358 4058 fidelissimi

139 4120 268 4176 eousque
303 4113 390 4178 atque
421 4106 633 4165 honoratissimi
662 4105 777 4179 quidam
802 4105 1093 4164 Romanocatholicae
1125 4101 1193 4162 fidei
1220 4105 1358 4178 vindices,

136 4209 321 4267 hierarchiae
337 4209 452 4282 quidem
469 4209 644 4268 sacerdotali
665 4211 783 4282 ejusque
801 4210 937 4281 primatui
954 4208 1005 4265 sod
1027 4224 1084 4266 non
1098 4209 1279 4268 inveteratae
1297 4211 1358 4284 ejus

138 4313 318 4386 corruptioni
350 4315 584 4388 patrocinantes,
611 4315 762 4373 desuetam
787 4312 956 4386 jamdudum
988 4309 1189 4372 reformandae
1217 4314 1358 4372 ecclesiae

138 4424 170 4476 et
198 4417 298 4476 curiae
328 4415 477 4476 Romanae
505 4435 603 4477 vocem
638 4417 892 4476 resuscitaverunt.
948 4414 1074 4485 Quorum
1102 4434 1188 4474 unum
1222 4417 1359 4475 eximium

137 4522 285 4594 quendam
307 4523 385 4582 inter
401 4521 574 4594 Germanos,
597 4521 831 4594 Doellingernm,
853 4520 1000 4592 nonnulli,
1023 4538 1110 4593 quum
1133 4535 1247 4579 omnem
1268 4521 1358 4580 retor-

137 4627 297 4685 mationem
321 4633 352 4685 nt
374 4625 1004 4701 opussupervacaneumperhorrescerent,
1027 4623 1178 4683 Erasruum
1200 4625 1358 4682 redivivum

185 4741 395 4784 Schlottmanni
410 4739 513 4783 Erasmsm
527 4740 647 4783 redivivus.
1123 4737 1139 4786 1
