<?xml version="1.0" encoding="UTF-8"?>
<!DOCTYPE html PUBLIC "-//W3C//DTD XHTML 1.0 Transitional//EN"
    "http://www.w3.org/TR/xhtml1/DTD/xhtml1-transitional.dtd">
<html xmlns="http://www.w3.org/1999/xhtml" xml:lang="en" lang="en">
 <head>
  <title>
</title>
<meta http-equiv="Content-Type" content="text/html;charset=utf-8" />
  <meta name='ocr-system' content='tesseract 3.04.00' />
  <meta name='ocr-capabilities' content='ocr_page ocr_carea ocr_par ocr_line ocrx_word'/>
</head>
<body>
  <div class='ocr_page' id='page_1' title='image "./erasmusredivivu00schlgoog_0570.png"; bbox 0 0 3194 5042; ppageno 0'>
   <div class='ocr_carea' id='block_1_1' title="bbox 689 290 1385 352">
    <p class='ocr_par' dir='ltr' id='par_1_1' title="bbox 689 290 1385 352">
     <span class='ocr_line' id='line_1_1' title="bbox 689 290 1385 352; baseline 0.004 -4"><span class='ocrx_word' id='word_1_1' title='bbox 689 290 776 348; x_wconf 77' lang='lat' dir='ltr'>Carur</span> <span class='ocrx_word' id='word_1_2' title='bbox 795 290 854 348; x_wconf 88' lang='lat' dir='ltr'>VII.</span> <span class='ocrx_word' id='word_1_3' title='bbox 1334 291 1385 352; x_wconf 83' lang='lat'>189</span> 
     </span>
    </p>
   </div>
   <div class='ocr_carea' id='block_1_2' title="bbox 53 493 1386 4360">
    <p class='ocr_par' dir='ltr' id='par_1_2' title="bbox 53 493 1386 4360">
     <span class='ocr_line' id='line_1_2' title="bbox 267 493 1385 574; baseline 0.004 -21"><span class='ocrx_word' id='word_1_4' title='bbox 267 493 387 554; x_wconf 77' lang='lat' dir='ltr'>(liniam</span> <span class='ocrx_word' id='word_1_5' title='bbox 414 495 493 572; x_wconf 90' lang='lat' dir='ltr'>quod</span> <span class='ocrx_word' id='word_1_6' title='bbox 520 495 557 554; x_wconf 88' lang='lat' dir='ltr'>ad</span> <span class='ocrx_word' id='word_1_7' title='bbox 584 495 645 554; x_wconf 87' lang='lat' dir='ltr'>vim</span> <span class='ocrx_word' id='word_1_8' title='bbox 672 500 774 555; x_wconf 74' lang='lat' dir='ltr'>onuba</span> <span class='ocrx_word' id='word_1_9' title='bbox 795 501 939 571; x_wconf 84' lang='lat' dir='ltr'>errantes,</span> <span class='ocrx_word' id='word_1_10' title='bbox 967 515 1041 574; x_wconf 90' lang='lat' dir='ltr'>quos</span> <span class='ocrx_word' id='word_1_11' title='bbox 1065 503 1163 574; x_wconf 88' lang='lat' dir='ltr'>putat,</span> <span class='ocrx_word' id='word_1_12' title='bbox 1191 498 1385 558; x_wconf 85' lang='lat' dir='ltr'>adhibendam</span> 
     </span>
     <span class='ocr_line' id='line_1_3' title="bbox 157 601 1385 680; baseline 0.004 -20"><span class='ocrx_word' id='word_1_13' title='bbox 157 601 299 678; x_wconf 82' lang='lat' dir='ltr'>pertinet,</span> <span class='ocrx_word' id='word_1_14' title='bbox 322 619 382 660; x_wconf 86' lang='lat' dir='ltr'>non</span> <span class='ocrx_word' id='word_1_15' title='bbox 405 607 537 662; x_wconf 88' lang='lat' dir='ltr'>mutasse</span> <span class='ocrx_word' id='word_1_16' title='bbox 560 603 736 662; x_wconf 85' lang='lat' dir='ltr'>sententiam</span> <span class='ocrx_word' id='word_1_17' title='bbox 758 621 855 678; x_wconf 89' lang='lat' dir='ltr'>suam,</span> <span class='ocrx_word' id='word_1_18' title='bbox 878 603 951 663; x_wconf 93' lang='lat' dir='ltr'>Pius</span> <span class='ocrx_word' id='word_1_19' title='bbox 969 603 1021 663; x_wconf 89' lang='lat' dir='ltr'>IX.</span> <span class='ocrx_word' id='word_1_20' title='bbox 1046 604 1160 680; x_wconf 81' lang='lat' dir='ltr'>syllaba</span> <span class='ocrx_word' id='word_1_21' title='bbox 1183 623 1237 664; x_wconf 92' lang='lat' dir='ltr'>suo</span> <span class='ocrx_word' id='word_1_22' title='bbox 1260 609 1385 666; x_wconf 80' lang='lat' dir='ltr'>testatis</span> 
     </span>
     <span class='ocr_line' id='line_1_4' title="bbox 156 708 1385 789; baseline 0.006 -22"><span class='ocrx_word' id='word_1_23' title='bbox 156 713 211 767; x_wconf 88' lang='lat' dir='ltr'>est</span> <span class='ocrx_word' id='word_1_24' title='bbox 257 708 393 768; x_wconf 73' lang='lat' dir='ltr'>undem</span> <span class='ocrx_word' id='word_1_25' title='bbox 415 709 448 768; x_wconf 92' lang='lat' dir='ltr'>in</span> <span class='ocrx_word' id='word_1_26' title='bbox 469 709 648 786; x_wconf 87' lang='lat' dir='ltr'>Inquisitorc</span> <span class='ocrx_word' id='word_1_27' title='bbox 671 710 736 786; x_wconf 89' lang='lat' dir='ltr'>illo,</span> <span class='ocrx_word' id='word_1_28' title='bbox 760 729 849 789; x_wconf 92' lang='lat' dir='ltr'>quem</span> <span class='ocrx_word' id='word_1_29' title='bbox 871 710 1013 771; x_wconf 87' lang='lat' dir='ltr'>ecclesiae</span> <span class='ocrx_word' id='word_1_30' title='bbox 1036 711 1092 771; x_wconf 89' lang='lat' dir='ltr'>sibi</span> <span class='ocrx_word' id='word_1_31' title='bbox 1116 711 1265 788; x_wconf 89' lang='lat' dir='ltr'>subjectae</span> <span class='ocrx_word' id='word_1_32' title='bbox 1287 713 1385 774; x_wconf 87' lang='lat' dir='ltr'>novis·</span> 
     </span>
     <span class='ocr_line' id='line_1_5' title="bbox 156 815 1385 896; baseline 0.005 -22"><span class='ocrx_word' id='word_1_33' title='bbox 156 817 268 874; x_wconf 91' lang='lat' dir='ltr'>simum</span> <span class='ocrx_word' id='word_1_34' title='bbox 296 815 436 876; x_wconf 87' lang='lat' dir='ltr'>Sanctum</span> <span class='ocrx_word' id='word_1_35' title='bbox 464 816 661 877; x_wconf 81' lang='lat' dir='ltr'>invocandum</span> <span class='ocrx_word' id='word_1_36' title='bbox 687 818 843 895; x_wconf 85' lang='lat' dir='ltr'>imposuit,</span> <span class='ocrx_word' id='word_1_37' title='bbox 875 819 971 895; x_wconf 82' lang='lat' dir='ltr'><strong>ipsam</strong></span> <span class='ocrx_word' id='word_1_38' title='bbox 999 818 1239 896; x_wconf 90' lang='lat' dir='ltr'>Inquisitionem,</span> <span class='ocrx_word' id='word_1_39' title='bbox 1272 825 1301 880; x_wconf 90' lang='lat' dir='ltr'>et</span> <span class='ocrx_word' id='word_1_40' title='bbox 1327 821 1385 880; x_wconf 88' lang='lat' dir='ltr'>Ro·</span> 
     </span>
     <span class='ocr_line' id='line_1_6' title="bbox 156 923 1386 1004; baseline 0.005 -23"><span class='ocrx_word' id='word_1_41' title='bbox 156 941 275 982; x_wconf 90' lang='lat' dir='ltr'>manam</span> <span class='ocrx_word' id='word_1_42' title='bbox 293 928 323 982; x_wconf 91' lang='lat' dir='ltr'>et</span> <span class='ocrx_word' id='word_1_43' title='bbox 340 923 533 1001; x_wconf 89' lang='lat' dir='ltr'>Hispanicam</span> <span class='ocrx_word' id='word_1_44' title='bbox 557 924 703 984; x_wconf 84' lang='lat' dir='ltr'>celebrare</span> <span class='ocrx_word' id='word_1_45' title='bbox 721 925 864 1000; x_wconf 86' lang='lat' dir='ltr'>voluisse,</span> <span class='ocrx_word' id='word_1_46' title='bbox 888 943 985 1004; x_wconf 88' lang='lat' dir='ltr'>neque</span> <span class='ocrx_word' id='word_1_47' title='bbox 1003 928 1113 986; x_wconf 83' lang='lat' dir='ltr'>frustra</span> <span class='ocrx_word' id='word_1_48' title='bbox 1133 926 1308 1002; x_wconf 81' lang='lat' dir='ltr'>celebrasse,</span> <span class='ocrx_word' id='word_1_49' title='bbox 1332 928 1386 987; x_wconf 91' lang='lat' dir='ltr'>sed</span> 
     </span>
     <span class='ocr_line' id='line_1_7' title="bbox 155 1030 1385 1109; baseline 0.004 -20"><span class='ocrx_word' id='word_1_50' title='bbox 155 1030 225 1089; x_wconf 88' lang='lat' dir='ltr'>aliis</span> <span class='ocrx_word' id='word_1_51' title='bbox 248 1031 386 1091; x_wconf 89' lang='lat' dir='ltr'>similiter</span> <span class='ocrx_word' id='word_1_52' title='bbox 413 1031 608 1092; x_wconf 83' lang='lat' dir='ltr'>sentientibus</span> <span class='ocrx_word' id='word_1_53' title='bbox 635 1033 767 1092; x_wconf 91' lang='lat' dir='ltr'>animum</span> <span class='ocrx_word' id='word_1_54' title='bbox 794 1033 956 1109; x_wconf 85' lang='lat' dir='ltr'>addidisse,</span> <span class='ocrx_word' id='word_1_55' title='bbox 987 1033 1062 1094; x_wconf 88' lang='lat' dir='ltr'>alios</span> <span class='ocrx_word' id='word_1_56' title='bbox 1089 1033 1127 1093; x_wconf 89' lang='lat' dir='ltr'>ad</span> <span class='ocrx_word' id='word_1_57' title='bbox 1154 1035 1292 1094; x_wconf 82' lang='lat' dir='ltr'>similiter</span> <span class='ocrx_word' id='word_1_58' title='bbox 1318 1052 1385 1094; x_wconf 90' lang='lat' dir='ltr'>sen·</span> 
     </span>
     <span class='ocr_line' id='line_1_8' title="bbox 156 1137 1385 1220; baseline 0.005 -24"><span class='ocrx_word' id='word_1_59' title='bbox 156 1137 290 1197; x_wconf 85' lang='lat' dir='ltr'>tiendum</span> <span class='ocrx_word' id='word_1_60' title='bbox 322 1138 481 1215; x_wconf 84' lang='lat' dir='ltr'>instigasse</span> <span class='ocrx_word' id='word_1_61' title='bbox 513 1157 603 1217; x_wconf 88' lang='lat' dir='ltr'>supra</span> <span class='ocrx_word' id='word_1_62' title='bbox 634 1139 918 1216; x_wconf 81' lang='lat' dir='ltr'>comprobavimus.¹</span> <span class='ocrx_word' id='word_1_63' title='bbox 972 1139 1030 1215; x_wconf 86' lang='lat' dir='ltr'>Qui</span> <span class='ocrx_word' id='word_1_64' title='bbox 1062 1140 1088 1201; x_wconf 91' lang='lat' dir='ltr'>si</span> <span class='ocrx_word' id='word_1_65' title='bbox 1119 1142 1189 1220; x_wconf 91' lang='lat' dir='ltr'>plus</span> <span class='ocrx_word' id='word_1_66' title='bbox 1221 1142 1385 1202; x_wconf 85' lang='lat' dir='ltr'>valuissent</span> 
     </span>
     <span class='ocr_line' id='line_1_9' title="bbox 155 1245 1385 1326; baseline 0.006 -23"><span class='ocrx_word' id='word_1_67' title='bbox 155 1263 253 1323; x_wconf 87' lang='lat' dir='ltr'>neque</span> <span class='ocrx_word' id='word_1_68' title='bbox 276 1265 294 1305; x_wconf 90' lang='lat' dir='ltr'>a</span> <span class='ocrx_word' id='word_1_69' title='bbox 320 1245 489 1306; x_wconf 77' lang='lat' dir='ltr'>civitatibus</span> <span class='ocrx_word' id='word_1_70' title='bbox 515 1247 644 1324; x_wconf 88' lang='lat' dir='ltr'>repressi</span> <span class='ocrx_word' id='word_1_71' title='bbox 667 1251 779 1323; x_wconf 89' lang='lat' dir='ltr'>essent,</span> <span class='ocrx_word' id='word_1_72' title='bbox 807 1253 936 1308; x_wconf 89' lang='lat' dir='ltr'>veterem</span> <span class='ocrx_word' id='word_1_73' title='bbox 958 1248 1185 1326; x_wconf 88' lang='lat' dir='ltr'>Inquisitionem</span> <span class='ocrx_word' id='word_1_74' title='bbox 1212 1250 1385 1310; x_wconf 84' lang='lat' dir='ltr'>resuscitas·</span> 
     </span>
     <span class='ocr_line' id='line_1_10' title="bbox 157 1353 1385 1432; baseline 0.004 -20"><span class='ocrx_word' id='word_1_75' title='bbox 157 1357 231 1412; x_wconf 87' lang='lat' dir='ltr'>sent</span> <span class='ocrx_word' id='word_1_76' title='bbox 277 1353 371 1432; x_wconf 90' lang='lat' dir='ltr'>quue</span> <span class='ocrx_word' id='word_1_77' title='bbox 398 1355 529 1432; x_wconf 85' lang='lat' dir='ltr'>profecto</span> <span class='ocrx_word' id='word_1_78' title='bbox 557 1373 672 1415; x_wconf 91' lang='lat' dir='ltr'>summo</span> <span class='ocrx_word' id='word_1_79' title='bbox 698 1356 806 1432; x_wconf 91' lang='lat' dir='ltr'>gaudio</span> <span class='ocrx_word' id='word_1_80' title='bbox 833 1355 940 1416; x_wconf 89' lang='lat' dir='ltr'>fuisset</span> <span class='ocrx_word' id='word_1_81' title='bbox 966 1355 1116 1417; x_wconf 88' lang='lat' dir='ltr'>Romanae</span> <span class='ocrx_word' id='word_1_82' title='bbox 1144 1355 1257 1416; x_wconf 82' lang='lat' dir='ltr'>Curiae.</span> <span class='ocrx_word' id='word_1_83' title='bbox 1304 1355 1385 1431; x_wconf 84' lang='lat' dir='ltr'>Quae</span> 
     </span>
     <span class='ocr_line' id='line_1_11' title="bbox 156 1461 1384 1542; baseline 0.003 -22"><span class='ocrx_word' id='word_1_84' title='bbox 156 1461 246 1520; x_wconf 89' lang='lat' dir='ltr'>etiam</span> <span class='ocrx_word' id='word_1_85' title='bbox 277 1467 378 1522; x_wconf 90' lang='lat' dir='ltr'>nostro</span> <span class='ocrx_word' id='word_1_86' title='bbox 410 1462 510 1522; x_wconf 86' lang='lat' dir='ltr'>seculo</span> <span class='ocrx_word' id='word_1_87' title='bbox 538 1463 690 1522; x_wconf 85' lang='lat' dir='ltr'>saevitiam</span> <span class='ocrx_word' id='word_1_88' title='bbox 716 1463 749 1522; x_wconf 90' lang='lat' dir='ltr'>in</span> <span class='ocrx_word' id='word_1_89' title='bbox 777 1463 962 1540; x_wconf 88' lang='lat' dir='ltr'>evangelicos</span> <span class='ocrx_word' id='word_1_90' title='bbox 989 1469 1020 1523; x_wconf 87' lang='lat' dir='ltr'>et</span> <span class='ocrx_word' id='word_1_91' title='bbox 1046 1464 1113 1541; x_wconf 86' lang='lat' dir='ltr'>ipsa</span> <span class='ocrx_word' id='word_1_92' title='bbox 1143 1469 1288 1542; x_wconf 87' lang='lat' dir='ltr'>quantum</span> <span class='ocrx_word' id='word_1_93' title='bbox 1319 1465 1384 1525; x_wconf 90' lang='lat' dir='ltr'>fieri</span> 
     </span>
     <span class='ocr_line' id='line_1_12' title="bbox 156 1571 1383 1646; baseline 0.003 -18"><span class='ocrx_word' id='word_1_94' title='bbox 156 1573 270 1646; x_wconf 84' lang='lat' dir='ltr'>poterat</span> <span class='ocrx_word' id='word_1_95' title='bbox 292 1571 458 1646; x_wconf 88' lang='lat' dir='ltr'>exercebat,</span> <span class='ocrx_word' id='word_1_96' title='bbox 486 1575 516 1630; x_wconf 91' lang='lat' dir='ltr'>et</span> <span class='ocrx_word' id='word_1_97' title='bbox 542 1571 737 1631; x_wconf 86' lang='lat' dir='ltr'>exercendam</span> <span class='ocrx_word' id='word_1_98' title='bbox 764 1571 953 1631; x_wconf 90' lang='lat' dir='ltr'>fidelissimos</span> <span class='ocrx_word' id='word_1_99' title='bbox 976 1575 1134 1632; x_wconf 80' lang='lat' dir='ltr'>sectatores</span> <span class='ocrx_word' id='word_1_100' title='bbox 1162 1590 1231 1632; x_wconf 89' lang='lat' dir='ltr'>suos</span> <span class='ocrx_word' id='word_1_101' title='bbox 1254 1572 1383 1632; x_wconf 88' lang='lat' dir='ltr'>docebat</span> 
     </span>
     <span class='ocr_line' id='line_1_13' title="bbox 155 1675 1384 1758; baseline 0.004 -23"><span class='ocrx_word' id='word_1_102' title='bbox 155 1675 261 1754; x_wconf 90' lang='lat' dir='ltr'>Itaque</span> <span class='ocrx_word' id='word_1_103' title='bbox 297 1682 365 1754; x_wconf 90' lang='lat' dir='ltr'>post</span> <span class='ocrx_word' id='word_1_104' title='bbox 400 1677 560 1738; x_wconf 91' lang='lat' dir='ltr'>decussum</span> <span class='ocrx_word' id='word_1_105' title='bbox 590 1678 770 1756; x_wconf 89' lang='lat' dir='ltr'>Napoleonis</span> <span class='ocrx_word' id='word_1_106' title='bbox 797 1678 820 1738; x_wconf 87' lang='lat' dir='ltr'>L</span> <span class='ocrx_word' id='word_1_107' title='bbox 856 1678 1013 1757; x_wconf 86' lang='lat' dir='ltr'>imperium</span> <span class='ocrx_word' id='word_1_108' title='bbox 1049 1680 1177 1740; x_wconf 83' lang='lat' dir='ltr'>reversis</span> <span class='ocrx_word' id='word_1_109' title='bbox 1212 1680 1245 1739; x_wconf 94' lang='lat' dir='ltr'>in</span> <span class='ocrx_word' id='word_1_110' title='bbox 1276 1679 1384 1758; x_wconf 88' lang='lat' dir='ltr'>Hispa·</span> 
     </span>
     <span class='ocr_line' id='line_1_14' title="bbox 155 1783 1383 1866; baseline 0.004 -24"><span class='ocrx_word' id='word_1_111' title='bbox 155 1783 236 1842; x_wconf 90' lang='lat' dir='ltr'>niam</span> <span class='ocrx_word' id='word_1_112' title='bbox 263 1785 430 1860; x_wconf 88' lang='lat' dir='ltr'>Borboniis,</span> <span class='ocrx_word' id='word_1_113' title='bbox 464 1785 565 1844; x_wconf 83' lang='lat' dir='ltr'>statim</span> <span class='ocrx_word' id='word_1_114' title='bbox 591 1785 788 1846; x_wconf 87' lang='lat' dir='ltr'>libentissime</span> <span class='ocrx_word' id='word_1_115' title='bbox 819 1787 1020 1847; x_wconf 74' lang='lat' dir='ltr'>consentiente</span> <span class='ocrx_word' id='word_1_116' title='bbox 1047 1787 1190 1847; x_wconf 87' lang='lat' dir='ltr'>Pontifice</span> <span class='ocrx_word' id='word_1_117' title='bbox 1217 1785 1383 1866; x_wconf 87' lang='lat' dir='ltr'>Inquisitio,</span> 
     </span>
     <span class='ocr_line' id='line_1_15' title="bbox 155 1893 1384 1970; baseline 0.004 -21"><span class='ocrx_word' id='word_1_118' title='bbox 155 1896 299 1969; x_wconf 90' lang='lat' dir='ltr'>quantum</span> <span class='ocrx_word' id='word_1_119' title='bbox 326 1910 466 1970; x_wconf 82' lang='lat' dir='ltr'>praesens</span> <span class='ocrx_word' id='word_1_120' title='bbox 494 1897 612 1970; x_wconf 84' lang='lat' dir='ltr'>tempus</span> <span class='ocrx_word' id='word_1_121' title='bbox 639 1893 762 1969; x_wconf 88' lang='lat' dir='ltr'>ferebat,</span> <span class='ocrx_word' id='word_1_122' title='bbox 793 1894 931 1954; x_wconf 87' lang='lat' dir='ltr'>restituta</span> <span class='ocrx_word' id='word_1_123' title='bbox 958 1899 1010 1954; x_wconf 84' lang='lat' dir='ltr'>est</span> <span class='ocrx_word' id='word_1_124' title='bbox 1060 1893 1138 1968; x_wconf 80' lang='lat' dir='ltr'>Quid</span> <span class='ocrx_word' id='word_1_125' title='bbox 1169 1894 1232 1954; x_wconf 91' lang='lat' dir='ltr'>illic</span> <span class='ocrx_word' id='word_1_126' title='bbox 1258 1895 1384 1954; x_wconf 82' lang='lat' dir='ltr'>isabella</span> 
     </span>
     <span class='ocr_line' id='line_1_16' title="bbox 154 1999 1382 2078; baseline 0.002 -19"><span class='ocrx_word' id='word_1_127' title='bbox 154 2004 297 2075; x_wconf 84' lang='lat' dir='ltr'>regnante</span> <span class='ocrx_word' id='word_1_128' title='bbox 323 1999 499 2060; x_wconf 84' lang='lat' dir='ltr'>Metamoros</span> <span class='ocrx_word' id='word_1_129' title='bbox 531 2001 655 2078; x_wconf 88' lang='lat' dir='ltr'>ejusque</span> <span class='ocrx_word' id='word_1_130' title='bbox 686 2001 773 2061; x_wconf 92' lang='lat' dir='ltr'>amici</span> <span class='ocrx_word' id='word_1_131' title='bbox 804 2001 886 2078; x_wconf 90' lang='lat' dir='ltr'>passi</span> <span class='ocrx_word' id='word_1_132' title='bbox 913 2001 1036 2076; x_wconf 84' lang='lat' dir='ltr'>fuerint,</span> <span class='ocrx_word' id='word_1_133' title='bbox 1068 2002 1156 2060; x_wconf 92' lang='lat' dir='ltr'>multi</span> <span class='ocrx_word' id='word_1_134' title='bbox 1187 2002 1382 2061; x_wconf 86' lang='lat' dir='ltr'>recordantur.</span> 
     </span>
     <span class='ocr_line' id='line_1_17' title="bbox 154 2106 1383 2186; baseline 0.002 -20"><span class='ocrx_word' id='word_1_135' title='bbox 154 2106 191 2166; x_wconf 92' lang='lat' dir='ltr'>In</span> <span class='ocrx_word' id='word_1_136' title='bbox 218 2107 306 2166; x_wconf 89' lang='lat' dir='ltr'>Italia</span> <span class='ocrx_word' id='word_1_137' title='bbox 332 2109 435 2168; x_wconf 91' lang='lat' dir='ltr'>eodem</span> <span class='ocrx_word' id='word_1_138' title='bbox 462 2113 594 2185; x_wconf 87' lang='lat' dir='ltr'>tempore</span> <span class='ocrx_word' id='word_1_139' title='bbox 625 2126 727 2168; x_wconf 90' lang='lat' dir='ltr'>omncs</span> <span class='ocrx_word' id='word_1_140' title='bbox 760 2113 883 2186; x_wconf 84' lang='lat' dir='ltr'>excepto</span> <span class='ocrx_word' id='word_1_141' title='bbox 909 2109 991 2185; x_wconf 87' lang='lat' dir='ltr'>Rege</span> <span class='ocrx_word' id='word_1_142' title='bbox 1019 2108 1201 2168; x_wconf 85' lang='lat' dir='ltr'>Sardiniensi</span> <span class='ocrx_word' id='word_1_143' title='bbox 1228 2108 1383 2185; x_wconf 86' lang='lat' dir='ltr'>Principes</span> 
     </span>
     <span class='ocr_line' id='line_1_18' title="bbox 154 2214 1382 2293; baseline 0.001 -20"><span class='ocrx_word' id='word_1_144' title='bbox 154 2214 304 2288; x_wconf 90' lang='lat' dir='ltr'>Pontifici,</span> <span class='ocrx_word' id='word_1_145' title='bbox 328 2216 379 2293; x_wconf 92' lang='lat' dir='ltr'>qui</span> <span class='ocrx_word' id='word_1_146' title='bbox 398 2215 595 2276; x_wconf 87' lang='lat' dir='ltr'>conscientiae</span> <span class='ocrx_word' id='word_1_147' title='bbox 612 2216 777 2275; x_wconf 79' lang='lat' dir='ltr'>libertatem</span> <span class='ocrx_word' id='word_1_148' title='bbox 796 2221 830 2275; x_wconf 91' lang='lat' dir='ltr'>ut</span> <span class='ocrx_word' id='word_1_149' title='bbox 852 2216 988 2293; x_wconf 88' lang='lat' dir='ltr'>‚impiam</span> <span class='ocrx_word' id='word_1_150' title='bbox 1006 2221 1035 2275; x_wconf 92' lang='lat' dir='ltr'>et</span> <span class='ocrx_word' id='word_1_151' title='bbox 1053 2216 1222 2276; x_wconf 80' lang='lat' dir='ltr'>absurdam‘</span> <span class='ocrx_word' id='word_1_152' title='bbox 1245 2215 1382 2276; x_wconf 92' lang='lat' dir='ltr'>condem-</span> 
     </span>
     <span class='ocr_line' id='line_1_19' title="bbox 153 2321 1382 2401; baseline 0.003 -21"><span class='ocrx_word' id='word_1_153' title='bbox 153 2323 276 2398; x_wconf 88' lang='lat' dir='ltr'>nabant,</span> <span class='ocrx_word' id='word_1_154' title='bbox 299 2323 550 2383; x_wconf 86' lang='lat' dir='ltr'>oboedientissimi</span> <span class='ocrx_word' id='word_1_155' title='bbox 573 2327 664 2383; x_wconf 88' lang='lat' dir='ltr'>erant.</span> <span class='ocrx_word' id='word_1_156' title='bbox 711 2321 774 2397; x_wconf 86' lang='lat' dir='ltr'>Qua</span> <span class='ocrx_word' id='word_1_157' title='bbox 797 2341 882 2383; x_wconf 84' lang='lat' dir='ltr'>caeca</span> <span class='ocrx_word' id='word_1_158' title='bbox 904 2323 1087 2384; x_wconf 88' lang='lat' dir='ltr'>oboedientia</span> <span class='ocrx_word' id='word_1_159' title='bbox 1109 2323 1198 2382; x_wconf 89' lang='lat' dir='ltr'>etiam</span> <span class='ocrx_word' id='word_1_160' title='bbox 1216 2328 1382 2401; x_wconf 84' lang='lat' dir='ltr'>postremus</span> 
     </span>
     <span class='ocr_line' id='line_1_20' title="bbox 154 2428 1382 2508; baseline 0.002 -20"><span class='ocrx_word' id='word_1_161' title='bbox 154 2428 290 2490; x_wconf 82' lang='lat' dir='ltr'>Etruriae</span> <span class='ocrx_word' id='word_1_162' title='bbox 308 2429 435 2507; x_wconf 86' lang='lat' dir='ltr'>Magnus</span> <span class='ocrx_word' id='word_1_163' title='bbox 457 2430 527 2492; x_wconf 85' lang='lat' dir='ltr'>Dux</span> <span class='ocrx_word' id='word_1_164' title='bbox 549 2430 662 2490; x_wconf 83' lang='lat' dir='ltr'>ammos</span> <span class='ocrx_word' id='word_1_165' title='bbox 685 2430 885 2508; x_wconf 90' lang='lat' dir='ltr'>popularium,</span> <span class='ocrx_word' id='word_1_166' title='bbox 909 2431 1017 2508; x_wconf 91' lang='lat' dir='ltr'>quibus</span> <span class='ocrx_word' id='word_1_167' title='bbox 1040 2431 1174 2507; x_wconf 88' lang='lat' dir='ltr'>ingratus</span> <span class='ocrx_word' id='word_1_168' title='bbox 1197 2450 1257 2491; x_wconf 91' lang='lat' dir='ltr'>non</span> <span class='ocrx_word' id='word_1_169' title='bbox 1279 2431 1382 2506; x_wconf 87' lang='lat' dir='ltr'>iuerat,</span> 
     </span>
     <span class='ocr_line' id='line_1_21' title="bbox 154 2537 1383 2615; baseline 0.002 -20"><span class='ocrx_word' id='word_1_170' title='bbox 154 2543 264 2596; x_wconf 89' lang='lat' dir='ltr'>temere</span> <span class='ocrx_word' id='word_1_171' title='bbox 287 2538 343 2596; x_wconf 90' lang='lat' dir='ltr'>sibi</span> <span class='ocrx_word' id='word_1_172' title='bbox 366 2537 513 2598; x_wconf 84' lang='lat' dir='ltr'>alienavit</span> <span class='ocrx_word' id='word_1_173' title='bbox 559 2538 678 2599; x_wconf 84' lang='lat' dir='ltr'>Etenim</span> <span class='ocrx_word' id='word_1_174' title='bbox 705 2545 807 2598; x_wconf 81' lang='lat' dir='ltr'>contm</span> <span class='ocrx_word' id='word_1_175' title='bbox 828 2539 1005 2598; x_wconf 81' lang='lat' dir='ltr'>novissimas</span> <span class='ocrx_word' id='word_1_176' title='bbox 1032 2539 1116 2615; x_wconf 89' lang='lat' dir='ltr'>regni</span> <span class='ocrx_word' id='word_1_177' title='bbox 1140 2539 1187 2598; x_wconf 91' lang='lat' dir='ltr'>sui</span> <span class='ocrx_word' id='word_1_178' title='bbox 1210 2539 1292 2615; x_wconf 88' lang='lat' dir='ltr'>leges</span> <span class='ocrx_word' id='word_1_179' title='bbox 1315 2558 1383 2598; x_wconf 92' lang='lat' dir='ltr'>curn</span> 
     </span>
     <span class='ocr_line' id='line_1_22' title="bbox 146 2644 1381 2724; baseline 0.002 -22"><span class='ocrx_word' id='word_1_180' title='bbox 146 2661 257 2714; x_wconf 63' lang='lat' dir='ltr'>‚omnes</span> <span class='ocrx_word' id='word_1_181' title='bbox 284 2644 485 2716; x_wconf 85' lang='lat' dir='ltr'>Protestantes</span> <span class='ocrx_word' id='word_1_182' title='bbox 512 2645 666 2722; x_wconf 68' lang='lat' dir='ltr'>Ebimaris,</span> <span class='ocrx_word' id='word_1_183' title='bbox 698 2646 776 2706; x_wconf 86' lang='lat' dir='ltr'>inter</span> <span class='ocrx_word' id='word_1_184' title='bbox 807 2661 881 2724; x_wconf 88' lang='lat' dir='ltr'>quos</span> <span class='ocrx_word' id='word_1_185' title='bbox 912 2645 1011 2706; x_wconf 88' lang='lat' dir='ltr'>nobile</span> <span class='ocrx_word' id='word_1_186' title='bbox 1043 2645 1244 2707; x_wconf 86' lang='lat' dir='ltr'>Guicciardini</span> <span class='ocrx_word' id='word_1_187' title='bbox 1275 2665 1381 2707; x_wconf 91' lang='lat' dir='ltr'>nomen</span> 
     </span>
     <span class='ocr_line' id='line_1_23' title="bbox 154 2751 1382 2832; baseline 0.003 -22"><span class='ocrx_word' id='word_1_188' title='bbox 154 2751 288 2827; x_wconf 88' lang='lat' dir='ltr'>emicuit,</span> <span class='ocrx_word' id='word_1_189' title='bbox 317 2753 499 2830; x_wconf 89' lang='lat' dir='ltr'>turpissimis</span> <span class='ocrx_word' id='word_1_190' title='bbox 521 2755 626 2831; x_wconf 90' lang='lat' dir='ltr'>poenis</span> <span class='ocrx_word' id='word_1_191' title='bbox 648 2755 742 2831; x_wconf 86' lang='lat' dir='ltr'>affligi</span> <span class='ocrx_word' id='word_1_192' title='bbox 762 2755 865 2832; x_wconf 87' lang='lat' dir='ltr'>jussit,</span> <span class='ocrx_word' id='word_1_193' title='bbox 894 2759 958 2814; x_wconf 91' lang='lat' dir='ltr'>tum</span> <span class='ocrx_word' id='word_1_194' title='bbox 981 2754 1122 2831; x_wconf 89' lang='lat' dir='ltr'>conjuges</span> <span class='ocrx_word' id='word_1_195' title='bbox 1145 2753 1252 2814; x_wconf 88' lang='lat' dir='ltr'>Madiai</span> <span class='ocrx_word' id='word_1_196' title='bbox 1275 2754 1382 2814; x_wconf 81' lang='lat' dir='ltr'>foedis-</span> 
     </span>
     <span class='ocr_line' id='line_1_24' title="bbox 155 2858 1383 2940; baseline 0.002 -22"><span class='ocrx_word' id='word_1_197' title='bbox 155 2858 229 2919; x_wconf 90' lang='lat' dir='ltr'>simo</span> <span class='ocrx_word' id='word_1_198' title='bbox 256 2877 371 2920; x_wconf 89' lang='lat' dir='ltr'>carcere</span> <span class='ocrx_word' id='word_1_199' title='bbox 398 2861 529 2920; x_wconf 90' lang='lat' dir='ltr'>inclusos</span> <span class='ocrx_word' id='word_1_200' title='bbox 555 2867 655 2922; x_wconf 87' lang='lat' dir='ltr'>tenere</span> <span class='ocrx_word' id='word_1_201' title='bbox 682 2862 824 2939; x_wconf 89' lang='lat' dir='ltr'>perstitit,</span> <span class='ocrx_word' id='word_1_202' title='bbox 852 2863 963 2922; x_wconf 82' lang='lat' dir='ltr'>frustra</span> <span class='ocrx_word' id='word_1_203' title='bbox 985 2863 1182 2940; x_wconf 89' lang='lat' dir='ltr'>perlongum</span> <span class='ocrx_word' id='word_1_204' title='bbox 1204 2867 1322 2939; x_wconf 87' lang='lat' dir='ltr'>tempus</span> <span class='ocrx_word' id='word_1_205' title='bbox 1345 2861 1383 2920; x_wconf 90' lang='lat' dir='ltr'>ad</span> 
     </span>
     <span class='ocr_line' id='line_1_25' title="bbox 154 2965 1381 3044; baseline 0 -18"><span class='ocrx_word' id='word_1_206' title='bbox 154 2965 341 3026; x_wconf 87' lang='lat' dir='ltr'>clementiam</span> <span class='ocrx_word' id='word_1_207' title='bbox 363 2973 393 3027; x_wconf 91' lang='lat' dir='ltr'>et</span> <span class='ocrx_word' id='word_1_208' title='bbox 412 2967 559 3044; x_wconf 89' lang='lat' dir='ltr'>justitiam</span> <span class='ocrx_word' id='word_1_209' title='bbox 582 2986 651 3027; x_wconf 92' lang='lat' dir='ltr'>eum</span> <span class='ocrx_word' id='word_1_210' title='bbox 674 2968 859 3028; x_wconf 77' lang='lat' dir='ltr'>hortantibus</span> <span class='ocrx_word' id='word_1_211' title='bbox 882 2970 998 3028; x_wconf 90' lang='lat' dir='ltr'>cunctis</span> <span class='ocrx_word' id='word_1_212' title='bbox 1021 2969 1085 3044; x_wconf 89' lang='lat' dir='ltr'>ejus</span> <span class='ocrx_word' id='word_1_213' title='bbox 1108 2969 1267 3042; x_wconf 69' lang='lat' dir='ltr'>Minionis,</span> <span class='ocrx_word' id='word_1_214' title='bbox 1295 2968 1381 3027; x_wconf 82' lang='lat' dir='ltr'>Etru-</span> 
     </span>
     <span class='ocr_line' id='line_1_26' title="bbox 154 3073 1382 3152; baseline 0 -20"><span class='ocrx_word' id='word_1_215' title='bbox 154 3074 215 3134; x_wconf 87' lang='lat' dir='ltr'>riae</span> <span class='ocrx_word' id='word_1_216' title='bbox 241 3073 425 3152; x_wconf 88' lang='lat' dir='ltr'>aliarumque</span> <span class='ocrx_word' id='word_1_217' title='bbox 452 3080 596 3135; x_wconf 88' lang='lat' dir='ltr'>terrarum</span> <span class='ocrx_word' id='word_1_218' title='bbox 623 3075 696 3135; x_wconf 84' lang='lat' dir='ltr'>viris</span> <span class='ocrx_word' id='word_1_219' title='bbox 720 3075 958 3152; x_wconf 82' lang='lat' dir='ltr'>spectatissimis,</span> <span class='ocrx_word' id='word_1_220' title='bbox 986 3075 1114 3152; x_wconf 86' lang='lat' dir='ltr'>denique</span> <span class='ocrx_word' id='word_1_221' title='bbox 1136 3074 1303 3135; x_wconf 88' lang='lat' dir='ltr'>Monarchis</span> <span class='ocrx_word' id='word_1_222' title='bbox 1330 3091 1382 3150; x_wconf 90' lang='lat' dir='ltr'>po-</span> 
     </span>
     <span class='ocr_line' id='line_1_27' title="bbox 153 3181 1382 3260; baseline -0.001 -20"><span class='ocrx_word' id='word_1_223' title='bbox 153 3181 344 3257; x_wconf 89' lang='lat' dir='ltr'>tentissimis,</span> <span class='ocrx_word' id='word_1_224' title='bbox 367 3201 405 3242; x_wconf 87' lang='lat' dir='ltr'>ex</span> <span class='ocrx_word' id='word_1_225' title='bbox 429 3182 537 3260; x_wconf 91' lang='lat' dir='ltr'>quibus</span> <span class='ocrx_word' id='word_1_226' title='bbox 554 3181 721 3242; x_wconf 85' lang='lat' dir='ltr'>Fridericus</span> <span class='ocrx_word' id='word_1_227' title='bbox 740 3181 907 3243; x_wconf 83' lang='lat' dir='ltr'>Guilelmus</span> <span class='ocrx_word' id='word_1_228' title='bbox 926 3181 978 3240; x_wconf 84' lang='lat' dir='ltr'>IV.</span> <span class='ocrx_word' id='word_1_229' title='bbox 1002 3181 1120 3258; x_wconf 91' lang='lat' dir='ltr'>propria</span> <span class='ocrx_word' id='word_1_230' title='bbox 1142 3199 1232 3240; x_wconf 86' lang='lat' dir='ltr'>manu</span> <span class='ocrx_word' id='word_1_231' title='bbox 1254 3181 1292 3240; x_wconf 90' lang='lat' dir='ltr'>ad</span> <span class='ocrx_word' id='word_1_232' title='bbox 1314 3198 1382 3239; x_wconf 87' lang='lat' dir='ltr'>eum</span> 
     </span>
     <span class='ocr_line' id='line_1_28' title="bbox 155 3288 1382 3367; baseline 0 -19"><span class='ocrx_word' id='word_1_233' title='bbox 155 3290 320 3366; x_wconf 88' lang='lat' dir='ltr'>scripserat.</span> <span class='ocrx_word' id='word_1_234' title='bbox 367 3288 481 3363; x_wconf 83' lang='lat' dir='ltr'>Quibus</span> <span class='ocrx_word' id='word_1_235' title='bbox 500 3291 637 3350; x_wconf 90' lang='lat' dir='ltr'>omnibus</span> <span class='ocrx_word' id='word_1_236' title='bbox 657 3289 764 3366; x_wconf 89' lang='lat' dir='ltr'>spretis</span> <span class='ocrx_word' id='word_1_237' title='bbox 788 3295 931 3367; x_wconf 86' lang='lat' dir='ltr'>quantum</span> <span class='ocrx_word' id='word_1_238' title='bbox 951 3289 1057 3348; x_wconf 80' lang='lat' dir='ltr'>Curiae</span> <span class='ocrx_word' id='word_1_239' title='bbox 1078 3289 1281 3348; x_wconf 84' lang='lat' dir='ltr'>auctoritatem</span> <span class='ocrx_word' id='word_1_240' title='bbox 1298 3305 1382 3365; x_wconf 87' lang='lat' dir='ltr'>prae·</span> 
     </span>
     <span class='ocr_line' id='line_1_29' title="bbox 154 3395 1381 3474; baseline -0.001 -19"><span class='ocrx_word' id='word_1_241' title='bbox 154 3396 244 3456; x_wconf 83' lang='lat' dir='ltr'>terret</span> <span class='ocrx_word' id='word_1_242' title='bbox 265 3397 519 3458; x_wconf 87' lang='lat' dir='ltr'>demonstraturus</span> <span class='ocrx_word' id='word_1_243' title='bbox 541 3397 573 3457; x_wconf 91' lang='lat' dir='ltr'>in</span> <span class='ocrx_word' id='word_1_244' title='bbox 595 3397 760 3457; x_wconf 82' lang='lat' dir='ltr'>Florentiae</span> <span class='ocrx_word' id='word_1_245' title='bbox 783 3396 840 3456; x_wconf 89' lang='lat' dir='ltr'>viis</span> <span class='ocrx_word' id='word_1_246' title='bbox 862 3395 1093 3474; x_wconf 86' lang='lat' dir='ltr'>promulgandas</span> <span class='ocrx_word' id='word_1_247' title='bbox 1120 3395 1236 3455; x_wconf 85' lang='lat' dir='ltr'>tabulas</span> <span class='ocrx_word' id='word_1_248' title='bbox 1258 3395 1381 3470; x_wconf 80' lang='lat' dir='ltr'>curavit,</span> 
     </span>
     <span class='ocr_line' id='line_1_30' title="bbox 154 3502 1381 3582; baseline 0 -20"><span class='ocrx_word' id='word_1_249' title='bbox 154 3505 263 3582; x_wconf 90' lang='lat' dir='ltr'>quibus</span> <span class='ocrx_word' id='word_1_250' title='bbox 285 3504 317 3564; x_wconf 91' lang='lat' dir='ltr'>in</span> <span class='ocrx_word' id='word_1_251' title='bbox 336 3505 525 3566; x_wconf 88' lang='lat' dir='ltr'>rebellionem</span> <span class='ocrx_word' id='word_1_252' title='bbox 546 3505 584 3564; x_wconf 87' lang='lat' dir='ltr'>ad</span> <span class='ocrx_word' id='word_1_253' title='bbox 601 3505 775 3582; x_wconf 82' lang='lat' dir='ltr'>religionem</span> <span class='ocrx_word' id='word_1_254' title='bbox 793 3505 991 3582; x_wconf 84' lang='lat' dir='ltr'>pertinentem</span> <span class='ocrx_word' id='word_1_255' title='bbox 1013 3503 1227 3564; x_wconf 81' lang='lat' dir='ltr'>animadversio</span> <span class='ocrx_word' id='word_1_256' title='bbox 1246 3502 1381 3580; x_wconf 78' lang='lat' dir='ltr'>capitalis</span> 
     </span>
     <span class='ocr_line' id='line_1_31' title="bbox 152 3609 1381 3690; baseline -0.002 -20"><span class='ocrx_word' id='word_1_257' title='bbox 152 3612 385 3672; x_wconf 78' lang='lat' dir='ltr'>restitueretur.²</span> <span class='ocrx_word' id='word_1_258' title='bbox 438 3611 617 3690; x_wconf 87' lang='lat' dir='ltr'>Hujusmodi</span> <span class='ocrx_word' id='word_1_259' title='bbox 648 3612 740 3672; x_wconf 88' lang='lat' dir='ltr'>animi</span> <span class='ocrx_word' id='word_1_260' title='bbox 771 3612 960 3689; x_wconf 88' lang='lat' dir='ltr'>Principibus</span> <span class='ocrx_word' id='word_1_261' title='bbox 992 3611 1127 3689; x_wconf 88' lang='lat' dir='ltr'>expulsis</span> <span class='ocrx_word' id='word_1_262' title='bbox 1159 3629 1252 3690; x_wconf 94' lang='lat' dir='ltr'>quum</span> <span class='ocrx_word' id='word_1_263' title='bbox 1283 3609 1381 3670; x_wconf 83' lang='lat' dir='ltr'>Italici</span> 
     </span>
     <span class='ocr_line' id='line_1_32' title="bbox 152 3717 1380 3797; baseline -0.002 -19"><span class='ocrx_word' id='word_1_264' title='bbox 152 3718 237 3795; x_wconf 90' lang='lat' dir='ltr'>regni</span> <span class='ocrx_word' id='word_1_265' title='bbox 268 3719 459 3780; x_wconf 84' lang='lat' dir='ltr'>fundamenta</span> <span class='ocrx_word' id='word_1_266' title='bbox 487 3721 566 3797; x_wconf 88' lang='lat' dir='ltr'>jacta</span> <span class='ocrx_word' id='word_1_267' title='bbox 597 3725 709 3795; x_wconf 89' lang='lat' dir='ltr'>essent,</span> <span class='ocrx_word' id='word_1_268' title='bbox 744 3717 954 3797; x_wconf 91' lang='lat' dir='ltr'>patrimonium</span> <span class='ocrx_word' id='word_1_269' title='bbox 985 3718 1079 3794; x_wconf 89' lang='lat' dir='ltr'>Petri,</span> <span class='ocrx_word' id='word_1_270' title='bbox 1112 3719 1190 3796; x_wconf 91' lang='lat' dir='ltr'>quod</span> <span class='ocrx_word' id='word_1_271' title='bbox 1221 3718 1380 3792; x_wconf 87' lang='lat' dir='ltr'>dicabatur,</span> 
     </span>
     <span class='ocr_line' id='line_1_33' title="bbox 151 3825 1380 3905; baseline -0.001 -21"><span class='ocrx_word' id='word_1_272' title='bbox 151 3825 339 3888; x_wconf 88' lang='lat' dir='ltr'>Pharisaicae</span> <span class='ocrx_word' id='word_1_273' title='bbox 365 3828 450 3887; x_wconf 91' lang='lat' dir='ltr'>illius</span> <span class='ocrx_word' id='word_1_274' title='bbox 472 3828 630 3888; x_wconf 81' lang='lat' dir='ltr'>violentiae</span> <span class='ocrx_word' id='word_1_275' title='bbox 652 3831 682 3888; x_wconf 92' lang='lat' dir='ltr'>et</span> <span class='ocrx_word' id='word_1_276' title='bbox 705 3827 859 3902; x_wconf 89' lang='lat' dir='ltr'>barbarici,</span> <span class='ocrx_word' id='word_1_277' title='bbox 887 3843 963 3905; x_wconf 89' lang='lat' dir='ltr'>quae</span> <span class='ocrx_word' id='word_1_278' title='bbox 986 3825 1097 3886; x_wconf 84' lang='lat' dir='ltr'>Christi</span> <span class='ocrx_word' id='word_1_279' title='bbox 1120 3843 1228 3885; x_wconf 89' lang='lat' dir='ltr'>nomen</span> <span class='ocrx_word' id='word_1_280' title='bbox 1254 3843 1325 3902; x_wconf 89' lang='lat' dir='ltr'>prae</span> <span class='ocrx_word' id='word_1_281' title='bbox 1347 3842 1380 3883; x_wconf 89' lang='lat' dir='ltr'>sc</span> 
     </span>
     <span class='ocr_line' id='line_1_34' title="bbox 53 3923 1380 4022; baseline -0.002 -29"><span class='ocrx_word' id='word_1_282' title='bbox 53 3923 59 3934; x_wconf 62' lang='grc'><em>“</em></span> <span class='ocrx_word' id='word_1_283' title='bbox 151 3933 274 4010; x_wconf 85' lang='lat' dir='ltr'>ferebat,</span> <span class='ocrx_word' id='word_1_284' title='bbox 298 3935 438 3994; x_wconf 90' lang='lat' dir='ltr'>ultimum</span> <span class='ocrx_word' id='word_1_285' title='bbox 456 3936 546 3995; x_wconf 89' lang='lat' dir='ltr'>medii</span> <span class='ocrx_word' id='word_1_286' title='bbox 569 3935 634 3996; x_wconf 81' lang='lat' dir='ltr'>aevi</span> <span class='ocrx_word' id='word_1_287' title='bbox 652 3935 802 4012; x_wconf 83' lang='lat' dir='ltr'>retugium</span> <span class='ocrx_word' id='word_1_288' title='bbox 824 3939 893 3995; x_wconf 86' lang='lat' dir='ltr'>erat</span> <span class='ocrx_word' id='word_1_289' title='bbox 939 3933 985 3993; x_wconf 93' lang='lat' dir='ltr'>Ibi</span> <span class='ocrx_word' id='word_1_290' title='bbox 1008 3931 1161 4022; x_wconf 82' lang='lat' dir='ltr'>inquisitio</span> <span class='ocrx_word' id='word_1_291' title='bbox 1183 3931 1296 3992; x_wconf 88' lang='lat' dir='ltr'>radices</span> <span class='ocrx_word' id='word_1_292' title='bbox 1318 3935 1380 3991; x_wconf 91' lang='lat' dir='ltr'>tam</span> 
     </span>
     <span class='ocr_line' id='line_1_35' title="bbox 150 4039 1380 4120; baseline -0.002 -19"><span class='ocrx_word' id='word_1_293' title='bbox 150 4041 209 4102; x_wconf 87' lang='lat' dir='ltr'>alte</span> <span class='ocrx_word' id='word_1_294' title='bbox 241 4042 338 4119; x_wconf 89' lang='lat' dir='ltr'>egisse</span> <span class='ocrx_word' id='word_1_295' title='bbox 365 4042 429 4102; x_wconf 75' lang='lat' dir='ltr'>visa</span> <span class='ocrx_word' id='word_1_296' title='bbox 460 4047 519 4118; x_wconf 90' lang='lat' dir='ltr'>est,</span> <span class='ocrx_word' id='word_1_297' title='bbox 552 4047 585 4102; x_wconf 91' lang='lat' dir='ltr'>ut</span> <span class='ocrx_word' id='word_1_298' title='bbox 612 4061 650 4103; x_wconf 90' lang='lat' dir='ltr'>ne</span> <span class='ocrx_word' id='word_1_299' title='bbox 677 4040 860 4120; x_wconf 78' lang='lat' dir='ltr'>Frauoogalli</span> <span class='ocrx_word' id='word_1_300' title='bbox 887 4041 1020 4120; x_wconf 89' lang='lat' dir='ltr'>quidem,</span> <span class='ocrx_word' id='word_1_301' title='bbox 1052 4059 1145 4119; x_wconf 91' lang='lat' dir='ltr'>quum</span> <span class='ocrx_word' id='word_1_302' title='bbox 1171 4040 1253 4117; x_wconf 90' lang='lat' dir='ltr'>Papa</span> <span class='ocrx_word' id='word_1_303' title='bbox 1283 4039 1380 4099; x_wconf 88' lang='lat' dir='ltr'>adhuc</span> 
     </span>
     <span class='ocr_line' id='line_1_36' title="bbox 149 4147 1377 4228; baseline -0.004 -17"><span class='ocrx_word' id='word_1_304' title='bbox 149 4150 238 4211; x_wconf 83' lang='lat' dir='ltr'>exule</span> <span class='ocrx_word' id='word_1_305' title='bbox 261 4150 293 4209; x_wconf 90' lang='lat' dir='ltr'>in</span> <span class='ocrx_word' id='word_1_306' title='bbox 311 4150 391 4210; x_wconf 90' lang='lat' dir='ltr'>Urbe</span> <span class='ocrx_word' id='word_1_307' title='bbox 413 4155 500 4228; x_wconf 85' lang='lat' dir='ltr'>capta</span> <span class='ocrx_word' id='word_1_308' title='bbox 521 4155 691 4228; x_wconf 87' lang='lat' dir='ltr'>regnarent,</span> <span class='ocrx_word' id='word_1_309' title='bbox 714 4150 852 4210; x_wconf 87' lang='lat' dir='ltr'>resistere</span> <span class='ocrx_word' id='word_1_310' title='bbox 875 4149 1015 4210; x_wconf 88' lang='lat' dir='ltr'>tribunali</span> <span class='ocrx_word' id='word_1_311' title='bbox 1038 4147 1084 4207; x_wconf 92' lang='lat' dir='ltr'>illi</span> <span class='ocrx_word' id='word_1_312' title='bbox 1108 4147 1206 4226; x_wconf 87' lang='lat' dir='ltr'>palam</span> <span class='ocrx_word' id='word_1_313' title='bbox 1228 4147 1377 4206; x_wconf 87' lang='lat' dir='ltr'>auderent</span> 
     </span>
     <span class='ocr_line' id='line_1_37' title="bbox 148 4253 1378 4360; baseline -0.002 -44"><span class='ocrx_word' id='word_1_314' title='bbox 148 4257 301 4334; x_wconf 88' lang='lat' dir='ltr'>Insignem</span> <span class='ocrx_word' id='word_1_315' title='bbox 329 4259 477 4337; x_wconf 90' lang='lat' dir='ltr'>quendam</span> <span class='ocrx_word' id='word_1_316' title='bbox 500 4257 600 4319; x_wconf 87' lang='lat' dir='ltr'>Sancti</span> <span class='ocrx_word' id='word_1_317' title='bbox 623 4255 722 4318; x_wconf 84' lang='lat' dir='ltr'>Officii</span> <span class='ocrx_word' id='word_1_318' title='bbox 749 4257 913 4336; x_wconf 84' lang='lat' dir='ltr'>captivum,</span> <span class='ocrx_word' id='word_1_319' title='bbox 940 4255 1052 4316; x_wconf 85' lang='lat' dir='ltr'>Achilli</span> <span class='ocrx_word' id='word_1_320' title='bbox 1074 4255 1206 4332; x_wconf 87' lang='lat' dir='ltr'>nomine,</span> <span class='ocrx_word' id='word_1_321' title='bbox 1229 4255 1286 4360; x_wconf 78' lang='lat' dir='ltr'>qui</span> <span class='ocrx_word' id='word_1_322' title='bbox 1310 4253 1378 4315; x_wconf 82' lang='lat' dir='ltr'>Car-</span> 
     </span>
    </p>
   </div>
   <div class='ocr_carea' id='block_1_3' title="bbox 254 4503 1170 4664">
    <p class='ocr_par' dir='ltr' id='par_1_3' title="bbox 254 4503 1170 4664">
     <span class='ocr_line' id='line_1_38' title="bbox 255 4503 1090 4580; baseline 0.002 -22"><span class='ocrx_word' id='word_1_323' title='bbox 255 4503 570 4574; x_wconf 61' lang='lat' dir='ltr'>nffipfflsffls</span> <span class='ocrx_word' id='word_1_324' title='bbox 1087 4573 1090 4580; x_wconf 30' lang='grc' dir='ltr'>Ι</span> 
     </span>
     <span class='ocr_line' id='line_1_39' title="bbox 254 4591 1170 4664; baseline -0.002 -16"><span class='ocrx_word' id='word_1_325' title='bbox 254 4595 282 4664; x_wconf 86' lang='grc'>2)</span> <span class='ocrx_word' id='word_1_326' title='bbox 300 4595 332 4648; x_wconf 88' lang='grc' dir='ltr'>Ι).</span> <span class='ocrx_word' id='word_1_327' title='bbox 352 4595 440 4650; x_wconf 85' lang='lat' dir='ltr'>XVII.</span> <span class='ocrx_word' id='word_1_328' title='bbox 461 4612 495 4649; x_wconf 90' lang='lat' dir='ltr'>m.</span> <span class='ocrx_word' id='word_1_329' title='bbox 514 4594 583 4650; x_wconf 85' lang='lat' dir='ltr'>Nov.</span> <span class='ocrx_word' id='word_1_330' title='bbox 602 4610 625 4650; x_wconf 82' lang='lat' dir='ltr'>a</span> <span class='ocrx_word' id='word_1_331' title='bbox 644 4593 814 4650; x_wconf 82' lang='lat' dir='ltr'>MDCGCLII</span> <span class='ocrx_word' id='word_1_332' title='bbox 832 4593 865 4648; x_wconf 87' lang='lat' dir='ltr'>cl.</span> <span class='ocrx_word' id='word_1_333' title='bbox 884 4592 969 4648; x_wconf 89' lang='lat' dir='ltr'>Witta</span> <span class='ocrx_word' id='word_1_334' title='bbox 988 4592 1006 4647; x_wconf 92' lang='lat'>1.</span> <span class='ocrx_word' id='word_1_335' title='bbox 1026 4609 1049 4647; x_wconf 91' lang='lat' dir='ltr'>c.</span> <span class='ocrx_word' id='word_1_336' title='bbox 1068 4609 1093 4662; x_wconf 90' lang='lat' dir='ltr'>p.</span> <span class='ocrx_word' id='word_1_337' title='bbox 1109 4591 1170 4646; x_wconf 86' lang='lat'>321.</span> 
     </span>
    </p>
   </div>
   <div class='ocr_carea' id='block_1_4' title="bbox 0 0 1602 5042">
    <p class='ocr_par' dir='ltr' id='par_1_4' title="bbox 0 0 1602 5042">
     <span class='ocr_line' id='line_1_40' title="bbox 0 0 1602 5042; baseline 0 2"><span class='ocrx_word' id='word_1_338' title='bbox 0 0 1602 5042; x_wconf 95' lang='lat' dir='ltr'> </span> 
     </span>
    </p>
   </div>
  </div>
 </body>
</html>
