3156 5056
269 254 321 309 212
767 259 871 312 Psnrrs
889 260 1005 313 Parcnra

266 473 369 531 nando
398 477 484 546 atque
515 475 545 532 in
572 473 777 548 proclamanda
803 475 882 535 bulla
904 479 995 552 socio,
1021 479 1309 554 dignusfabnlarum
1331 489 1476 544 atrorum

266 577 413 652 fictarum,
431 577 534 652 quibus
549 577 677 638 divinum
699 585 823 654 papatus
843 581 890 654 jns
908 582 1040 658 fulciret,
1062 590 1200 658 patronus
1215 593 1287 646 erat
1326 589 1388 648 lloc
1402 591 1475 648 eninr

266 684 386 742 consilio
412 683 516 742 inille
538 683 637 743 libello
659 700 711 744 sno
733 701 786 758 pro
809 687 885 744 veris
907 688 1012 767 multa,
1039 705 1114 762 qnae
1138 688 1213 749 falsa
1234 692 1391 766 ineptaque
1414 711 1474 753 essc

264 787 402 848 Erasmus
432 788 539 861 aliique
567 787 736 862 jamdudum
767 790 967 866 ostenderant,
1002 798 1141 866 proterva
1167 792 1264 854 frome
1292 799 1475 870 repetiverat.

263 893 329 952 Illic
356 892 476 952 Petrum
505 908 559 966 per
587 894 711 968 quinque
743 901 773 954 et
799 896 900 970 viginti
930 911 1022 956 annos
1049 896 1159 958 Romae
1187 901 1352 974 episcopum
1381 902 1474 974 inisse,

263 999 400 1058 &ndum
431 998 638 1071 Hieronymum
664 1001 726 1073 jam
754 998 915 1060 Cardinulis
943 1001 1068 1062 Romani
1098 1020 1219 1062 munere
1251 1003 1382 1066 iunctum
1413 1023 1474 1068 esse

262 1105 370 1162 iterum
392 1101 555 1177 contendit3
585 1103 622 1163 ad
642 1103 908 1178 Pseudodionyaum
930 1107 1152 1182 Areopagitam,
1179 1107 1216 1168 ad
1239 1107 1344 1170 falsum
1363 1113 1475 1171 concilii

262 1209 385 1268 Nicaeni
409 1224 565 1283 emonem,
586 1225 671 1283 quem
691 1209 836 1269 Lntberne
859 1211 889 1268 in
909 1209 1022 1272 Graeco
1044 1218 1126 1272 textu
1148 1229 1205 1272 non
1228 1231 1292 1274 ease
1315 1225 1474 1290 monuerat,

262 1313 300 1373 ad
323 1314 382 1373 alia
405 1313 534 1387 eiusdem
554 1315 671 1388 generis
691 1314 776 1388 plura
790 1315 896 1374 iterum
911 1323 1055 1389 provocat
1093 1316 1242 1377 Audacter
1256 1319 1346 1392 igitur
1357 1322 1474 1394 jactetis

262 1418 369 1477 talibus
390 1417 492 1492 rebus,
520 1421 674 1494 quaejam
697 1424 765 1478 tnnc
790 1419 995 1480 eruditioribus
1018 1421 1183 1481 hominibus
1205 1423 1276 1481 risui
1300 1431 1397 1498 erant,
1429 1427 1473 1484 vel

261 1523 429 1595 nequissimi
466 1523 597 1582 homines
636 1522 764 1583 Medicei
801 1524 879 1582 illius
915 1521 1064 1584 Pontificio
1106 1525 1236 1585 favorem
1277 1544 1312 1586 ac
1351 1530 1472 1602 gratim

260 1627 515 1702 nanciscebantnr,
542 1645 626 1700 quem
649 1635 681 1686 ut
702 1627 808 1687 bonum
830 1635 988 1704 pastorem,
1020 1629 1127 1690 Christi
1153 1632 1277 1707 vestigia
1297 1641 1473 1707 sequentem,

259 1747 375 1806 pacem,
403 1731 582 1806 libertatem,
613 1733 767 1793 verimtem
794 1734 945 1794 reduxisse
973 1731 1140 1794 Hnttenus¹
1170 1737 1272 1810 paucis
1299 1739 1383 1796 annis
1403 1745 1471 1796 ante

259 1838 366 1897 litteris
387 1836 617 1912 praedicaverat.
662 1839 753 1896 Immo
779 1843 846 1912 post
867 1840 999 1913 inceptas
1022 1841 1222 1900 contentiones
1243 1841 1306 1914 ipse
1327 1840 1472 1901 Lutberns

258 1949 378 2018 questus
401 1949 477 2017 erat,
501 1943 575 2016 qnod
598 1943 756 2004 adversarii
779 1942 830 2015 ,ad
851 1944 1018 2004 terrendam
1033 1961 1122 2004 unum
1136 1943 1322 2004 fraterculum
1337 1945 1471 2019 duasque

258 2065 325 2110 snas
348 2048 515 2124 tyrannides
538 2049 725 2109 stabiliendas
747 2053 792 2108 tot
813 2049 974 2108 manifestis
995 2049 1154 2108 mendaciis
1177 2065 1290 2110 sacrum
1312 2051 1418 2110 Leonis
1435 2050 1470 2108 x.

257 2171 362 2214 nomen
392 2151 594 2228 profanassent
622 2149 960 2228 conspurcassentque.‘¹
1007 2154 1092 2212 Nunc
1115 2155 1207 2227 magis
1229 2155 1259 2212 in
1280 2155 1358 2214 diem
1379 2157 1470 2229 ipsum

256 2259 332 2318 bunc
360 2258 481 2333 Papam,
514 2275 570 2317 non
600 2259 687 2318 aliter
715 2263 801 2332 atque
832 2258 1002 2318 decessores
1031 2259 1106 2332 ejus,
1139 2259 1263 2318 nominis
1288 2258 1470 2332 splendorem

256 2364 377 2422 maculis
405 2364 562 2437 aspersisse
592 2362 672 2421 vidit
717 2361 788 2421 Gnm
814 2368 896 2422 tanto
918 2363 1017 2422 dolore
1040 2367 1071 2421 et
1092 2363 1227 2436 horrore,
1253 2368 1361 2436 quante
1383 2365 1469 2437 pauci

255 2466 379 2526 locasse
402 2467 580 2540 aequalium,
601 2465 753 2526 Laurentii
775 2467 878 2526 Vallae
902 2467 1007 2526 libram
1030 2466 1102 2542 legit
1118 2467 1155 2526 de
1170 2464 1268 2527 efficta
1284 2473 1314 2526 et
1329 2468 1469 2527 ementita

256 2569 438 2630 Constantini
468 2570 632 2630 donatione.
677 2569 771 2645 ,Deus
801 2571 905 2646 bone‘,
935 2573 1041 2646 inquit,
1072 2577 1213 2646 ‚quantae
1242 2587 1296 2630 seu
1325 2572 1468 2632 tenebrae

254 2691 307 2734 scu
328 2675 476 2748 nequitiae
498 2675 737 2734 Romanensium:
766 2682 809 2748 et,
837 2676 912 2750 quod
933 2677 964 2735 in
986 2676 1043 2735 Dei
1062 2676 1172 2750 judicio
1194 2675 1321 2750 mireris,
1349 2681 1468 2750 pentat

250 2778 351 2839 secula
372 2795 430 2838 non
451 2778 535 2839 modo
557 2779 691 2854 durasse,
714 2780 767 2838 sed
789 2782 877 2840 etiam
895 2781 1092 2855 praevaluisse
1108 2785 1195 2853 atque
1210 2779 1289 2838 inter
1303 2779 1467 2840 decretales

246 2885 341 2944 relata
363 2900 428 2944 esse
450 2889 510 2943 tam
531 2885 658 2959 impura,
690 2889 750 2943 tam
773 2877 884 2958 crassa,
915 2892 974 2945 mm
1002 2883 1181 2959 impudentia
1203 2883 1356 2945 mendacia
1377 2885 1465 2958 inque

245 2985 313 3050 fidei
343 2991 529 3050 articulorum
560 2983 611 3072 (ne
643 2989 713 3064 qnid
743 2990 863 3050 monstri
895 2984 985 3071 desit)
1017 2991 1110 3049 vicem
1139 2989 1283 3049 succisae!
1328 2989 1392 3064 Ego
1420 2991 1465 3048 sic

246 3109 350 3171 angor,
373 3101 406 3155 ut
428 3111 519 3171 prope
542 3111 600 3155 non
621 3095 752 3155 dubitem
770 3095 879 3170 Papam
903 3111 967 3154 esse
990 3094 1107 3169 proprie
1124 3093 1349 3153 Antischristnm
1371 3094 1464 3169 illum,

246 3217 330 3275 quem
353 3201 469 3276 vulgata
488 3201 622 3275 opinione
645 3207 795 3276 exspectat
816 3195 982 3259 ιιιιιιιιίιιε.ιθ

333 3305 372 3364 Et
391 3305 522 3380 prolecto
544 3306 663 3380 spiritus
684 3305 762 3365 haud
782 3306 876 3364 minus
899 3303 1137 3364 antichristianus
1152 3317 1238 3376 quam
1252 3303 1284 3362 in
1299 3303 1370 3377 ipsis
1384 3320 1461 3363 com·

246 3409 352 3468 mentia
381 3411 457 3484 istis,
488 3411 519 3468 in
548 3409 606 3469 line
636 3427 747 3483 quoque
776 3411 822 3469 cui
850 3407 1050 3470 inserviebant
1078 3415 1109 3468 et
1130 3409 1161 3466 in
1182 3407 1282 3482 rncdo,
1313 3424 1370 3481 quc
1393 3405 1462 3466 lidei

246 3513 431 3571 articulorum
459 3514 552 3572 instar
581 3515 667 3588 vulgo
698 3513 934 3587 imponebantur,
967 3513 1138 3587 conspicuus
1167 3517 1239 3572 erat
1285 3511 1404 3571 Scilicet
1425 3511 1462 3570 ad

246 3615 408 3692 aagendam
422 3618 597 3692 potentiam,
620 3617 772 3692 honorem,
791 3602 926 3692 'divitiae
948 3618 1091 3676 lunumem
1109 3621 1169 3674 tnm
1184 3615 1283 3690 Papae
1299 3619 1361 3675 tum
1375 3617 1463 3676 satel-

245 3722 328 3782 litum
357 3723 419 3797 ejus
447 3721 544 3780 omnia
573 3721 629 3780 ista
659 3722 704 3780 vel
734 3725 912 3797 exmgitata,
943 3723 1003 3796 vel,
1033 3723 1164 3781 mernor
1186 3737 1221 3780 ac
1243 3719 1397 3794 stupiditas
1425 3736 1463 3780 ea

243 3833 418 3903 genuerant,
450 3826 552 3887 callide
583 3827 686 3886 saltem
715 3827 836 3902 posthac
865 3826 996 3886 adbibita
1026 3831 1120 3886 erant
1164 3825 1337 3885 antichristi
1363 3832 1461 3885 antem

242 3933 390 4008 proprium
413 3913 449 3994 ex
472 3933 536 3992 loco
555 3932 687 3992 Danielis
708 3925 752 4012 (in
769 3932 872 4006 capitis
887 3931 930 3990 IX
949 3948 974 3990 v.
991 3933 1031 3991 39
1049 3937 1079 3990 et
1095 3923 1152 4011 43)
1175 3931 1264 3989 etiam
1283 3929 1314 3988 id
1337 3929 1462 3988 maxime

242 4040 411 4113 putabatur,
442 4044 475 4098 ut
505 4055 604 4098 ornnes
634 4043 732 4097 terrae
761 4037 877 4096 diviaas
906 4037 945 4096 ad
971 4052 1004 4096 se
1035 4036 1176 4096 traheret.
1221 4034 1304 4107 Quali
1336 4035 1461 4107 denique

332 4305 359 4372 1)
378 4305 444 4371 Opp.
468 4307 516 4355 lbt
536 4320 556 4354 a.
585 4303 612 4354 in
638 4303 762 4368 epistola,
794 4317 845 4368 qna
874 4317 896 4351 a.
925 4306 991 4352 lata
1023 4301 1157 4352 Laurentii
1187 4300 1279 4352 Vallac
1311 4299 1463 4365 opusculum

244 4390 327 4442 Leorfi
343 4391 378 4444 X.
397 4391 530 4442 dedicarit

331 4477 358 4547 ι)
376 4475 464 4529 Briaic
484 4485 508 4541 1,
522 4483 571 4529 aaa
591 4477 721 4544 (pluribus
739 4475 871 4527 mansibus
889 4481 947 4526 anta
965 4474 1121 4542 colloquium
1139 4473 1294 4542 Lipsianaa).

328 4565 356 4633 3)
373 4563 473 4617 Ibidem
494 4579 519 4630 p.
535 4571 596 4616 lio.
