3194 5042
206 271 259 324 164
748 268 836 323 Orrur
854 269 887 322 V.

205 489 302 548 neque
329 489 398 531 eum
424 471 480 530 hac
507 471 641 546 audacia,
673 470 726 530 sed
753 470 857 546 altera,
888 489 948 548 qua
975 471 1107 530 seculare
1132 489 1258 547 regnum
1285 471 1436 548 deponere

206 578 368 654 consuluit,
405 578 496 637 bilem
527 578 582 637 Pio
613 577 743 638 movisse
774 582 896 638 constat.
950 577 1122 638 Novissima
1152 595 1221 638 vero
1252 578 1348 654 ipsius
1385 577 1436 636 Pii

205 687 341 762 dogmata
369 685 563 745 liberaliorem
587 685 732 762 ejusmodi
759 684 1030 762 interpretationem
1052 685 1135 744 nullo
1161 685 1248 744 modo
1271 685 1434 762 patiuntur,

206 812 294 871 quarn
317 793 368 870 qui
391 797 593 868 tentaverunt,
617 793 773 870 Aethiopis
795 793 905 870 pellem
926 811 959 854 se
981 793 1097 853 lavasse
1119 811 1190 852 mox
1211 792 1388 870 intelligent

312 900 394 978 Papa
416 899 481 976 ille,
505 901 705 962 cudendorum
728 918 871 960 novorum
894 899 1078 976 dogmatum,
1100 905 1135 960 ut
1153 899 1277 960 Concilii
1296 899 1435 959 Vaticani

205 1009 279 1068 actis
302 1008 533 1082 demonstratur,
559 1008 784 1085 cupidissime,
808 1026 867 1085 quo
889 1007 1034 1067 indoctior
1055 1013 1130 1082 erat,
1157 1025 1192 1066 eo
1214 1007 1332 1066 facilius
1355 1006 1435 1067 Sori-

205 1120 310 1193 pturae
329 1114 445 1190 Sacrae,
469 1115 608 1192 antiquae
630 1115 784 1190 ecclesiae,
808 1133 992 1175 summorum
1013 1115 1165 1175 doctorum
1188 1115 1360 1174 auctoritato
1383 1133 1434 1173 ne-

205 1223 301 1299 glecta
316 1223 423 1298 jugum
442 1240 531 1281 suum
549 1222 763 1299 permultorum
778 1221 1013 1282 Christianorum
1027 1222 1113 1282 collis
1126 1221 1277 1300 imposuit
1307 1221 1435 1282 Sanctrrs

206 1329 374 1389 Bernardus
398 1330 555 1390 canonicos
578 1330 721 1407 quosdam
744 1329 974 1406 Lugdunenses,
998 1330 1050 1407 qui
1073 1329 1162 1406 primi
1185 1347 1339 1406 emergens
1361 1333 1435 1388 tuno

206 1441 404 1496 commentum
439 1437 476 1496 de
498 1436 591 1496 Maria
623 1438 687 1497 sine
719 1436 786 1496 labe
817 1442 959 1514 concepta
990 1437 1131 1497 ecclesiae
1161 1436 1310 1526 inculcare
1336 1437 1435 1496 conati

207 1549 301 1618 erant,
338 1543 478 1604 acerrime
514 1545 752 1622 impugnaverat,
789 1563 979 1604 commonens
1011 1562 1061 1604 eos
1093 1545 1158 1620 ,uni
1191 1549 1336 1604 servatam
1368 1561 1436 1603 esse

207 1649 301 1711 sancti
319 1652 552 1728 praerogativam
570 1657 744 1731 conceptus,
764 1651 816 1730 qui
835 1670 937 1712 omnes
956 1651 1151 1712 sanctificaret
1169 1651 1310 1730 solusque
1323 1653 1436 1730 absque

206 1763 326 1836 peccato
353 1759 477 1818 veniens
504 1758 709 1836 purgationem
737 1759 847 1819 faceret
868 1759 1078 1836 peccatonrm.1
1122 1758 1189 1818 Non
1211 1759 1311 1819 minus
1333 1765 1436 1818 sancta

206 1867 338 1944 profecto
374 1865 577 1942 indignatione
612 1866 691 1926 idern
723 1865 891 1927 Bernardus
928 1885 999 1927 suae
1030 1866 1134 1926 aetatis
1165 1867 1325 1926 Pontifices
1356 1871 1437 1926 esset

206 1978 394 2050 prosecutus,
422 1973 449 2033 si
477 1973 614 2033 similiter
641 1979 730 2052 atque
752 1973 825 2034 Pius
843 1974 897 2034 IX.
926 1973 1042 2034 divinas
1068 1975 1284 2051 praerogativas
1307 1973 1355 2032 vel
1378 1960 1436 2032 sibi

206 2081 282 2158 ipsis
314 2086 513 2158 arrogassent,
545 2081 594 2140 vel
625 2082 662 2140 ab
693 2081 760 2141 aliis
792 2081 913 2141 attribui
941 2081 997 2141 sibi
1025 2081 1106 2158 passi
1133 2087 1241 2141 essent
1291 2079 1436 2140 Homines

206 2193 323 2248 nostrae
354 2193 388 2248 ut
420 2207 490 2248 snae
521 2188 637 2264 aetatis,
670 2189 703 2247 in
734 2207 810 2249 nove
836 2189 973 2266 dogmata
999 2194 1118 2248 ruentes
1146 2189 1194 2248 his
1221 2189 1318 2248 verbis
1345 2189 1436 2247 inter-

206 2295 311 2372 pellat:
341 2295 507 2373 ‚Numquid
530 2296 668 2356 Patribus
695 2296 839 2357 doctiores
867 2301 918 2355 aut
940 2297 1104 2356 devotiores
1127 2297 1220 2356 estis?
1264 2295 1437 2356 Periculose

206 2403 397 2479 praesumitis
425 2403 570 2480 quidquid
593 2403 625 2462 in
647 2403 757 2464 talibus
780 2405 913 2481 ipsorum
935 2403 1092 2481 prudentia
1114 2403 1301 2480 praeterivit!
1348 2403 1436 2463 Certo

206 2509 279 2569 Pius
298 2509 351 2569 IX.
375 2509 513 2569 Patribus
539 2529 637 2589 neque
660 2510 819 2572 doctiorem
841 2529 938 2589 neque
961 2511 1139 2571 devotiorem
1163 2529 1195 2571 se
1218 2511 1354 2586 credidit,
1382 2511 1436 2570 sed

206 2615 383 2675 miraculosa
414 2617 593 2677 revelatione
625 2619 780 2694 dignatum
813 2637 845 2678 se
876 2637 947 2696 prae
978 2618 1041 2678 illis
1069 2637 1135 2679 esse
1163 2618 1327 2678 somniavit
1377 2618 1435 2678 His

207 2722 331 2782 somniis
354 2741 429 2799 quae
451 2741 469 2782 a
491 2723 653 2799 pictoribus
677 2726 766 2784 etiarn
784 2726 815 2784 in
834 2727 943 2786 tabulis
962 2726 1047 2804 pingi
1065 2727 1171 2802 voluit,
1194 2727 1288 2786 fretus
1306 2726 1338 2784 id
1356 2725 1435 2802 quod

206 2829 394 2905 Augustinus
417 2835 447 2888 et
466 2830 709 2907 chrysostomus,
733 2833 812 2910 quod
830 2833 911 2911 Papa
932 2833 985 2894 ille
1008 2835 1117 2894 summi
1140 2834 1230 2894 medii
1252 2833 1318 2892 aevi
1336 2833 1435 2892 docto·

206 2953 254 2996 res
285 2936 335 2996 vel
361 2936 580 3014 ignoraverant,
612 2939 661 2998 vel
688 2945 722 2998 ut
749 2957 875 3000 errorem
903 2941 1076 3018 rejecerant,
1108 2941 1266 3001 hodiernos
1293 2940 1435 3000 ecclesiae

206 3043 355 3105 Romanae
387 3044 468 3106 cives
496 3047 551 3106 sub
578 3053 713 3106 aeternae
740 3047 936 3108 damnationis
963 3067 1058 3126 poena
1085 3049 1203 3109 credere
1226 3048 1326 3125 jussit
1376 3048 1434 3108 Re-

207 3152 389 3228 spondenmt
416 3153 444 3212 ei
471 3153 615 3230 praeclari
642 3154 763 3232 quidam
791 3155 861 3230 viri,
889 3155 968 3233 quod
996 3156 1103 3216 Petrus
1132 3155 1277 3216 Cellensis
1305 3157 1434 3216 fanatico

206 3259 324 3318 cuidam
346 3261 489 3320 monacho
511 3261 623 3338 Angla,
646 3267 748 3322 contra
769 3262 910 3323 Sanctum
928 3263 1111 3323 Bernardum
1134 3264 1171 3323 ad
1193 3269 1329 3341 acceptas
1352 3281 1433 3323 reve

205 3365 331 3426 ledones
353 3367 525 3444 provocanti
548 3370 712 3446 respondit:
737 3369 925 3447 ,Evangelim
948 3389 1009 3430 non
1027 3371 1150 3431 somniis
1168 3372 1277 3431 credo‘.
1319 3369 1434 3446 Quibus

205 3490 274 3532 vero
300 3473 422 3534 auxiliis
449 3493 502 3552 pro
525 3483 657 3554 ternpore
679 3477 784 3537 vicerit
806 3478 966 3538 somniator
988 3483 1018 3538 et
1040 3479 1128 3557 quale
1150 3479 1309 3557 imperium
1332 3497 1433 3556 capes·

205 3579 320 3655 siverit,
344 3598 434 3658 supra
456 3582 593 3643 vidimus.

311 3687 398 3747 Multi
421 3688 514 3766 igitur
535 3695 630 3750 totum
653 3690 733 3750 hunc
750 3691 1077 3752 Antichristianismum
1100 3712 1169 3754 curn
1188 3694 1255 3772 ipsa
1272 3694 1434 3754 christiana

203 3795 360 3872 religione,
388 3797 474 3872 cujus
501 3797 622 3858 nomine
648 3798 792 3858 dominari
818 3799 851 3857 in
874 3799 1027 3860 hominum
1050 3801 1164 3861 animos
1187 3807 1321 3877 concurr,
1348 3821 1433 3880 prae-

203 3907 321 3980 postere
349 3905 542 3964 confundunt
589 3904 669 3979 Quos
696 3906 769 3966 haec
795 3924 855 3966 una
882 3925 951 3966 curn
978 3907 1030 3968 illo
1060 3927 1128 3972 cum
1151 3909 1183 3968 in
1207 3908 1304 3970 Gallia
1325 3913 1356 3970 et
1378 3909 1433 3968 Hi-

204 4010 321 4086 spania,
353 4017 418 4070 tum
450 4013 482 4072 in
509 4013 609 4088 Italia,
641 4013 693 4073 ubi
725 4014 921 4092 corruptionis
954 4015 1038 4076 illius
1070 4018 1155 4094 quasi
1187 4017 1312 4077 thronus
1339 4035 1433 4094 prope

203 4117 398 4194 conspicitur,
420 4120 542 4196 rejicere
564 4125 595 4180 et
617 4125 805 4182 contemnere
827 4123 964 4182 vidimus.
1009 4123 1078 4183 Non
1100 4124 1186 4184 aliter
1205 4124 1268 4200 jarn
1290 4123 1432 4184 Nicolaus

202 4221 420 4301 Macchiavelli,
458 4227 494 4286 Id
526 4227 643 4303 saltem,
679 4228 789 4307 inquit,
821 4247 876 4290 nos
907 4229 976 4290 Itali
1007 4231 1156 4291 Romanae
1187 4231 1251 4291 sedi
1282 4232 1431 4306 debemus,

203 4331 282 4408 quod
303 4349 451 4393 sacrorum
470 4339 686 4414 contemptores
704 4341 734 4395 et
751 4335 894 4398 atheistas
911 4355 966 4398 nos
984 4337 1119 4398 reddidit
1136 4407 1138 4412 ,
1157 4338 1251 4416 Cujus
1270 4339 1431 4416 ingenium,

311 4561 338 4628 1)
357 4559 405 4628 Ep.
423 4561 474 4612 174
493 4562 525 4614 ad
545 4561 690 4616 Canonioos
708 4561 908 4632 Lugdunenses.
