3194 5042
274 289 326 344 146
816 287 903 342 carm
921 286 954 340 V.

274 491 339 567 ejus
357 491 516 567 degeneres
535 491 760 550 obtrectationes
779 489 887 550 oblivio
905 507 975 550 mox
993 493 1071 550 uret:
1090 507 1144 567 por
1158 489 1273 565 ingenii
1294 488 1396 547 divini
1414 507 1519 546 mona-

273 603 372 658 menta
393 598 558 676 posteritati
581 603 760 658 monstratus
789 603 940 675 superstes
963 597 1040 656 0111ί
1085 597 1199 656 Addam
1224 596 1381 656 nonnulla
1404 615 1449 656 ex
1474 596 1519 653 lir-

273 707 357 781 teris,
386 724 459 784 quas
486 708 522 766 ad
546 706 724 781 Galilacum,
753 725 846 784 quum
868 724 974 766 novam
996 705 1217 780 longitudinum
1244 704 1448 764 terrestrium
1473 705 1519 762 de

273 815 467 874 finiendarum
490 815 632 874 rationem
656 813 886 888 machinaretur,
909 813 997 889 Hugo
1016 811 1135 872 Gmtius
1158 812 1253 872 dedit:
1278 811 1518 888 ,Cognationem

273 921 358 981 nobis
386 939 452 982 esse
479 941 546 982 cum
575 921 668 996 coele,
701 940 739 981 ex
766 921 827 980 tuis
854 921 984 980 maxime
1011 920 1148 997 oporibus
1176 919 1281 994 didici,
1316 919 1369 978 vir
1397 919 1518 995 &pien-

272 1029 395 1089 tissimo.
441 1027 574 1089 Veuemr
599 1034 642 1104 te,
675 1029 726 1106 qui
754 1029 812 1088 ista
838 1033 945 1102 aetate,
973 1033 1034 1087 tam
1057 1027 1187 1104 ingratos
1215 1027 1516 1104 01100111101111111101Ι

273 1136 415 1196 adversus
438 1141 596 1214 utrumque
615 1136 757 1211 invictus,
781 1136 901 1196 ethaeo
924 1139 954 1196 01
971 1135 1029 1194 alia
1051 1135 1180 1212 plurima
1202 1153 1236 1194 ac
1255 1135 1396 1193 maxima
1419 1136 1516 1194 susci·

273 1261 343 1320 pere
365 1261 478 1321 pergas.
524 1243 587 1303 Ista
608 1261 677 1304 roro
700 1261 759 1304 non
782 1248 920 1304 0011001110
943 1241 1067 1302 dicenda
1089 1248 1146 1318 est,
1173 1241 1225 1302 sed
1248 1243 1330 1302 vitae
1354 1241 1514 1318 perfectio

273 1357 303 1410 et
325 1351 362 1410 de
384 1352 521 1412 omnibus
544 1352 679 1412 fortunae
701 1351 820 1428 injuriis
843 1351 1057 1427 gloriosissima
1079 1349 1213 1410 victoria:

487 1471 583 1525 ,Hunc
602 1487 650 1542 ego
669 1471 777 1526 sublimi
795 1471 945 1541 quaesitum
964 1473 1053 1525 monte
1072 1469 1237 1539 triumphum

505 1561 609 1614 Ducere
628 1560 780 1630 maluerim,
800 1577 880 1631 quarn
898 1565 939 1615 ter
958 1559 1086 1630 Capitolia
1104 1577 1185 1614 curru
1295 1577 1299 1590 ·

504 1649 636 1704 Scandere
654 1650 786 1720 Pompoji,
806 1667 886 1720 quam
904 1651 1025 1719 frangero
1044 1649 1113 1704 colla
1130 1648 1287 1718 Jugurthae.
1329 1651 1332 1656 '

273 1778 481 1840 Valetudinem
501 1779 556 1840 tibi
574 1785 642 1858 opto
660 1782 902 1859 prosperrimam,
926 1781 1004 1859 quod
1023 1799 1115 1859 quum
1134 1780 1221 1855 facio,
1244 1779 1370 1838 humaui
1391 1779 1511 1856 generis

274 1887 425 1964 negotium
448 1887 555 1964 gcro‘l

382 1993 439 2069 Qui
466 1995 523 2055 riri
551 1995 717 2072 christiani,
745 2015 838 2074 quum
865 2001 896 2057 01
922 1997 1038 2058 veritati
1067 2000 1096 2056 01
1123 2011 1263 2073 oppresso
1291 1995 1359 2070 ejus
1388 1993 1510 2056 vindici,

274 2103 360 2179 cujus
384 2104 523 2163 memoria
546 2103 582 2163 ab
600 2123 634 2163 ea
653 2103 740 2180 dirigi
759 2123 818 2164 non
837 2109 964 2181 poterat,
988 2105 1120 2164 debitum
1142 2104 1174 2162 in
1192 2102 1345 2179 republica
1362 2101 1509 2162 lItteraria

273 2210 414 2271 honorem
441 2211 562 2271 reddere
584 2217 772 2286 conarentur,
802 2230 952 2272 summum
974 2212 1115 2271 honorem
1143 2210 1199 2270 soli
1222 2209 1283 2268 Deo
1306 2209 1411 2269 deberi
1438 2211 1509 2268 bene

274 2319 506 2379 recordabantur.
547 2319 652 2397 Neque
675 2320 706 2379 id
725 2319 874 2380 Galilaeus
897 2319 1007 2380 oblitus
1031 2323 1088 2394 est,
1112 2318 1168 2378 etsi
1192 2316 1299 2394 gaudio
1322 2335 1362 2376 ex
1386 2317 1507 2376 1110111111

167 2409 169 2412 ’
275 2425 382 2485 studiis
404 2431 542 2503 percepto
564 2427 677 2505 aliquid
699 2427 822 2486 humani
845 2445 877 2487 se
895 2427 1089 2487 admiscuisse
1112 2426 1199 2486 facile
1217 2423 1419 2485 concedimus.
1459 2427 1508 2483 At-

275 2537 386 2607 tamen,
419 2533 506 2592 sicuti
538 2534 569 2594 id
601 2534 788 2611 potissimum
816 2535 945 2612 graviter
976 2534 1058 2609 tulit,
1091 2533 1170 2611 quod
1196 2531 1356 2592 adversarii
1385 2539 1509 2608 propter

274 2639 425 2698 defensam
448 2657 546 2698 10111111
568 2646 690 2707 naturae
712 2643 865 2702 veritatem
889 2642 1050 2728 impietatis
1074 2641 1173 2718 ipsum
1196 2644 1382 2714 accusarent,
1411 2639 1457 2698 ita
1478 2640 1506 2698 id

202 2787 207 2798 .
275 2745 534 2805 vehementissime
565 2746 690 2806 laetatus
722 2753 780 2820 est,
813 2749 891 2826 quod
923 2749 1124 2809 Protestantes
1155 2747 1232 2807 hanc
1263 2746 1506 2807 obtrectationem

274 2852 393 2930 publice
415 2852 592 2914 refellerent.
638 2854 843 2932 Berneggerus
866 2857 946 2916 enim
969 2857 1123 2932 systemati
1146 2855 1251 2914 mundi
1273 2854 1366 2913 latine
1388 2854 1504 2913 reddito

275 2959 375 3020 statim
401 2961 548 3038 adjecerat
569 2962 719 3023 Foscarini
746 2961 895 3038 libellum,
923 2964 1029 3040 viginti
1058 2963 1145 3024 annis
1171 2967 1241 3022 ante
1262 2961 1373 3022 Romae
1396 2961 1502 3021 conde·

273 3073 419 3144 mnatum,
452 3075 482 3130 et
508 3069 629 3147 Kepleri
657 3071 929 3132 commentariolum
957 3072 1116 3149 quendam,
1149 3089 1208 3148 quo
1235 3074 1359 3148 utroque
1392 3068 1501 3146 scripto

273 3177 436 3236 doctrinam
460 3177 690 3255 Oopemicanam
718 3198 787 3239 cum
815 3180 930 3239 sincera
957 3183 987 3239 01
1014 3180 1064 3256 pia
1087 3178 1192 3240 Sacrae
1216 3177 1385 3254 Scripturae
1412 3177 1500 3236 inter·

272 3285 435 3361 pretatione
463 3286 573 3362 optime
604 3286 744 3363 conjungi
772 3305 859 3364 posse
887 3287 989 3346 eadem
1017 3287 1128 3346 ratione
1155 3285 1333 3359 ostenditur,
1366 3301 1442 3361 quae
1469 3292 1499 3342 ut

272 3390 410 3467 iniretur,
434 3393 599 3470 siquando
622 3395 697 3454 forte
722 3395 901 3471 Copemicus
925 3395 961 3454 ab
984 3395 1121 3454 omnibus
1144 3393 1283 3471 probatus
1307 3392 1425 3467 fnisset,
1449 3409 1497 3451 ne

272 3514 355 3558 cesse
375 3499 437 3558 lore
456 3501 546 3560 etiam
565 3501 764 3561 Bellarminus
783 3501 1007 3578 significaverat
1044 3501 1179 3560 Eundem
1198 3518 1319 3560 cursum
1337 3499 1402 3576 ipse
1420 3497 1496 3558 Gali·

271 3603 354 3665 laeus
377 3611 512 3667 tenuerat
538 3609 571 3667 in
596 3609 836 3686 ingeniosissima
863 3609 1109 3670 commentatione
1131 3609 1164 3668 in
1187 3607 1354 3668 christinae
1377 3605 1494 3682 linguae

271 3713 364 3773 Ducis
387 3715 510 3790 gratiam
533 3716 640 3792 viginti
663 3716 724 3777 fero
746 3717 833 3776 annis
851 3722 920 3777 ante
943 3717 1041 3777 italice
1064 3717 1225 3794 composita
1243 3715 1330 3793 eique
1348 3713 1491 3790 inscripta

231 3895 234 3901 Ι
271 3839 347 3899 quae
369 3840 520 3901 nunquam
544 3824 626 3901 typis
649 3842 791 3902 expressa
819 3825 872 3885 sed
895 3825 1014 3902 scriptis
1042 3829 1157 3884 tantum
1180 3823 1399 3900 exemplaribus
1420 3822 1491 3880 inter

270 3929 379 3990 amicos
408 3949 510 4008 sparsa
536 3936 605 3992 erat.
652 3931 737 3992 Hanc
764 3931 913 3992 Deodatus
940 3932 1047 4007 Italus,
1076 3931 1312 4009 spectatissimus
1340 3929 1417 3989 iuter
1440 3929 1489 3988 Pa-

269 4036 410 4098 risienses
435 4039 681 4114 jurisconsultus,
714 4040 750 4099 ab
778 4040 844 4117 ipso
871 4040 1018 4100 latinitate
1045 4041 1195 4114 donatam,
1228 4057 1320 4116 quum
1348 4033 1410 4096 illic
1433 4055 1489 4095 eam

270 4144 355 4204 edere
382 4163 442 4205 non
468 4147 601 4223 auderet,
636 4146 827 4208 Germanicae
854 4153 884 4208 01
911 4147 1097 4224 evangelicae
1129 4147 1210 4206 urbis
1242 4145 1402 4223 professori
1427 4144 1488 4203 Bar-

270 4269 396 4328 neggero
423 4253 512 4314 misit.
560 4253 617 4328 Qui
645 4273 709 4315 eam
741 4255 840 4314 italice
872 4261 902 4314 ct
932 4255 1024 4315 latine
1051 4255 1229 4330 vulgandam
1257 4253 1383 4327 curavit,
1414 4269 1486 4328 prae

269 4359 370 4418 missis
398 4361 477 4420 binis
509 4361 657 4440 epistolis,
690 4362 781 4422 altera
809 4363 931 4422 Deodati
965 4363 1020 4422 sub
1051 4361 1171 4422 Roberti
1198 4361 1351 4422 Robertini
1381 4359 1487 4418 nominc

377 4587 404 4653 1)
422 4585 525 4638 Ibidem
543 4587 597 4640 Vll
616 4588 650 4642 90
665 4603 686 4640 s.
