3144 5092
254 195 289 249 66
791 193 878 248 Carur
896 194 944 248 IV.

254 413 356 456 omnes
374 395 514 456 ecclesias
533 412 598 455 esse
616 413 711 473 pares,
729 395 874 457 unitatem
891 415 961 457 vero
979 397 1156 458 catholicam
1175 398 1265 478 (lianc
1280 400 1376 459 enim
1394 419 1521 478 sempr

254 503 372 582 retinet)
400 503 433 562 in
459 521 493 564 eo
521 520 588 564 esse
615 502 754 580 positam,
783 509 817 563 ut
839 523 933 564 unum
961 505 1001 565 sit
1022 505 1156 566 omnium
1180 523 1291 566 sensus
1316 512 1353 566 et
1380 509 1522 567 animm

255 629 334 670 unus
362 610 443 671 Dens
470 615 500 671 et
528 610 678 685 Christus,
712 610 792 670 idem
819 611 1008 686 evangelium
1033 617 1064 672 et
1091 613 1230 690 spiritus,
1263 614 1384 674 eadem
1421 633 1521 674 sacre

254 724 366 793 menta,
393 718 495 779 eadem
517 717 609 778 oratio
630 717 778 778 dominica
805 725 835 779 et
862 737 978 796 preces,
1006 720 1110 780 eadem
1133 738 1203 797 spes
1226 727 1258 780 et
1279 723 1348 781 vita
1377 729 1520 784 aeterna

254 825 381 886 Paulum
403 825 569 903 apostolum
591 842 646 884 nos
669 825 773 885 dooere
796 826 833 885 de
850 827 991 886 varietate
1014 827 1158 886 donorum
1178 828 1437 906 spiritualium,¹
1464 851 1520 908 qua

209 985 215 994 .
255 933 336 992 vana
357 932 446 992 unius
469 933 598 1010 eorporis
620 933 752 993 membra
774 951 879 993 sumus
906 935 961 994 sub
988 952 1049 994 uno
1071 935 1168 1012 eapite
1192 934 1330 1012 Christ0;
1368 939 1439 997 sed
1466 940 1520 997 ba:

256 1041 395 1101 varietate
417 1058 455 1100 ne
477 1039 600 1100 minime
623 1040 744 1118 quidem
767 1041 901 1100 omnium
920 1041 1156 1102 Christianorum
1178 1043 1339 1120 paritatem
1361 1044 1418 1104 ita
1441 1046 1518 1104 toth

255 1148 344 1208 utin
365 1147 454 1208 rebus
477 1147 545 1207 fidei
568 1165 646 1207 unus
671 1147 781 1208 Christi
804 1148 869 1208 vioe
892 1149 1106 1224 sitdominus,
1129 1150 1219 1210 ceteri
1243 1151 1336 1210 servi,
1385 1153 1517 1226 ,Audit

256 1256 354 1334 inquit
376 1255 538 1329 LutheruS,
562 1255 644 1328 ,audi
666 1255 829 1333 ipsummet
851 1254 994 1316 Sancmm
1015 1256 1152 1332 Petrum,
1181 1257 1268 1316 iilum
1291 1258 1436 1337 inquam
1465 1263 1516 1337 qni

256 1363 407 1441 apostolus
429 1369 486 1435 est,
509 1381 606 1440 neque
628 1362 726 1440 Papae
748 1363 883 1439 Petrum,
912 1364 964 1441 qui
987 1363 1143 1424 infernalis
1166 1363 1256 1424 Satan
1284 1371 1334 1424 ost
1364 1367 1435 1426 sub
1462 1387 1514 1426 no

255 1471 336 1530 mine
362 1469 455 1540 Petri;
486 1470 568 1544 audi,
596 1470 730 1548 inquam,
757 1489 862 1531 rerum
891 1469 1033 1532 Senatum
1055 1471 1191 1547 Petrum,
1223 1473 1276 1548 qui
1304 1472 1339 1531 in
1371 1475 1512 1550 epistola

257 1595 311 1638 sua
337 1577 374 1636 ad
402 1595 471 1637 snos
498 1577 652 1654 episcopos
678 1577 710 1636 in
733 1578 839 1654 Ponto,
868 1577 997 1653 Galatia,
1025 1579 1110 1654 Asia,
1139 1579 1280 1654 Bithynia
1304 1580 1352 1638 sic
1378 1583 1511 1640 scribit:

257 1685 461 1761 ,Presbyteros
488 1684 540 1762 qni
558 1671 646 1744 'inter
672 1703 725 1745 vos
752 1691 836 1760 sunt,
864 1687 996 1761 obsecro,
1025 1686 1078 1764 qui
1101 1703 1169 1746 sum
1195 1693 1225 1746 et
1247 1687 1313 1764 ipse
1334 1689 1511 1764 presbyter

256 1797 287 1854 et
304 1792 389 1852 testis
409 1791 520 1852 Christi
542 1792 715 1870 passionum
733 1793 871 1871 idemque
889 1793 1013 1870 gloriae,
1037 1811 1113 1872 quae
1131 1793 1164 1853 in
1182 1794 1282 1853 tuturo
1302 1795 1506 1869 revelabitur,

256 1918 388 1962 consors:
412 1899 525 1978 pascite
547 1918 628 1975 eum,
656 1900 708 1978 qui
731 1900 810 1978 apud
832 1918 885 1961 vos
909 1905 967 1976 est,
995 1899 1050 1960 Dei
1073 1919 1201 1978 gregem.
1246 1901 1339 1976 Ecce,
1367 1902 1505 1964 Sanctus

255 2009 362 2069 Petrus
381 2013 466 2068 vooat
489 2025 521 2068 se
544 2009 816 2086 compresbyterum
840 2007 903 2068 sive
925 2008 1138 2084 conseniorem,
1161 2008 1192 2068 id
1210 2015 1257 2068 est
1275 2019 1502 2086 compassorem

257 2117 320 2176 sive
342 2116 649 2194 compraedicatorem,
676 2133 732 2176 neo
753 2115 820 2175 vult
843 2133 934 2193 supra
956 2134 1007 2176 eos
1030 2115 1128 2176 efferri
1156 2120 1187 2176 et
1209 2116 1335 2176 exaltari
1363 2118 1421 2178 sed
1446 2137 1501 2196 par

256 2225 294 2284 iis
317 2241 383 2284 esse
406 2224 541 2302 quamvis
565 2241 597 2284 se
621 2224 695 2283 sciat
717 2241 783 2284 esse
806 2223 1011 2302 apostolum!²

363 2332 444 2392 Haec
475 2331 569 2392 libelli
602 2349 718 2390 summa
745 2335 798 2392 est
848 2331 896 2390 Ex
928 2350 987 2408 qua
1018 2330 1152 2408 intellegi
1183 2331 1372 2409 aliquatenus
1408 2352 1497 2410 posse

258 2457 356 2516 spero,
380 2443 490 2516 quanta
514 2439 547 2498 in
569 2456 603 2498 eo
626 2438 908 2516 circumspicientia,
931 2438 1077 2514 doctrina,
1100 2437 1219 2515 ingenio
1241 2439 1396 2499 Lutherus
1422 2459 1495 2500 usus

258 2547 305 2606 sit
359 2545 464 2623 Neque
496 2546 665 2623 quisquam,
707 2546 733 2605 si
764 2546 912 2623 Paparum
943 2545 1027 2606 illius
1058 2545 1201 2623 temporis
1238 2545 1393 2606 machinas
1426 2567 1495 2607 rere

257 2653 417 2712 diabolicas
445 2670 518 2730 quas
542 2671 632 2730 supra
658 2653 871 2730 descripsimus
898 2653 1036 2730 religiose
1058 2653 1283 2728 examinaverit,
1311 2659 1417 2714 eontra
1443 2674 1492 2715 aas

257 2760 422 2820 Lutherum
442 2760 524 2836 justa
545 2760 590 2818 ira
611 2760 762 2839 nobilique
784 2762 892 2821 affeetu
915 2761 1065 2821 invectum
1088 2778 1155 2821 esse
1177 2761 1360 2820 infitiabihrr.
1397 2762 1491 2838 Cujus

257 2868 346 2928 verba
372 2867 532 2928 adversarii
559 2867 637 2928 male
664 2868 908 2946 interpretanhrr,
941 2887 1034 2947 quum
1066 2887 1136 2928 eum
1168 2868 1254 2946 quasi
1281 2868 1396 2944 privato
1426 2871 1489 2929 odio

258 2975 378 3054 capitali
400 2980 430 3036 et
452 2975 631 3054 implacabili
659 2976 691 3036 in
714 2976 826 3054 Papam
853 2977 995 3053 flagrasse
1023 2976 1079 3036 sibi
1107 2977 1233 3053 fingunt
1278 2975 1369 3034 Huno
1389 2977 1487 3052 potins

257 3089 292 3145 ut
315 3084 473 3146 seelestam
495 3084 646 3145 hominem
668 3089 699 3144 et
721 3085 919 3162 hypocritam,
947 3101 1045 3144 coram
1072 3083 1212 3144 universa
1238 3081 1389 3160 republica
1411 3083 1486 3143 cbri-

259 3191 354 3252 stiana
377 3193 564 3254 sanctissimo
587 3210 710 3252 munere
733 3193 902 3252 foedissime
930 3193 1112 3267 abutentem,
1140 3191 1177 3250 ab
1200 3191 1379 3268 Imperatore
1400 3189 1485 3268 Regi-

258 3300 372 3378 busque
395 3300 564 3360 christianis
586 3319 647 3360 non
670 3300 756 3360 aliter
774 3300 968 3377 judicandum
991 3317 1058 3360 esse
1081 3299 1210 3374 censuit,
1233 3303 1322 3376 atque
1341 3299 1483 3375 quondam

259 3407 425 3484 complures
448 3409 688 3484 praedecessores
711 3408 776 3486 ejus
798 3409 852 3468 sub
872 3407 1063 3485 Sigismundo
1081 3425 1099 3466 a
1118 3405 1250 3466 Concilio
1270 3404 1482 3465 Constantiensi

259 3514 439 3574 exauctorati
462 3520 569 3575 essent.
615 3514 697 3590 Quas
723 3515 836 3576 addidit
862 3516 900 3576 de
926 3515 1008 3592 Papa
1034 3515 1067 3574 in
1093 3531 1174 3573 mare
1197 3512 1383 3588 Tyrrhenum
1404 3531 1480 3590 prae

210 3632 213 3640 '
259 3621 420 3699 cipitando,
453 3639 513 3682 non
541 3623 578 3682 ad
605 3623 735 3682 litteram
762 3623 932 3700 accipienda
964 3641 1030 3682 csse
1054 3622 1117 3699 jam
1144 3621 1213 3680 inde
1244 3624 1377 3698 apparet,
1409 3621 1480 3698 quod

258 3729 365 3790 cervici
384 3729 448 3807 ejus
467 3731 694 3790 famosissimam
712 3731 935 3790 Pseudo-Petri
955 3735 1070 3808 petram
1093 3734 1122 3790 et
1139 3728 1238 3788 clares
1257 3727 1368 3804 imponi
1385 3727 1479 3788 voluit.

258 3837 336 3897 Rudi
360 3837 412 3897 iilo
435 3843 524 3916 atque
547 3838 655 3915 agresti
678 3837 819 3916 loquendi
842 3838 940 3912 modo,
963 3837 1000 3898 de
1024 3855 1082 3915 qno
1106 3834 1360 3913 supradiximus,
1383 3833 1413 3892 in
1429 3835 1479 3894 hoo

259 3946 388 4006 maxime
410 3945 512 4005 libello
535 3945 684 4006 Lutherus
705 3945 787 4022 justo
810 3947 928 4024 saepius
950 3945 1052 4004 utitur.
1093 3943 1177 4004 Certa
1197 3942 1340 4020 quaedam
1357 3941 1477 4018 Papismi
1558 3965 1560 4058 p

368 4211 394 4280 1)
415 4212 428 4264 1
449 4209 509 4266 Cor.
529 4209 575 4278 12;
599 4209 675 4264 Rom.
697 4209 738 4264 12.

365 4317 392 4387 2)
416 4317 455 4373 Ol.
476 4317 627 4386 1Pot1·.5,
648 4319 671 4371 1.
692 4319 717 4372 5.
754 4317 829 4372 Haec
847 4317 982 4373 Lutherus
1005 4317 1095 4386 posuit
1117 4317 1143 4370 in
1166 4315 1219 4370 fine
1242 4314 1342 4384 primae
1365 4313 1417 4370 libri
1438 4317 1476 4370 sui

258 4405 353 4476 partis,
384 4407 479 4460 ceteris
502 4407 587 4460 multo
610 4405 745 4475 amplioris
768 4409 795 4460 et
818 4408 960 4476 gravioris,
988 4407 1065 4474 enjus
1088 4405 1189 4460 idoneis
1217 4404 1283 4459 locis
1308 4404 1431 4458 secundus
1451 4409 1476 4458 ot

258 4494 351 4548 tertias
370 4494 452 4562 partis
471 4495 616 4548 sententias
635 4494 773 4564 primarias
792 4495 867 4548 brcm'
886 4497 1035 4548 contractas
1054 4495 1208 4562 adjecimus.
