3202 5036
222 312 257 364 34
703 312 805 362 Pras-rs
823 313 935 362 Paronrs

221 402 358 410 -——-—

222 543 318 584 rerum
348 526 493 584 euidentia
516 526 661 598 eludatur,
688 525 823 598 quoniam
853 525 930 583 inter
952 525 1096 584 Romanos
1125 525 1274 598 episcopos
1298 524 1433 598 Vigilium

221 630 293 690 satis
322 629 429 688 dubiae
456 627 523 688 fidei
547 629 650 703 iuime,
679 629 837 686 Honorium
858 628 1015 688 haereseos
1037 627 1258 688 condemnatum
1281 645 1345 687 esse
1366 644 1433 686 con·

221 740 299 806 stet;
323 734 464 793 accedere
493 739 526 792 nt
555 734 642 792 etiam
668 749 745 791 nnnc
773 734 870 791 multis
899 733 1084 807 regionibus,
1112 732 1143 791 id
1165 733 1241 806 qnod
1263 737 1433 806 praesentes

221 855 321 898 eorum
345 838 472 912 episcopi
494 843 647 911 testentur,
669 837 720 894 ille
740 837 886 896 sententia
905 837 1053 910 bucusque
1077 837 1176 911 ignota
1198 853 1316 911 prorsus
1338 843 1368 896 et
1389 837 1432 894 iu-

222 943 322 1004 audita
341 943 394 1016 sit;
415 957 506 1015 quare
526 957 579 1014 pro
594 939 752 999 universali
775 945 806 999 et
822 945 964 1013 perpetue
982 938 1050 999 fidei
1071 941 1195 1000 articulo
1210 955 1274 1000 eam
1292 941 1433 1013 recipere,

222 1048 363 1108 ecclesiae
394 1046 477 1119 quasi
509 1044 661 1104 suicidium
692 1044 832 1118 iuturum3
863 1046 957 1118 potins
987 1044 1168 1104 moriendum
1197 1061 1262 1104 ease
1291 1061 1376 1119 quam
1401 1045 1433 1101 in

221 1151 361 1228 eiusmodi
394 1151 523 1210 facinore
557 1149 814 1223 acquiescendum
847 1149 923 1222 quod
955 1149 981 1207 si
1011 1149 1196 1210 nibilominus
1230 1166 1334 1209 novum
1356 1146 1433 1207 istud

220 1257 338 1332 dogma,
373 1255 573 1329 conjuratione
603 1253 727 1327 quadam
762 1259 863 1312 contra
897 1253 1024 1313 difinam
1054 1255 1207 1314 ueritmem
1236 1260 1267 1313 et
1291 1253 1433 1326 justitiam

220 1359 312 1434 iacta,
340 1361 526 1419 coustitutum
553 1357 654 1432 inerit,
684 1355 772 1418 officii
794 1357 870 1432 iore,
902 1364 935 1416 ut
957 1359 1100 1434 synodus,
1122 1375 1197 1432 quae
1220 1359 1257 1417 ad
1278 1358 1309 1416 id
1330 1357 1434 1430 fiagitii
1501 1335 1505 1342 ⁴

220 1463 408 1538 processerit,
440 1463 610 1535 ceteroquin
638 1462 674 1521 ab
696 1463 780 1521 initio
802 1462 974 1522 manifestae
997 1463 1145 1522 servitutis
1166 1463 1286 1522 maculis
1308 1463 1434 1536 turpiter

221 1565 351 1641 foedata,
378 1583 431 1641 pro
453 1565 610 1624 universali
633 1565 755 1624 concilio
777 1582 835 1624 non
856 1565 1017 1626 habeatur.‘

288 1671 377 1754 ,His
406 1670 497 1743 igitur
522 1669 642 1742 aliisque
671 1669 811 1742 eiusmodi
833 1669 1013 1729 sermonibus
1043 1669 1165 1730 libertas
1187 1669 1361 1746 christiana,
1380 1685 1434 1744 per

220 1781 264 1835 tot
297 1775 397 1834 secula
425 1775 457 1832 iu
478 1777 600 1832 aeterna
627 1773 699 1831 urbe
724 1774 874 1847 consopita
904 1779 936 1832 st
957 1774 1161 1833 rad-silentium
1183 1774 1320 1849 redacta,
1353 1774 1434 1847 quasi

220 1894 375 1953 resurgere
401 1877 551 1951 inopinato
578 1875 738 1936 videbatur.
783 1877 992 1952 Indignabatur
1013 1877 1148 1938 Pontifex
1178 1879 1215 1937 ab
1237 1877 1433 1938 adulatoribus

221 1985 446 2056 circumventus,
469 1981 604 2040 furebant
625 1981 757 2041 Jesnitae
780 1998 844 2040 cum
868 1981 1041 2042 satellitibus
1055 1983 1128 2054 suis,
1151 1983 1202 2043 sed
1217 1983 1433 2056 quibuscunque

221 2088 365 2164 evangelii
387 2088 495 2148 veritas
516 2086 581 2160 plus
603 2101 689 2160 quam
711 2087 832 2145 istorum
851 2087 1003 2161 imperinm
1026 2088 1104 2148 cordi
1127 2091 1207 2161 erat,
1229 2087 1326 2145 cuncti
1342 2087 1434 2145 laeta·

221 2193 334 2252 bantur.
378 2193 460 2252 Inter
483 2191 584 2250 borum
615 2191 840 2262 gratulationem
862 2189 1001 2250 Germani
1023 2191 1167 2266 episcopi,
1191 2207 1362 2264 quamquam
1384 2187 1434 2248 ad·

220 2297 412 2358 versariorum
442 2295 592 2353 victoriam
618 2293 760 2368 impedire
788 2311 846 2353 non
872 2300 1048 2370 potuerunt,
1077 2301 1175 2354 tamen
1197 2295 1280 2367 qnasi
1302 2311 1335 2354 re
1358 2294 1433 2352 bene

221 2408 304 2476 gesta
324 2400 415 2460 Roma
445 2397 567 2472 proiecti
595 2405 669 2456 sunt.
726 2397 784 2457 Sed
810 2399 879 2471 quid
906 2401 1022 2458 euenit?
1070 2398 1192 2457 Domum
1218 2399 1347 2472 reversi,
1371 2397 1433 2456 iere

221 2519 332 2578 omnes,
355 2504 379 2562 si
402 2519 490 2561 unum
510 2501 669 2560 alterumve
687 2501 831 2576 excipias,
854 2504 935 2575 quasi
948 2502 1058 2562 Mutae
1081 2501 1164 2562 fictas
1179 2519 1318 2576 personas
1337 2508 1432 2560 sustu·

221 2610 323 2668 iissent
345 2613 376 2666 et
397 2623 473 2665 nunc
494 2605 609 2664 demum
631 2606 676 2664 sui
699 2605 807 2665 similes
829 2605 1005 2680 viderentur,
1029 2605 1106 2666 idem
1121 2607 1241 2682 dogma,
1264 2608 1345 2679 cnjus
1367 2622 1433 2664 con·

221 2711 412 2772 firmationem
440 2708 637 2788 superioribus
664 2707 766 2768 diebus
793 2727 857 2769 curn
888 2716 970 2769 tanta
997 2711 1159 2770 constantia
1185 2712 1434 2784 impugnaverant,

222 2818 279 2876 cito
300 2821 438 2888 tanquam
459 2831 575 2888 semper
597 2820 628 2873 et
650 2813 755 2886 ubique
771 2818 801 2872 et
823 2815 861 2873 ab
883 2814 1014 2874 omnibus
1037 2815 1177 2874 creditum
1200 2821 1231 2873 et
1252 2813 1290 2872 ab
1304 2813 1434 2872 omuibus

221 2923 252 2979 iu
273 2925 421 2993 posterum
438 2919 491 2977 snb
511 2933 607 2992 poena
629 2917 805 2976 credendum
827 2919 1093 2991 pronuntiaverunt.
1138 2919 1287 2978 Ecclesiae
1303 2915 1433 2990 tyrannis

221 3024 316 3084 subite
336 3029 367 3082 et
388 3021 493 3082 cedere
517 3028 547 3081 et
569 3022 709 3082 aemulari
731 3021 933 3081 decreverunt.
978 3021 1090 3081 Eadem
1112 3024 1280 3096 eeleritate,
1300 3035 1357 3094 qua
1377 3020 1434 3094 ipsi

220 3129 347 3204 priorem
368 3133 495 3188 mentem
517 3127 600 3200 quasi
622 3126 782 3186 obsoletam
804 3131 913 3186 vestem
935 3126 1146 3200 deposuerunt,
1176 3127 1237 3198 jam
1256 3127 1289 3184 in
1311 3141 1362 3185 eos
1385 3125 1435 3199 qui

220 3233 372 3306 quominus
395 3233 520 3292 eundem
542 3231 647 3290 saltum
664 3231 787 3304 jubente
805 3247 883 3306 papa
905 3230 1015 3290 iaciant
1036 3231 1214 3290 conscientia
1236 3231 1436 3305 probibentur,

220 3337 333 3394 saeuire
361 3337 511 3409 incipiunt.
563 3333 681 3394 Scilicet
712 3336 791 3394 inter
811 3337 915 3409 ingens
937 3335 1058 3409 bellum,
1086 3334 1153 3394 dum
1174 3335 1324 3393 bominum
1346 3335 1436 3393 animi

220 3438 279 3496 allo
304 3439 471 3512 trabuntur,
499 3438 562 3496 siue
591 3439 720 3510 periculo
746 3443 777 3496 et
798 3439 909 3511 pudore
935 3437 1043 3498 andere
1069 3439 1143 3498 baec
1171 3438 1268 3497 omnia
1296 3455 1328 3496 se
1350 3453 1435 3512 pesse

219 3541 385 3614 opinantur.
437 3540 623 3613 Argumentis
649 3557 721 3613 opus
749 3557 806 3598 non
834 3547 894 3614 est,
925 3542 953 3600 vi
978 3547 1010 3600 et
1036 3543 1223 3616 oppressione
1252 3559 1300 3602 res
1332 3541 1435 3614 agitur.

219 3644 297 3704 Dum
318 3645 405 3703 silent
425 3644 497 3716 ipsi,
525 3642 612 3702 silere
634 3644 720 3702 etiam
744 3649 857 3704 ceteros
879 3645 986 3704 volunt
1032 3645 1089 3705 Sed
1110 3647 1203 3720 ipsum
1226 3661 1325 3705 eorum
1348 3645 1437 3703 silen-

219 3751 291 3808 tium
318 3748 379 3807 alta
405 3753 437 3805 ut
462 3747 504 3806 ita
534 3746 628 3805 dicam
658 3763 728 3806 voce
751 3748 878 3808 clamans
903 3750 985 3822 quasi
1012 3749 1134 3808 invitum
1155 3748 1232 3808 buno
1254 3749 1316 3807 iere
1339 3749 1436 3821 prodit

218 3867 396 3912 sermonem:
425 3849 506 3922 Quae
535 3849 624 3924 plena
652 3852 792 3910 stomachi
815 3857 846 3911 et
872 3853 1057 3926 querelarum
1079 3851 1188 3912 Romae
1216 3853 1305 3912 locuti
1327 3867 1434 3924 sumus,

219 3973 373 4031 aegrorum
402 3955 514 4014 somnia
541 3959 641 4028 erant3
667 3969 743 4027 quae
769 3957 918 4015 exanimi
949 3957 1095 4016 sententia
1124 3963 1155 4016 et
1177 3957 1314 4030 religiosa
1337 3971 1435 4013 rernm

219 4060 441 4134 investigatione
463 4059 542 4119 dicta
556 4055 772 4134 profitebamur,
794 4077 869 4120 vana
892 4066 976 4120 erant
997 4061 1107 4134 omnia;
1128 4076 1204 4134 quae
1229 4061 1308 4120 uelut
1330 4059 1436 4118 foedis-

219 4162 320 4220 simam
356 4169 386 4221 et
415 4162 688 4236 perniciosissimam
721 4165 863 4225 ecclesiae
890 4171 1003 4240 pestem
1030 4165 1255 4238 respuebamns,
1291 4163 1436 4222 medicina

219 4271 283 4324 erat
304 4281 323 4324 a
341 4263 572 4338 prudentissimis
594 4267 714 4327 medicis
736 4275 855 4342 parata3
876 4269 920 4326 ilfi
943 4268 1091 4342 sapientes
1107 4273 1206 4342 erant,
1228 4282 1281 4325 nos
1295 4263 1436 4336 iusipien-

218 4375 280 4444 tes,
306 4367 349 4427 illi
371 4367 464 4441 docti,
486 4385 538 4428 nos
560 4370 683 4446 indocti,
711 4372 753 4429 illi
776 4372 941 4445 probissimi
961 4371 1104 4446 borsines,
1127 4387 1180 4431 nos
1202 4367 1434 4440 calumniatores,

219 4473 260 4532 illi
281 4471 412 4532 vemtatis
432 4475 463 4530 et
481 4471 613 4542 justitiae
636 4475 766 4548 patroni,
793 4491 845 4532 nos
867 4477 973 4534 erroris
993 4481 1024 4535 et
1045 4475 1215 4548 injustitiae.
1260 4469 1308 4529 Sic
1330 4487 1434 4544 nempe

219 4593 268 4638 eos
295 4576 425 4652 cogitare
449 4590 569 4634 necesse
593 4583 654 4652 est,
680 4577 705 4634 si
727 4593 802 4650 quae
826 4595 901 4638 nunc
922 4578 1095 4653 profitentur
1116 4579 1231 4636 sincere
1254 4574 1435 4649 profitentur.
