3194 5042
255 324 308 379 170
788 322 875 378 Carnu
894 323 941 376 vl.

254 525 338 600 Quod
366 525 464 586 simile
495 529 541 586 est
567 543 602 585 ac
634 525 661 585 si
693 525 761 604 quis
792 526 921 604 opticam
952 525 1141 603 disciplinam
1169 525 1333 586 secundum
1365 525 1491 585 immor-

253 633 328 693 tales
354 631 492 693 Nawtoni
519 633 610 693 libros
637 631 670 692 in
697 633 941 694 universitatibus
970 633 1080 694 nostris
1108 632 1184 692 badi
1211 632 1345 692 voluerit
1391 632 1489 692 Intel-

252 739 380 817 legimus
408 739 540 818 quidam,
573 741 719 818 quomodo
745 741 778 800 in
809 745 871 800 tam
898 739 1047 818 singulam
1077 739 1234 800 consilium
1266 743 1387 818 tamque
1412 739 1488 800 alie

252 867 325 908 num
347 867 365 908 a
387 848 610 926 prudentissimi
639 849 783 926 cujusque
809 848 938 909 hominis
963 852 1063 908 mente
1090 847 1142 907 ille
1164 848 1267 925 lapsus
1290 849 1338 908 sit.
1384 847 1488 922 Quum

252 955 331 1016 enim
354 973 461 1032 magna
487 973 556 1033 pars
583 955 751 1033 aequalium
783 973 901 1016 omnam
928 955 1146 1033 philosophiam
1173 955 1325 1032 despectui
1348 955 1486 1028 babeant,

252 1063 311 1141 ipsi
339 1081 407 1123 varo
430 1062 600 1140 philosophi
622 1063 656 1122 in
682 1063 899 1124 diversissimas
923 1067 1017 1124 sectas
1041 1062 1205 1138 discedant,
1232 1061 1374 1123 ecclesiae
1396 1061 1486 1122 valde

252 1171 451 1248 expetendum
474 1175 504 1230 et
521 1170 650 1248 optabile
673 1188 739 1230 esse
757 1170 886 1246 videttu,
909 1175 943 1230 ut
964 1171 997 1230 in
1016 1169 1189 1230 clericorum
1211 1170 1399 1230 institutione
1419 1188 1486 1230 car-

252 1283 317 1338 tum
335 1277 482 1356 quoddam
506 1283 638 1353 systema
656 1277 773 1356 sibique
795 1279 949 1355 probatum
971 1281 1016 1337 tot
1037 1277 1164 1338 diversis
1181 1277 1369 1354 opinionibus
1393 1296 1485 1355 oppo

251 1403 322 1446 nere
340 1386 443 1463 possit.
489 1385 601 1446 Verum
619 1403 679 1445 non
702 1386 839 1463 congruit
858 1403 974 1462 semper
995 1403 1064 1446 cum
1082 1384 1227 1462 ejusmodi
1249 1385 1309 1462 piis
1327 1385 1485 1445 desideriis

252 1493 353 1552 divina
379 1493 530 1568 voluntas,
562 1511 654 1570 quara
681 1493 724 1568 id,
758 1493 836 1571 quod
864 1493 953 1553 Curia
978 1511 1055 1553 novo
1081 1492 1262 1554 auctoritatis
1289 1510 1361 1552 suaa
1387 1493 1484 1553 abusu

251 1605 361 1660 temere
382 1617 486 1660 recens
509 1601 646 1675 tentavit,
669 1617 767 1678 neque
789 1601 869 1678 apud
894 1601 1099 1678 prudentiores
1121 1601 1260 1678 aequales
1283 1618 1379 1677 nequa
1402 1601 1484 1677 apud

251 1711 384 1785 posteros
402 1708 599 1768 excusabitur.
644 1707 733 1768 Illius
751 1709 831 1768 enim
849 1709 960 1768 abusus
977 1709 1118 1785 injuriam
1136 1707 1224 1768 etiam
1241 1708 1319 1767 inter
1336 1707 1484 1768 Romano

251 1815 411 1874 catholicos
434 1833 536 1875 omnes
559 1815 581 1874 ii
603 1815 699 1892 magis
723 1816 877 1894 magisque
899 1815 1092 1894 perspicient,
1115 1815 1285 1894 quicunque
1307 1815 1484 1892 impositum

252 1922 308 1982 sibi
340 1922 510 1982 intellectus
543 1923 721 1983 sacrificium
753 1941 813 1983 non
843 1928 959 1982 tantum
991 1941 1057 1983 essa
1088 1923 1194 1982 debere
1225 1923 1410 1998 existimant,
1447 1928 1485 1982 ut

250 2030 347 2090 omnis
370 2030 480 2090 veritas
502 2030 642 2090 historica
664 2036 694 2091 et
715 2031 811 2106 logica
833 2031 992 2091 deridenda
1015 2031 1072 2090 sibi
1094 2035 1124 2090 at
1146 2029 1331 2108 explodenda
1353 2031 1401 2090 sit

358 2137 487 2221 Thomas
505 2142 539 2198 ut
553 2138 677 2197 aliorum
694 2138 934 2198 scholasticorum
956 2137 1126 2215 systematis
1139 2139 1365 2198 tundamentum
1383 2138 1481 2216 philo-

250 2245 385 2323 sophiam
412 2245 634 2322 peripateticam
657 2245 751 2305 fuisse
777 2250 899 2306 constat
945 2245 993 2305 Ad
1019 2263 1109 2324 quam
1132 2249 1205 2305 tunc
1232 2243 1358 2306 excitato
1382 2245 1480 2305 ubivis

250 2353 469 2428 cognoscendae
496 2357 618 2412 naturae
644 2371 744 2414 rerum
766 2352 925 2428 desideri0,
952 2358 987 2412 ut
1013 2353 1051 2412 ad
1077 2353 1223 2430 optimum
1250 2352 1340 2428 hujus
1367 2353 1478 2430 negotii

249 2459 493 2535 instrumentum,
517 2479 619 2520 omnes
642 2465 673 2520 et
690 2460 943 2536 Muhammcdani,
966 2463 997 2521 et
1016 2460 1132 2536 Judaei,
1156 2464 1187 2520 at
1208 2459 1369 2520 Christiani
1392 2461 1477 2539 quasi

249 2567 426 2627 necessitate
458 2568 585 2646 quadam
616 2568 757 2628 historica
787 2569 964 2628 ferebantur.
1010 2566 1106 2642 Quare
1134 2567 1235 2643 Curia,
1267 2585 1360 2646 quum
1392 2568 1478 2628 initio

250 2673 414 2750 suspiciose
436 2692 502 2734 eam
528 2674 689 2751 repulisset
715 2680 746 2735 et
771 2675 988 2750 condemaaaet‚
1016 2676 1155 2754 quoniam
1182 2680 1254 2736 tunc
1280 2675 1398 2736 decreta
1424 2694 1477 2736 sua

248 2780 450 2840 irrevocabilia
472 2799 538 2842 essa
565 2800 626 2840 non
648 2783 776 2859 putavit,
805 2801 875 2843 mox
897 2784 963 2860 ejus
986 2787 1107 2860 patrona
1130 2782 1252 2843 exstitit
1298 2782 1476 2843 Retinaban-

248 2892 298 2947 tur
320 2888 452 2967 quidem,
480 2889 588 2966 partim
614 2889 724 2950 variata
745 2909 764 2949 a
785 2889 1005 2968 Neoplatonicis
1032 2890 1142 2968 placita
1168 2890 1312 2969 quaedam
1334 2890 1476 2966 Platonis,

249 3013 338 3074 quem
364 2997 514 3075 quondam
541 2997 630 3057 etiam
657 2995 920 3075 Peripateticorum
947 2976 1104 3058 clarissimi
1137 2997 1315 3075 ,principem
1346 2998 1477 3075 philoao

247 3104 387 3182 phorum‘
405 3103 604 3182 agnoverant¹
627 3123 774 3184 quemque
792 3106 824 3165 in
842 3105 944 3166 codam
962 3106 1072 3165 honora
1093 3123 1128 3165 ac
1145 3105 1239 3182 pretio
1257 3105 1364 3166 habere
1381 3124 1478 3185 usque

247 3212 284 3270 ad
302 3211 334 3272 id
351 3217 470 3290 tempus
489 3229 592 3272 ornnes
610 3213 672 3272 fare
689 3217 903 3273 consueverant
925 3213 1096 3291 quicunque
1114 3211 1256 3273 Sanctum
1274 3213 1475 3290 augustinum

248 3320 341 3379 secuti
369 3319 401 3378 in
428 3309 554 3380 ecclesia
580 3320 753 3380 occidentali
780 3320 925 3397 ejusmodi
954 3319 1062 3380 studiis
1090 3337 1122 3380 se
1149 3320 1264 3380 dabant
1310 3319 1370 3381 Sed
1396 3339 1476 3382 nunc

247 3426 335 3503 longe
361 3427 474 3504 potiore
500 3427 673 3488 auctoritate
700 3428 874 3489 Aristoteles
900 3427 1117 3502 dominabatur,
1149 3427 1279 3505 simplici
1305 3428 1475 3507 philosophi

247 3533 366 3594 nomine
392 3533 540 3594 laudatus.
585 3535 818 3613 Interpretaudis
840 3535 931 3612 hujus
961 3534 1111 3613 operibus,
1139 3554 1215 3614 quac
1241 3535 1333 3596 latina
1359 3540 1475 3596 tautum

246 3640 419 3716 legebantur
442 3659 535 3720 eaque
560 3660 698 3718 magnam
720 3647 833 3720 partam
860 3661 900 3702 ex
921 3642 1036 3702 arabica
1062 3642 1166 3720 lingua
1187 3643 1345 3704 admodum
1367 3643 1475 3722 imper·
1582 3681 1583 3712 t

246 3747 323 3808 fecta
353 3749 507 3824 translata,
540 3751 629 3810 etiarn
656 3751 735 3828 apud
762 3749 904 3811 Thomam
931 3755 993 3810 tota
1023 3767 1117 3828 paene
1144 3751 1348 3811 continebatur
1379 3751 1475 3829 philo·

246 3855 357 3934 sophia.
413 3856 534 3918 Summa
561 3857 682 3935 quidam
708 3857 796 3918 laude
828 3858 936 3936 dignus
968 3861 1027 3933 cst,
1063 3858 1141 3936 quod
1173 3858 1317 3934 sagaciter
1348 3859 1474 3936 saepius,
1582 3851 1583 3908 ἶ

245 3963 350 4024 eximii
376 3965 510 4042 magistri
532 3964 646 4024 Alberti
669 3965 771 4042 Magni
793 3965 919 4043 vestigia
941 3983 1091 4044 premens,
1118 3965 1289 4044 philosophi
1312 3967 1474 4026 sententias

245 4071 281 4131 ab
303 4071 512 4150 interpretibus
535 4073 704 4133 obscuratas
727 4079 806 4134 recte
833 4073 1022 4148 divinaverit,
1050 4077 1080 4133 ct
1101 4073 1254 4150 ingeniose
1277 4073 1398 4151 partim,
1426 4074 1474 4134 vel

245 4180 405 4240 correxerit
426 4179 476 4239 vel
496 4179 616 4258 longius
639 4181 820 4258 produxerit
865 4180 1067 4241 Nihilominus
1090 4180 1265 4242 Aristotcles
1287 4182 1323 4241 ab
1346 4199 1394 4256 eo,
1421 4181 1472 4260 qui

246 4284 372 4347 Graecas
394 4287 508 4348 litteras
534 4306 594 4349 non
617 4287 716 4364 scivit,
743 4288 832 4366 plene
853 4288 989 4365 intellegi
1010 4305 1070 4347 non
1093 4289 1201 4367 potuit,
1230 4294 1260 4349 et
1281 4289 1472 4368 quantumvis

245 4618 268 4676 B
302 4621 320 4674 t
341 4531 684 4676 112)00ioerodefinbon.
704 4535 732 4588 et
749 4533 811 4588 mal.
830 4533 884 4604 ΠΙ,
904 4535 994 4604 7;,cr.
1013 4535 1095 4591 dead.
1115 4535 1155 4606 H,
1176 4535 1235 4590 135.
1256 4535 1289 4590 da
1307 4535 1358 4606 leg.
1377 4535 1403 4606 I,
1423 4537 1471 4604 533

269 4635 302 4674 rn
394 4659 400 4673 .
