3188 5086
239 323 275 382 ω
714 323 818 375 Panare
845 323 961 375 Paronrs

236 555 295 600 non
318 540 389 600 satis
409 539 594 614 perspexisse
617 537 742 600 videtur.
787 537 900 598 Idcirco
925 555 963 598 ne
984 538 1096 614 denuo,
1121 543 1155 598 ut
1171 538 1258 598 toties
1273 554 1328 612 per
1348 538 1462 612 secula,

235 642 394 704 Germania
414 641 586 718 decipietur,
608 643 664 716 ipsi
686 641 784 702 serreo
805 642 923 716 Imperii
939 641 1119 702 Cancellario
1144 657 1326 718 summopere
1348 657 1458 701 caren-

235 747 304 807 dum
330 752 384 807 est
438 745 574 817 Quamvis
611 747 688 805 enim
712 745 801 805 Curia
836 745 979 820 quaedam
1014 745 1189 807 concederet
1218 751 1250 806 et
1275 745 1461 820 quarundam

235 867 335 912 rernm
360 853 506 926 jacturam
530 848 659 925 iaceret,
685 855 785 910 nmen
811 867 914 924 pacem
938 852 981 910 ite
1009 868 1064 924 per
1085 855 1200 924 tempus
1217 850 1382 910 restitutam
1402 865 1463 923 pro

235 971 340 1030 magno
367 955 448 1016 lucro
476 956 662 1029 aestimaret,
691 956 716 1014 si
744 956 775 1014 in
804 955 929 1014 ecclesia
951 955 1225 1016 Romauocatholica
1250 955 1461 1014 vaticanorum

236 1060 402 1134 dogmatum
431 1059 589 1120 auctoritas
616 1059 705 1118 etiam
730 1074 749 1118 a
770 1064 855 1134 parte
877 1059 1099 1134 magistratuum
1121 1059 1247 1118 civilium
1270 1055 1461 1118 confirmare-

235 1170 293 1240 tur,
323 1165 371 1237 jus
401 1179 501 1224 eorum
527 1179 611 1238 vero,
644 1164 693 1237 qui
721 1163 774 1223 illa
806 1164 959 1240 rejiciunt,
992 1164 1195 1224 debilitaretur
1221 1163 1269 1222 vel
1295 1163 1461 1222 wlleretur.

236 1267 319 1340 Quod
350 1284 437 1342 quam
464 1267 659 1342 perniciosum
684 1266 812 1326 futurum
839 1267 891 1342 sit,
922 1268 1068 1327 neminem
1095 1267 1203 1343 fugiet,
1230 1267 1280 1340 qui
1304 1267 1336 1324 in
1356 1282 1461 1326 rerum

235 1371 362 1432 civilium
396 1377 428 1434 et
453 1387 601 1432 sacrarum
631 1371 786 1432 concordia
819 1387 919 1431 sanam
949 1373 1118 1446 populorum
1153 1357 1350 1432 condicionem
1377 1370 1462 1444 posi-

234 1481 296 1537 tam
329 1490 394 1536 esse
426 1475 582 1536 existimet
649 1475 766 1535 Etenim
799 1475 983 1534 concordiam
1015 1475 1096 1534 illam
1130 1492 1195 1534 cum
1226 1475 1281 1536 tali
1313 1475 1460 1534 ecclesiae

234 1579 384 1640 Romam
414 1585 508 1655 statu,
535 1579 627 1654 queis
653 1585 718 1656 post
743 1579 886 1640 Vaticana
915 1579 1036 1640 donata
1060 1579 1173 1654 ingenti
1199 1580 1324 1638 omnium
1353 1593 1459 1638 rerum

235 1683 396 1746 mutatione
426 1685 533 1758 evasit,
564 1684 643 1743 nullo
673 1681 757 1744 modo
788 1685 910 1759 cogitari
934 1700 1020 1760 posse
1049 1684 1317 1744 demonstravimus.
1369 1683 1459 1742 Hunc

235 1803 305 1848 vero
327 1793 433 1848 statum
457 1789 546 1848 etiam
562 1788 623 1849 Leo
645 1787 789 1848 mordiens
812 1787 970 1848 tenendum
991 1787 1049 1848 sibi
1071 1804 1136 1848 esse
1152 1787 1318 1848 arbitratur.
1357 1785 1456 1858 Quare

234 1893 283 1952 vix
311 1907 438 1966 unquam
463 1891 592 1952 indutias
620 1909 675 1966 per
696 1892 812 1966 aliquod
842 1898 956 1966 tempas
978 1891 1133 1952 duraturas
1154 1893 1335 1966 paciscatur,
1363 1889 1458 1950 multo

235 1996 328 2056 minus
357 2012 473 2072 pacem,
503 2012 590 2071 quam
612 1996 777 2071 desiderat,
804 1994 953 2073 conficiat,
982 1997 1035 2057 sed
1064 2001 1096 2056 st
1122 1997 1184 2071 ipse
1204 2012 1280 2056 nova
1301 1995 1380 2056 bella
1400 2011 1459 2069 per

235 2101 336 2162 orbern
350 2099 513 2162 seminabit
558 2101 592 2161 Id
614 2101 791 2162 laetantibus
810 2103 943 2162 omnibus
964 2103 1063 2163 cunae
1079 2103 1197 2162 asseclis
1216 2103 1278 2175 iam
1292 2107 1362 2160 tunc
1375 2098 1457 2174 iecit,

234 2221 323 2279 quum
344 2205 538 2266 miserrimum
559 2205 633 2265 illud
651 2221 774 2280 mgnum
795 2211 936 2266 terrestre
951 2206 1059 2267 finsna
1073 2221 1228 2280 reposcere
1243 2205 1356 2279 coepit,
1378 2203 1458 2277 quod

236 2315 415 2386 quantopere
443 2310 564 2370 coelesti
593 2311 657 2370 veri
686 2311 814 2386 episcopi
843 2311 957 2370 muneri
978 2315 1159 2386 repugnaret
1177 2312 1238 2384 jam
1262 2309 1359 2368 Dante
1380 2308 1456 2368 divi·

234 2431 289 2474 nus
312 2419 400 2489 poeta
427 2413 548 2489 cecinit,
580 2414 657 2488 quod
679 2419 712 2473 ut
733 2430 753 2474 a
774 2415 952 2488 principibus
974 2415 1142 2476 aboleretur
1162 2413 1336 2474 Laurentius
1356 2411 1454 2486 Valle,

233 2517 350 2578 demeto
373 2515 556 2578 Communi
586 2517 750 2578 donationis
771 2517 941 2593 mendacio,
962 2519 1134 2593 postulavit,
1158 2518 1233 2592 quod
1256 2523 1287 2578 et
1308 2517 1453 2576 ecclesiae

236 2627 268 2681 et
286 2621 391 2684 Italiae
412 2622 527 2682 ruinam
550 2637 615 2682 esse
637 2621 810 2684 Franciscus
833 2621 1030 2684 Guicciardiui
1053 2623 1189 2684 ostendit.

323 2723 427 2800 Itaque
456 2725 569 2800 nagia
600 2725 742 2801 cumam,
773 2733 806 2786 ut
828 2726 871 2786 ita
892 2727 1004 2802 dicam,
1033 2728 1209 2788 necessitate
1231 2727 1294 2788 Leo
1315 2725 1397 2786 xm.
1422 2731 1454 2786 et

236 2831 300 2905 ipse
327 2831 359 2890 in
386 2829 523 2890 detritam
545 2829 652 2891 (iuriae
675 2829 823 2892 &manae
852 2832 928 2892 dam
954 2829 1082 2894 deflexus
1114 2837 1172 2906 est,
1205 2847 1263 2906 qua
1284 2831 1455 2892 incedentes

236 2939 282 2995 tot
309 2935 373 3008 ejus
405 2940 623 3011 antecessores,
651 2940 803 3010 spectante
836 2935 958 3010 mundo,
994 2952 1130 3010 magnum
1161 2935 1308 2996 interdum
1337 2934 1390 2995 sed
1421 2935 1455 2994 in

237 3038 299 3100 dies
318 3037 383 3100 lere
404 3039 515 3100 undu
537 3039 760 3100 cbrisdamrum
781 3040 872 3100 oculis
894 3041 1092 3114 spectaculum
1111 3039 1318 3115 praebuerunt
1362 3037 1456 3110 Quam

236 3144 312 3206 riam
334 3144 361 3204 si
381 3144 437 3204 viri
460 3143 566 3205 eruditi
579 3143 728 3206 Romanae
746 3145 888 3205 ecclesiae
908 3145 1022 3204 sincere
1043 3143 1149 3220 dediti,
1172 3145 1259 3204 immo
1279 3145 1342 3218 ipse
1357 3143 1451 3218 Papa,

236 3249 338 3310 critico
369 3249 488 3326 ingenio
520 3253 551 3309 et
586 3248 745 3310 christiano
782 3250 878 3309 ammo
912 3249 1103 3323 contemplari
1133 3249 1357 3323 constituerent,
1388 3263 1456 3308 mox

236 3358 447 3428 agnoscerent,
468 3353 558 3413 talem
571 3353 823 3429 reformationem,
846 3355 962 3428 qudem
982 3353 1143 3429 pastellos
1164 3369 1224 3414 non
1245 3357 1358 3412 tautum
1380 3351 1456 3410 Era·

236 3471 314 3516 smus
329 3457 449 3530 ejusque
465 3455 560 3532 amici,
582 3458 635 3518 sed
651 3459 740 3518 etiam
753 3459 836 3518 multi
850 3459 999 3533 principes
1009 3455 1119 3518 naara
1129 3458 1356 3532 postulaverunt,
1377 3472 1456 3516 nunc

235 3559 354 3620 nudem
380 3559 564 3622 efficiendam
591 3577 672 3638 esse,
700 3568 733 3621 ut
760 3562 846 3622 sedes
868 3562 1000 3622 Romana
1027 3567 1107 3622 stare
1136 3563 1321 3636 abquatanus
1352 3577 1454 3620 coram

237 3663 397 3725 christiano
421 3663 532 3739 judicio
561 3672 669 3742 posset
725 3665 783 3728 Sed
816 3667 866 3726 lnx
902 3667 934 3726 in
969 3667 1024 3726 hac
1057 3668 1182 3727 maxime
1212 3683 1245 3728 re
1276 3682 1366 3726 exosa
1395 3665 1455 3724 illis

231 3784 355 3846 semper
376 3775 450 3831 erat
495 3769 577 3842 Quod
598 3769 637 3830 ad
658 3771 734 3832 banc
752 3772 877 3832 mamare
899 3787 964 3832 rem
984 3771 1126 3847 pertinet,
1146 3787 1247 3832 rocem
1259 3777 1290 3831 et
1304 3771 1455 3830 conscien-

235 3875 307 3936 tiam
332 3875 451 3950 generis
481 3875 600 3934 humani
628 3875 802 3937 abolendam
837 3881 868 3936 ot
896 3877 922 3936 si
947 3873 1012 3936 lieri
1045 3882 1145 3950 posset
1170 3893 1236 3935 cum
1264 3891 1335 3936 voce
1366 3875 1455 3934 ctiam

236 3979 405 4040 memoriam
438 3978 594 4040 delendam
626 3980 852 4042 arbitrabantur.
905 3980 1002 4053 Quare
1033 3996 1091 4040 non
1121 3980 1240 4056 mirum,
1273 3978 1349 4054 quod
1377 3979 1456 4038 inter

235 4083 326 4144 Italos
353 4084 465 4160 prima,
491 4089 631 4158 quantum
659 4085 779 4161 scimus,
802 4085 931 4160 Papatus
958 4085 1080 4144 bistone
1106 4084 1211 4144 critica
1239 4099 1258 4143 a
1287 4079 1456 4143 censoribus

235 4184 390 4262 pontificiis
427 4205 583 4264 suppressa
620 4195 674 4250 est.
723 4189 887 4264 Scripserat
921 4206 987 4250 eam
1022 4205 1149 4248 summus
1184 4189 1244 4264 vir,
1281 4187 1456 4248 Francicus

236 4289 452 4368 (iuiccimdim,
479 4298 511 4352 et
542 4293 726 4355 materiam
751 4295 826 4355 libro
847 4299 952 4368 quarto
973 4294 1148 4357 inseruerat.
1193 4291 1251 4353 Sed
1272 4292 1457 4367 praeclarum

235 4396 291 4458 boc
317 4412 389 4471 opos
417 4397 561 4471 publicari
587 4414 645 4458 non
672 4400 768 4474 potuit
795 4399 851 4458 nisi
875 4404 989 4458 remota
1018 4399 1070 4458 ille
1096 4403 1190 4472 parte.
1238 4397 1331 4468 Quam
1363 4397 1456 4456 latine
1577 4383 1578 4412 ¹

234 4515 350 4562 veram
381 4503 516 4576 sequemi
548 4501 664 4562 demum
697 4503 796 4564 seculo
828 4519 902 4562 unus
937 4519 974 4563 ex
1003 4501 1190 4563 Guiccurdini
1218 4503 1343 4578 posteris
1372 4505 1457 4561 extra

235 4603 353 4668 lalau
366 4606 447 4681 typis
459 4605 658 4667 excudendam
672 4607 794 4684 emant,
808 4606 960 4682 praelatus
974 4624 1006 4668 sa
1018 4607 1132 4670 tabulas
1142 4608 1225 4680 quasi
1241 4623 1277 4669 ex
1291 4606 1455 4682 musano,
