3188 5086
245 298 296 354 128
706 295 809 353 Pharus
828 295 945 351 Parente

244 519 402 578 christiana
427 516 569 591 religione
590 515 751 575 arctissimo
777 515 891 574 vinculo
915 515 1112 590 conjungeret.
1156 513 1202 574 Ea
1225 514 1404 589 potissimum
1426 531 1460 574 rs

244 625 359 700 optimis
380 624 425 682 sui
447 621 585 694 temporis
608 621 677 679 viris
699 620 810 694 placuit
833 625 862 679 et
881 621 963 694 quasi
983 635 1019 678 ex
1037 637 1136 678 eorum
1158 620 1254 679 animo
1274 621 1387 678 locutus
1407 625 1460 679 est.

244 731 372 802 Quorum
390 727 439 786 uni
460 725 577 784 scribit:
598 721 686 799 ,Mihi
708 741 822 797 semper
844 721 899 782 luit
921 725 967 782 hic
988 725 1111 798 animus,
1135 729 1168 782 ut
1189 724 1346 784 excitarem
1369 725 1467 782 bona·

243 852 307 894 rum
334 831 430 892 studia
457 831 632 902 litterarum,
662 829 769 902 partim
797 834 828 887 ut
855 829 1020 902 inciperent
1043 833 1076 887 et
1096 827 1190 888 bonae
1213 829 1330 887 litterae
1353 844 1459 888 sonare

245 939 404 1011 Christum,
435 949 509 1008 qnae
532 933 662 1007 quidem,
693 937 725 990 ut
754 933 830 1006 apud
859 933 964 1006 Italos,
993 933 1133 992 hactenus
1161 933 1233 991 nihil
1264 931 1342 992 aliud
1371 949 1458 1006 quam

243 1043 441 1118 paganismum
464 1043 600 1111 orepant;
630 1038 733 1110 partim
763 1042 795 1095 ut
822 1053 858 1095 ex
883 1038 1050 1096 accessione
1073 1037 1235 1111 linguarum
1258 1051 1293 1096 ac
1315 1037 1459 1111 politioris

243 1150 428 1208 litteraturae
458 1142 588 1202 nonnihil
619 1141 729 1200 fructus
757 1158 791 1200 ac
814 1141 887 1200 lucis
909 1142 1118 1216 adjungeretur
1139 1141 1241 1200 studiis
1263 1141 1404 1200 hactenus
1427 1142 1459 1200 in

243 1252 348 1312 scholis
370 1247 515 1321 receptis‘
551 1245 630 1318 Quae
653 1241 748 1304 studia
763 1245 838 1318 quod
853 1263 964 1305 merum
980 1245 1125 1318 quendam
1139 1245 1318 1305 Judaismum
1333 1245 1458 1319 sapiant,

243 1355 378 1430 quoniam
401 1353 559 1410 christiana
580 1350 682 1424 religio
705 1350 735 1408 in
759 1350 888 1409 externis
910 1350 996 1409 rebus
1020 1366 1115 1424 paene
1138 1350 1205 1409 solis
1226 1355 1363 1424 ponatur,
1393 1366 1458 1409 sae·

241 1460 359 1536 pissime
384 1456 523 1530 queritur.
577 1454 678 1526 Neque
701 1451 810 1512 addere
832 1454 941 1512 omittit
962 1453 1030 1513 inde
1053 1451 1134 1528 fieri,
1164 1459 1197 1512 ut
1216 1454 1331 1528 vulgus,
1362 1453 1458 1512 stultis

241 1559 494 1639 superstitionibus
517 1558 670 1632 nutritum,
692 1556 729 1616 ad
754 1559 877 1616 alterum
896 1557 1038 1631 quoddam
1061 1557 1162 1618 rudius
1183 1557 1344 1632 paganismi
1364 1573 1457 1632 genus

241 1669 382 1728 trahatur.
427 1663 536 1736 Quibus
566 1661 698 1721 omnibus
727 1662 873 1722 erroribus
901 1663 1020 1736 opponit
1042 1663 1188 1736 puriorem
1213 1667 1244 1721 et
1264 1663 1456 1737 spiritualem,

241 1789 326 1847 quem
348 1771 433 1844 dicit,
456 1767 697 1827 christianismum
720 1783 755 1826 er
780 1767 925 1840 evangelii
947 1766 1028 1826 fonte
1050 1767 1248 1826 hauriendum.

327 1875 373 1934 De
398 1873 511 1932 erudito
539 1872 589 1930 illo
619 1887 694 1929 novo
725 1871 893 1944 paganismo
921 1871 981 1943 jam
1009 1870 1117 1930 dictum
1145 1877 1198 1931 est.
1244 1869 1327 1942 Quod
1348 1869 1457 1928 malum

240 1999 325 2056 quam
346 1981 405 2038 late
429 1975 570 2052 serpserit
589 1991 624 2034 ac
646 1975 801 2049 prodierit,
821 1975 960 2034 Erasmus
974 1977 1082 2050 passim
1098 1975 1244 2034 describit.
1288 1975 1456 2034 Acerrimas

239 2087 340 2146 talium
367 2099 542 2158 paganorum
571 2079 738 2138 iuimicitias
768 2080 833 2154 plus
864 2081 955 2138 semel
983 2080 1118 2153 suscepit.
1168 2079 1329 2155 Distinguit
1356 2085 1455 2138 amen

239 2191 321 2250 varia
348 2205 445 2248 eorum
468 2201 592 2259 genera,
619 2185 704 2242 sicuti
732 2189 763 2243 et
784 2184 1007 2258 Melancbtbon,
1034 2184 1071 2243 de
1094 2184 1198 2243 iisdem
1219 2184 1352 2258 loquens,
1381 2182 1456 2241 ahos

240 2295 310 2354 dicit
344 2292 467 2352 irridere
502 2290 660 2362 religiones
690 2305 804 2363 omnes,
842 2290 913 2347 alios
945 2288 1069 2362 probare
1099 2288 1164 2364 illa,
1207 2303 1280 2361 quae
1311 2288 1454 2347 humanae

239 2399 347 2458 rationi
376 2400 571 2454 consentanea
599 2397 717 2466 putent,
747 2398 846 2451 cetera
876 2391 1008 2452 fabulosa
1037 2409 1101 2452 esse
1129 2392 1265 2451 arbitrari
1292 2398 1322 2451 et
1349 2391 1455 2452 similia

241 2501 398 2576 tragoediis
425 2497 602 2572 poetarum.¹
655 2496 816 2556 Nonnullos
838 2497 977 2556 Erasmus
1006 2497 1152 2557 existimat
1181 2498 1288 2557 ceteris
1310 2497 1454 2571 meliores,

239 2607 288 2680 qui
323 2603 465 2662 ecclesiae
501 2601 638 2660 abusibus
672 2600 824 2676 deterriti,
861 2603 977 2675 puriore
1011 2601 1143 2661 doctrina
1177 2602 1235 2660 sint
1271 2600 1453 2662 conciliandi.

239 2709 374 2784 Inprimis
396 2723 465 2765 vero
489 2705 702 2778 adolescentes,
731 2721 768 2764 ne
794 2705 869 2763 male
895 2707 1002 2766 usitata
1025 2706 1187 2766 eruditione
1210 2706 1279 2764 illuc
1301 2705 1454 2764 trahamur

238 2813 382 2872 admonet.
426 2809 546 2884 ,Christi
569 2824 633 2868 esse
655 2809 747 2882 puta‘,
771 2810 880 2883 inquit,
903 2809 1039 2882 quidquid
1059 2827 1186 2884 unquam
1205 2811 1267 2870 veri
1287 2807 1451 2870 offenderis.

237 2919 366 2977 Litteras
380 2931 486 2989 amas,
516 2919 613 2986 recte,
643 2913 667 2971 si
695 2919 815 2986 propter
837 2913 997 2986 Christum
1027 2915 1071 2972 sia
1094 2913 1161 2974 ideo
1183 2919 1296 2973 tantum
1319 2929 1398 2972 amas
1419 2919 1452 2971 ut

237 3023 325 3096 scias,
355 3020 396 3079 ibi
419 3018 567 3090 consistis,
596 3017 672 3076 uude
696 3017 817 3089 gradum
839 3015 938 3076 lacere
962 3019 1125 3092 oportebat.
1169 3018 1267 3078 Satius
1291 3023 1337 3076 est
1357 3019 1452 3076 minus

236 3141 341 3202 sapere
364 3129 395 3184 et
416 3138 514 3183 amare
537 3122 629 3196 magis
651 3138 736 3195 quarn
759 3123 849 3196 magis
872 3137 975 3195 sapere
1004 3129 1034 3180 ot
1055 3139 1114 3182 non
1138 3122 1255 3182 amare‘
1299 3121 1450 3180 Facillime

236 3247 306 3292 sane
329 3229 394 3288 fieri
417 3229 474 3302 ait,
498 3233 545 3300 ut,
573 3227 623 3299 qui
645 3226 780 3300 neglecta
803 3241 886 3284 sacra
908 3227 1052 3300 scriptura
1074 3227 1127 3286 toti
1149 3228 1179 3285 in
1202 3227 1320 3285 ethnica
1342 3225 1452 3298 scripta

235 3334 415 3406 incumbant,
440 3333 496 3404 ipsi
519 3331 720 3390 ethnicismum
744 3331 915 3389 contrahant
944 3335 975 3389 et
1004 3331 1040 3389 ed
1062 3331 1152 3389 bonas
1174 3331 1289 3389 litteras
1309 3330 1388 3390 velut
1411 3327 1450 3387 ad

236 3437 391 3496 Sirenaeos
413 3436 545 3508 scopulos
568 3440 731 3493 senescant.
766 3433 853 3492 Tales
876 3433 1015 3494 describit
1036 3433 1175 3508 quosdam
1195 3451 1231 3493 ex
1251 3432 1450 3494 Ciceronianis

236 3542 286 3615 qui
307 3539 492 3598 vocabantur.
526 3535 575 3595 ‘In
601 3537 723 3611 epistola
744 3538 782 3596 ad
806 3539 965 3610 Vergaram
988 3537 1166 3598 Graecarum
1187 3539 1351 3598 litterarum
1373 3535 1449 3610 apud

237 3644 457 3720 Complutenses
488 3640 697 3716 professorem,
724 3642 812 3717 ,hos‘,
840 3643 948 3718 inquit,
976 3636 1058 3726 male:
1078 3642 1181 3718 babet,
1217 3644 1306 3702 bonas
1335 3642 1449 3701 litteras

236 3767 340 3811 sonare
375 3747 532 3820 Christum,
566 3747 646 3820 quasi
681 3746 753 3804 nibil
786 3747 824 3805 sit
854 3747 987 3823 elegans,
1020 3747 1096 3821 quod
1129 3765 1188 3807 non
1223 3749 1261 3805 sit
1294 3746 1448 3806 ethnicum.

233 3857 359 3915 Istorum
388 3853 506 3911 auribus
536 3850 658 3924 lepidius
687 3858 770 3911 sonat
789 3852 906 3926 Jupiter
933 3854 1058 3926 optimus
1085 3853 1224 3912 maximus
1252 3867 1336 3924 quam
1362 3851 1449 3910 Jesos

236 3961 366 4020 Christus
390 3958 557 4032 redemptor
579 3957 693 4015 mnndi:
725 3961 753 4016 et
775 3957 879 4016 Patres
900 3958 1054 4031 conscripti
1078 3957 1233 4032 jucundius
1260 3961 1344 4015 sonat
1362 3971 1448 4028 qoam

234 4065 328 4124 sancti
350 4062 490 4138 Apostoli.
515 4094 556 4103 —
584 4061 659 4134 Quid
682 4062 737 4121 sibi
759 4063 820 4121 vult
838 4063 894 4122 ista
916 4061 1098 4122 ciceroniani
1121 4063 1244 4120 nominis
1267 4065 1327 4119 tam
1349 4059 1449 4118 odiosa

231 4169 375 4242 jactatio?
419 4167 522 4226 Dicam
552 4167 651 4240 paucis
680 4166 732 4226 sed
754 4169 836 4226 velut
858 4169 888 4224 in
911 4182 1019 4226 aurem.
1065 4167 1127 4225 Hoc
1150 4165 1216 4226 luco
1237 4170 1339 4239 tegunt
1360 4179 1449 4238 pagu-

175 4285 179 4290 ·
236 4274 373 4345 rismum,
396 4272 445 4345 qni
468 4271 562 4330 carior
584 4276 630 4329 est
648 4271 706 4330 illis
729 4269 837 4330 Christi
859 4272 959 4344 gloria.
1005 4271 1054 4330 Me
1077 4287 1135 4330 non
1152 4267 1303 4330 admodum
1318 4267 1449 4342 poenitet

234 4393 250 4438 e
281 4375 535 4436 Ciceronianorum
565 4374 631 4433 albo
662 4374 757 4448 eradi,
788 4374 871 4432 modo
902 4375 1012 4434 soribar
1043 4376 1073 4432 in
1103 4375 1169 4434 albo
1200 4369 1449 4432 Christianorum}

324 4593 349 4659 1)
368 4593 397 4642 In
418 4592 487 4656 apol.
505 4591 570 4642 conf.
590 4593 697 4657 August.
716 4597 762 4641 art.
783 4591 828 4642 lv.
