<?xml version="1.0" encoding="UTF-8"?>
<!DOCTYPE html PUBLIC "-//W3C//DTD XHTML 1.0 Transitional//EN"
    "http://www.w3.org/TR/xhtml1/DTD/xhtml1-transitional.dtd">
<html xmlns="http://www.w3.org/1999/xhtml" xml:lang="en" lang="en">
 <head>
  <title>
</title>
<meta http-equiv="Content-Type" content="text/html;charset=utf-8" />
  <meta name='ocr-system' content='tesseract 3.04.00' />
  <meta name='ocr-capabilities' content='ocr_page ocr_carea ocr_par ocr_line ocrx_word'/>
</head>
<body>
  <div class='ocr_page' id='page_1' title='image "./erasmusredivivu00schlgoog_0566.png"; bbox 0 0 3194 5042; ppageno 0'>
   <div class='ocr_carea' id='block_1_1' title="bbox 679 281 1371 378">
    <p class='ocr_par' dir='ltr' id='par_1_1' title="bbox 679 281 1371 378">
     <span class='ocr_line' id='line_1_1' title="bbox 679 281 1371 378; baseline 0.003 -3"><span class='ocrx_word' id='word_1_1' title='bbox 679 321 767 375; x_wconf 75' lang='lat' dir='ltr'>Curua</span> <span class='ocrx_word' id='word_1_2' title='bbox 785 319 846 376; x_wconf 85' lang='lat' dir='ltr'>VII.</span> <span class='ocrx_word' id='word_1_3' title='bbox 928 281 933 290; x_wconf 26' lang='grc' dir='ltr'>ι</span> <span class='ocrx_word' id='word_1_4' title='bbox 1320 322 1371 378; x_wconf 87' lang='grc'>185</span> 
     </span>
    </p>
   </div>
   <div class='ocr_carea' id='block_1_2' title="bbox 139 518 1403 4364">
    <p class='ocr_par' dir='ltr' id='par_1_2' title="bbox 139 518 1403 4364">
     <span class='ocr_line' id='line_1_2' title="bbox 139 518 1372 603; baseline 0.007 -27"><span class='ocrx_word' id='word_1_5' title='bbox 139 518 234 578; x_wconf 86' lang='lat' dir='ltr'>medii</span> <span class='ocrx_word' id='word_1_6' title='bbox 266 520 330 580; x_wconf 86' lang='lat' dir='ltr'>aevi</span> <span class='ocrx_word' id='word_1_7' title='bbox 358 520 477 597; x_wconf 85' lang='lat' dir='ltr'>ingenio</span> <span class='ocrx_word' id='word_1_8' title='bbox 508 541 568 584; x_wconf 89' lang='lat' dir='ltr'>non</span> <span class='ocrx_word' id='word_1_9' title='bbox 595 523 810 584; x_wconf 86' lang='lat' dir='ltr'>convenissent.</span> <span class='ocrx_word' id='word_1_10' title='bbox 862 525 919 586; x_wconf 91' lang='lat' dir='ltr'>Sed</span> <span class='ocrx_word' id='word_1_11' title='bbox 951 526 987 587; x_wconf 89' lang='lat' dir='ltr'>ad</span> <span class='ocrx_word' id='word_1_12' title='bbox 1015 525 1071 585; x_wconf 90' lang='lat' dir='ltr'>hoo</span> <span class='ocrx_word' id='word_1_13' title='bbox 1102 525 1255 601; x_wconf 82' lang='lat' dir='ltr'>ingenium</span> <span class='ocrx_word' id='word_1_14' title='bbox 1282 544 1372 603; x_wconf 75' lang='lat' dir='ltr'>prave</span> 
     </span>
     <span class='ocr_line' id='line_1_3' title="bbox 141 627 1403 708; baseline 0.003 -24"><span class='ocrx_word' id='word_1_15' title='bbox 141 627 356 687; x_wconf 88' lang='lat' dir='ltr'>efformandum</span> <span class='ocrx_word' id='word_1_16' title='bbox 380 629 438 706; x_wconf 90' lang='lat' dir='ltr'>ipsi</span> <span class='ocrx_word' id='word_1_17' title='bbox 459 630 558 708; x_wconf 89' lang='lat' dir='ltr'>Papae</span> <span class='ocrx_word' id='word_1_18' title='bbox 581 631 742 708; x_wconf 90' lang='lat' dir='ltr'>plurimum</span> <span class='ocrx_word' id='word_1_19' title='bbox 765 633 995 692; x_wconf 83' lang='lat' dir='ltr'>contribuerunt.</span> <span class='ocrx_word' id='word_1_20' title='bbox 1042 631 1099 706; x_wconf 79' lang='lat' dir='ltr'>Qui</span> <span class='ocrx_word' id='word_1_21' title='bbox 1122 633 1211 692; x_wconf 89' lang='lat' dir='ltr'>etiam</span> <span class='ocrx_word' id='word_1_22' title='bbox 1233 633 1371 708; x_wconf 85' lang='lat' dir='ltr'>gravissi·</span> <span class='ocrx_word' id='word_1_23' title='bbox 1399 681 1403 688; x_wconf 93' lang='lat'>.</span> 
     </span>
     <span class='ocr_line' id='line_1_4' title="bbox 142 736 1372 818; baseline 0.007 -26"><span class='ocrx_word' id='word_1_24' title='bbox 142 751 222 809; x_wconf 79' lang='lat' dir='ltr'>maa,</span> <span class='ocrx_word' id='word_1_25' title='bbox 254 736 389 812; x_wconf 83' lang='lat' dir='ltr'>querelas</span> <span class='ocrx_word' id='word_1_26' title='bbox 417 737 454 798; x_wconf 91' lang='lat' dir='ltr'>de</span> <span class='ocrx_word' id='word_1_27' title='bbox 482 739 684 816; x_wconf 86' lang='lat' dir='ltr'>inquisitionis</span> <span class='ocrx_word' id='word_1_28' title='bbox 712 740 853 800; x_wconf 81' lang='lat' dir='ltr'>abusibus</span> <span class='ocrx_word' id='word_1_29' title='bbox 882 740 918 799; x_wconf 88' lang='lat' dir='ltr'>ad</span> <span class='ocrx_word' id='word_1_30' title='bbox 946 758 996 800; x_wconf 90' lang='lat' dir='ltr'>eos</span> <span class='ocrx_word' id='word_1_31' title='bbox 1024 741 1136 800; x_wconf 86' lang='lat' dir='ltr'>delatas</span> <span class='ocrx_word' id='word_1_32' title='bbox 1164 758 1281 818; x_wconf 82' lang='lat' dir='ltr'>semper</span> <span class='ocrx_word' id='word_1_33' title='bbox 1311 740 1372 800; x_wconf 84' lang='lat' dir='ltr'>iero</span> 
     </span>
     <span class='ocr_line' id='line_1_5' title="bbox 144 842 1371 925; baseline 0.007 -25"><span class='ocrx_word' id='word_1_34' title='bbox 144 842 351 919; x_wconf 83' lang='lat' dir='ltr'>neglegebant,</span> <span class='ocrx_word' id='word_1_35' title='bbox 384 863 423 904; x_wconf 90' lang='lat' dir='ltr'>ne</span> <span class='ocrx_word' id='word_1_36' title='bbox 449 845 562 905; x_wconf 89' lang='lat' dir='ltr'>scihcet</span> <span class='ocrx_word' id='word_1_37' title='bbox 588 847 748 923; x_wconf 88' lang='lat' dir='ltr'>potentiam</span> <span class='ocrx_word' id='word_1_38' title='bbox 777 865 815 906; x_wconf 87' lang='lat' dir='ltr'>ex</span> <span class='ocrx_word' id='word_1_39' title='bbox 847 847 899 906; x_wconf 89' lang='lat' dir='ltr'>illa</span> <span class='ocrx_word' id='word_1_40' title='bbox 926 848 962 906; x_wconf 88' lang='lat' dir='ltr'>ad</span> <span class='ocrx_word' id='word_1_41' title='bbox 991 866 1024 908; x_wconf 89' lang='lat' dir='ltr'>se</span> <span class='ocrx_word' id='word_1_42' title='bbox 1049 848 1261 907; x_wconf 79' lang='lat' dir='ltr'>redundantem</span> <span class='ocrx_word' id='word_1_43' title='bbox 1289 867 1371 925; x_wconf 87' lang='lat' dir='ltr'>prae·</span> 
     </span>
     <span class='ocr_line' id='line_1_6' title="bbox 145 950 1372 1031; baseline 0.005 -23"><span class='ocrx_word' id='word_1_44' title='bbox 145 950 332 1026; x_wconf 87' lang='lat' dir='ltr'>stringerent.</span> <span class='ocrx_word' id='word_1_45' title='bbox 382 951 428 1012; x_wconf 89' lang='lat' dir='ltr'>Ne</span> <span class='ocrx_word' id='word_1_46' title='bbox 455 953 587 1014; x_wconf 86' lang='lat' dir='ltr'>mitiores</span> <span class='ocrx_word' id='word_1_47' title='bbox 619 954 738 1031; x_wconf 91' lang='lat' dir='ltr'>quidem</span> <span class='ocrx_word' id='word_1_48' title='bbox 766 955 844 1014; x_wconf 90' lang='lat' dir='ltr'>inter</span> <span class='ocrx_word' id='word_1_49' title='bbox 875 973 925 1014; x_wconf 88' lang='lat' dir='ltr'>eos</span> <span class='ocrx_word' id='word_1_50' title='bbox 953 959 983 1014; x_wconf 87' lang='lat' dir='ltr'>et</span> <span class='ocrx_word' id='word_1_51' title='bbox 1013 955 1218 1014; x_wconf 88' lang='lat' dir='ltr'>clementiores</span> <span class='ocrx_word' id='word_1_52' title='bbox 1244 955 1301 1014; x_wconf 85' lang='lat' dir='ltr'>viri</span> <span class='ocrx_word' id='word_1_53' title='bbox 1332 955 1372 1031; x_wconf 93' lang='lat' dir='ltr'>id,</span> 
     </span>
     <span class='ocr_line' id='line_1_7' title="bbox 145 1058 1373 1136; baseline 0.005 -20"><span class='ocrx_word' id='word_1_54' title='bbox 145 1058 224 1134; x_wconf 90' lang='lat' dir='ltr'>quod</span> <span class='ocrx_word' id='word_1_55' title='bbox 242 1059 481 1134; x_wconf 81' lang='lat' dir='ltr'>praedecessores</span> <span class='ocrx_word' id='word_1_56' title='bbox 499 1061 536 1120; x_wconf 90' lang='lat' dir='ltr'>de</span> <span class='ocrx_word' id='word_1_57' title='bbox 554 1061 606 1120; x_wconf 87' lang='lat' dir='ltr'>ills</span> <span class='ocrx_word' id='word_1_58' title='bbox 629 1062 855 1136; x_wconf 87' lang='lat' dir='ltr'>constituerant,</span> <span class='ocrx_word' id='word_1_59' title='bbox 878 1062 993 1122; x_wconf 86' lang='lat' dir='ltr'>abolere</span> <span class='ocrx_word' id='word_1_60' title='bbox 1011 1062 1076 1121; x_wconf 85' lang='lat' dir='ltr'>ausi</span> <span class='ocrx_word' id='word_1_61' title='bbox 1100 1061 1197 1122; x_wconf 89' lang='lat' dir='ltr'>sunt.¹</span> <span class='ocrx_word' id='word_1_62' title='bbox 1243 1061 1293 1122; x_wconf 90' lang='lat' dir='ltr'>Sic</span> <span class='ocrx_word' id='word_1_63' title='bbox 1311 1062 1373 1122; x_wconf 90' lang='lat' dir='ltr'>sola</span> 
     </span>
     <span class='ocr_line' id='line_1_8' title="bbox 145 1164 1372 1246; baseline 0.003 -22"><span class='ocrx_word' id='word_1_64' title='bbox 145 1164 252 1224; x_wconf 88' lang='lat' dir='ltr'>Curiae</span> <span class='ocrx_word' id='word_1_65' title='bbox 279 1166 450 1226; x_wconf 85' lang='lat' dir='ltr'>auctoritate</span> <span class='ocrx_word' id='word_1_66' title='bbox 473 1168 584 1242; x_wconf 85' lang='lat' dir='ltr'>evenit,</span> <span class='ocrx_word' id='word_1_67' title='bbox 611 1173 646 1227; x_wconf 91' lang='lat' dir='ltr'>ut</span> <span class='ocrx_word' id='word_1_68' title='bbox 668 1168 746 1227; x_wconf 89' lang='lat' dir='ltr'>inter</span> <span class='ocrx_word' id='word_1_69' title='bbox 770 1168 903 1229; x_wconf 81' lang='lat' dir='ltr'>Curiales</span> <span class='ocrx_word' id='word_1_70' title='bbox 928 1168 1055 1228; x_wconf 86' lang='lat' dir='ltr'>nefanda</span> <span class='ocrx_word' id='word_1_71' title='bbox 1076 1167 1282 1246; x_wconf 90' lang='lat' dir='ltr'>Inquisitionis</span> <span class='ocrx_word' id='word_1_72' title='bbox 1306 1187 1372 1244; x_wconf 88' lang='lat' dir='ltr'>spe·</span> 
     </span>
     <span class='ocr_line' id='line_1_9' title="bbox 144 1271 1372 1352; baseline 0.003 -22"><span class='ocrx_word' id='word_1_73' title='bbox 144 1271 272 1346; x_wconf 81' lang='lat' dir='ltr'>ctaoula,</span> <span class='ocrx_word' id='word_1_74' title='bbox 305 1274 549 1350; x_wconf 85' lang='lat' dir='ltr'>quemadmodum</span> <span class='ocrx_word' id='word_1_75' title='bbox 575 1274 652 1335; x_wconf 87' lang='lat' dir='ltr'>inter</span> <span class='ocrx_word' id='word_1_76' title='bbox 675 1275 802 1336; x_wconf 87' lang='lat' dir='ltr'>Molochi</span> <span class='ocrx_word' id='word_1_77' title='bbox 825 1276 952 1335; x_wconf 88' lang='lat' dir='ltr'>cultores</span> <span class='ocrx_word' id='word_1_78' title='bbox 980 1276 1123 1336; x_wconf 67' lang='lat' dir='ltr'>mendcio</span> <span class='ocrx_word' id='word_1_79' title='bbox 1149 1275 1291 1350; x_wconf 88' lang='lat' dir='ltr'>humana,</span> <span class='ocrx_word' id='word_1_80' title='bbox 1318 1293 1372 1352; x_wconf 91' lang='lat' dir='ltr'>pro</span> 
     </span>
     <span class='ocr_line' id='line_1_10' title="bbox 143 1379 1371 1460; baseline 0.006 -23"><span class='ocrx_word' id='word_1_81' title='bbox 143 1379 311 1439; x_wconf 88' lang='lat' dir='ltr'>necessaria</span> <span class='ocrx_word' id='word_1_82' title='bbox 335 1381 490 1457; x_wconf 85' lang='lat' dir='ltr'>religionis</span> <span class='ocrx_word' id='word_1_83' title='bbox 517 1387 601 1458; x_wconf 88' lang='lat' dir='ltr'>parte</span> <span class='ocrx_word' id='word_1_84' title='bbox 627 1383 816 1458; x_wconf 85' lang='lat' dir='ltr'>haberentur,</span> <span class='ocrx_word' id='word_1_85' title='bbox 845 1388 874 1442; x_wconf 91' lang='lat' dir='ltr'>et</span> <span class='ocrx_word' id='word_1_86' title='bbox 897 1401 914 1442; x_wconf 88' lang='lat' dir='ltr'>a</span> <span class='ocrx_word' id='word_1_87' title='bbox 936 1383 1127 1443; x_wconf 84' lang='lat' dir='ltr'>nobilioribus</span> <span class='ocrx_word' id='word_1_88' title='bbox 1155 1401 1272 1460; x_wconf 89' lang='lat' dir='ltr'>quoque</span> <span class='ocrx_word' id='word_1_89' title='bbox 1298 1383 1371 1444; x_wconf 80' lang='lat' dir='ltr'>viris</span> 
     </span>
     <span class='ocr_line' id='line_1_11' title="bbox 143 1487 1372 1568; baseline 0.003 -24"><span class='ocrx_word' id='word_1_90' title='bbox 143 1490 188 1546; x_wconf 92' lang='lat' dir='ltr'>tot</span> <span class='ocrx_word' id='word_1_91' title='bbox 211 1487 354 1547; x_wconf 88' lang='lat' dir='ltr'>scelerum</span> <span class='ocrx_word' id='word_1_92' title='bbox 373 1489 482 1564; x_wconf 86' lang='lat' dir='ltr'>fontes,</span> <span class='ocrx_word' id='word_1_93' title='bbox 505 1495 643 1550; x_wconf 82' lang='lat' dir='ltr'>emeritae</span> <span class='ocrx_word' id='word_1_94' title='bbox 666 1490 740 1550; x_wconf 84' lang='lat' dir='ltr'>istae</span> <span class='ocrx_word' id='word_1_95' title='bbox 757 1490 853 1568; x_wconf 84' lang='lat' dir='ltr'>leges,</span> <span class='ocrx_word' id='word_1_96' title='bbox 877 1489 1058 1568; x_wconf 82' lang='lat' dir='ltr'>sophisticis,</span> <span class='ocrx_word' id='word_1_97' title='bbox 1082 1491 1190 1568; x_wconf 89' lang='lat' dir='ltr'>quibus</span> <span class='ocrx_word' id='word_1_98' title='bbox 1213 1489 1285 1550; x_wconf 89' lang='lat' dir='ltr'>solis</span> <span class='ocrx_word' id='word_1_99' title='bbox 1308 1491 1372 1550; x_wconf 84' lang='lat' dir='ltr'>lieri</span> 
     </span>
     <span class='ocr_line' id='line_1_12' title="bbox 143 1595 1371 1675; baseline 0.002 -22"><span class='ocrx_word' id='word_1_100' title='bbox 143 1597 270 1669; x_wconf 86' lang='lat' dir='ltr'>poterat,</span> <span class='ocrx_word' id='word_1_101' title='bbox 302 1595 415 1654; x_wconf 87' lang='lat' dir='ltr'>artibus</span> <span class='ocrx_word' id='word_1_102' title='bbox 446 1595 681 1657; x_wconf 83' lang='lat' dir='ltr'>defenderentur.</span> <span class='ocrx_word' id='word_1_103' title='bbox 733 1597 814 1658; x_wconf 85' lang='lat' dir='ltr'>Talis</span> <span class='ocrx_word' id='word_1_104' title='bbox 842 1598 907 1658; x_wconf 88' lang='lat' dir='ltr'>sani</span> <span class='ocrx_word' id='word_1_105' title='bbox 936 1597 1041 1675; x_wconf 85' lang='lat' dir='ltr'>judicii</span> <span class='ocrx_word' id='word_1_106' title='bbox 1073 1598 1221 1675; x_wconf 86' lang='lat' dir='ltr'>corruptio</span> <span class='ocrx_word' id='word_1_107' title='bbox 1250 1598 1311 1674; x_wconf 92' lang='lat' dir='ltr'>jam</span> <span class='ocrx_word' id='word_1_108' title='bbox 1339 1598 1371 1656; x_wconf 92' lang='lat' dir='ltr'>in</span> 
     </span>
     <span class='ocr_line' id='line_1_13' title="bbox 144 1699 1371 1784; baseline 0.006 -26"><span class='ocrx_word' id='word_1_109' title='bbox 144 1699 257 1760; x_wconf 79' lang='lat' dir='ltr'>Thema</span> <span class='ocrx_word' id='word_1_110' title='bbox 279 1702 427 1779; x_wconf 86' lang='lat' dir='ltr'>Aquinate</span> <span class='ocrx_word' id='word_1_111' title='bbox 454 1703 614 1781; x_wconf 87' lang='lat' dir='ltr'>conspicua</span> <span class='ocrx_word' id='word_1_112' title='bbox 636 1709 694 1780; x_wconf 87' lang='lat' dir='ltr'>est,</span> <span class='ocrx_word' id='word_1_113' title='bbox 721 1709 823 1783; x_wconf 88' lang='lat' dir='ltr'>utpote</span> <span class='ocrx_word' id='word_1_114' title='bbox 850 1706 915 1784; x_wconf 94' lang='lat' dir='ltr'>qui,</span> <span class='ocrx_word' id='word_1_115' title='bbox 942 1706 1053 1766; x_wconf 85' lang='lat' dir='ltr'>ubido</span> <span class='ocrx_word' id='word_1_116' title='bbox 1080 1705 1248 1766; x_wconf 86' lang='lat' dir='ltr'>occidendis</span> <span class='ocrx_word' id='word_1_117' title='bbox 1270 1705 1371 1765; x_wconf 87' lang='lat' dir='ltr'>haere·</span> 
     </span>
     <span class='ocr_line' id='line_1_14' title="bbox 143 1808 1371 1890; baseline 0.004 -24"><span class='ocrx_word' id='word_1_118' title='bbox 143 1808 213 1868; x_wconf 91' lang='lat' dir='ltr'>ticis</span> <span class='ocrx_word' id='word_1_119' title='bbox 235 1809 309 1886; x_wconf 84' lang='lat' dir='ltr'>agit,</span> <span class='ocrx_word' id='word_1_120' title='bbox 337 1810 446 1870; x_wconf 85' lang='lat' dir='ltr'>mrrltas</span> <span class='ocrx_word' id='word_1_121' title='bbox 468 1829 517 1871; x_wconf 89' lang='lat' dir='ltr'>res</span> <span class='ocrx_word' id='word_1_122' title='bbox 542 1812 698 1888; x_wconf 88' lang='lat' dir='ltr'>protulerit</span> <span class='ocrx_word' id='word_1_123' title='bbox 724 1813 873 1890; x_wconf 86' lang='lat' dir='ltr'>praeclaro</span> <span class='ocrx_word' id='word_1_124' title='bbox 895 1815 993 1873; x_wconf 88' lang='lat' dir='ltr'>animo</span> <span class='ocrx_word' id='word_1_125' title='bbox 1016 1819 1046 1873; x_wconf 92' lang='lat' dir='ltr'>et</span> <span class='ocrx_word' id='word_1_126' title='bbox 1068 1813 1187 1890; x_wconf 83' lang='lat' dir='ltr'>ingenio</span> <span class='ocrx_word' id='word_1_127' title='bbox 1214 1831 1268 1872; x_wconf 91' lang='lat' dir='ltr'>suo</span> <span class='ocrx_word' id='word_1_128' title='bbox 1290 1831 1371 1890; x_wconf 89' lang='lat' dir='ltr'>pror-</span> 
     </span>
     <span class='ocr_line' id='line_1_15' title="bbox 144 1916 1372 1998; baseline 0.003 -24"><span class='ocrx_word' id='word_1_129' title='bbox 144 1933 198 1975; x_wconf 90' lang='lat' dir='ltr'>sus</span> <span class='ocrx_word' id='word_1_130' title='bbox 220 1916 370 1994; x_wconf 83' lang='lat' dir='ltr'>indignas,</span> <span class='ocrx_word' id='word_1_131' title='bbox 395 1917 544 1980; x_wconf 89' lang='lat' dir='ltr'>Romanae</span> <span class='ocrx_word' id='word_1_132' title='bbox 568 1919 814 1998; x_wconf 81' lang='lat' dir='ltr'>Curiaescmper</span> <span class='ocrx_word' id='word_1_133' title='bbox 835 1921 1047 1997; x_wconf 75' lang='lat' dir='ltr'>gratissimas.²</span> <span class='ocrx_word' id='word_1_134' title='bbox 1091 1920 1188 1981; x_wconf 87' lang='lat' dir='ltr'>Sentit</span> <span class='ocrx_word' id='word_1_135' title='bbox 1211 1921 1299 1979; x_wconf 88' lang='lat' dir='ltr'>etiam</span> <span class='ocrx_word' id='word_1_136' title='bbox 1322 1920 1372 1979; x_wconf 90' lang='lat' dir='ltr'>hic</span> 
     </span>
     <span class='ocr_line' id='line_1_16' title="bbox 144 2024 1371 2106; baseline 0.003 -24"><span class='ocrx_word' id='word_1_137' title='bbox 144 2024 349 2086; x_wconf 82' lang='lat' dir='ltr'>necessitatem</span> <span class='ocrx_word' id='word_1_138' title='bbox 381 2026 522 2102; x_wconf 89' lang='lat' dir='ltr'>probandi</span> <span class='ocrx_word' id='word_1_139' title='bbox 550 2045 588 2086; x_wconf 85' lang='lat' dir='ltr'>ex</span> <span class='ocrx_word' id='word_1_140' title='bbox 616 2027 704 2088; x_wconf 86' lang='lat' dir='ltr'>Sacra</span> <span class='ocrx_word' id='word_1_141' title='bbox 731 2027 883 2105; x_wconf 86' lang='lat' dir='ltr'>Scriptura</span> <span class='ocrx_word' id='word_1_142' title='bbox 909 2028 940 2086; x_wconf 94' lang='lat' dir='ltr'>id</span> <span class='ocrx_word' id='word_1_143' title='bbox 968 2027 1047 2106; x_wconf 91' lang='lat' dir='ltr'>quod</span> <span class='ocrx_word' id='word_1_144' title='bbox 1074 2027 1195 2104; x_wconf 90' lang='lat' dir='ltr'>probare</span> <span class='ocrx_word' id='word_1_145' title='bbox 1222 2027 1287 2086; x_wconf 89' lang='lat' dir='ltr'>vult</span> <span class='ocrx_word' id='word_1_146' title='bbox 1319 2026 1371 2086; x_wconf 92' lang='lat' dir='ltr'>sed</span> 
     </span>
     <span class='ocr_line' id='line_1_17' title="bbox 144 2133 1371 2212; baseline 0.002 -22"><span class='ocrx_word' id='word_1_147' title='bbox 144 2133 230 2190; x_wconf 83' lang='lat' dir='ltr'>affert</span> <span class='ocrx_word' id='word_1_148' title='bbox 258 2133 323 2209; x_wconf 90' lang='lat' dir='ltr'>ipse</span> <span class='ocrx_word' id='word_1_149' title='bbox 350 2151 387 2192; x_wconf 87' lang='lat' dir='ltr'>ex</span> <span class='ocrx_word' id='word_1_150' title='bbox 415 2151 449 2194; x_wconf 88' lang='lat' dir='ltr'>aa</span> <span class='ocrx_word' id='word_1_151' title='bbox 476 2134 586 2195; x_wconf 89' lang='lat' dir='ltr'>multos</span> <span class='ocrx_word' id='word_1_152' title='bbox 613 2133 694 2195; x_wconf 83' lang='lat' dir='ltr'>locos</span> <span class='ocrx_word' id='word_1_153' title='bbox 722 2153 793 2195; x_wconf 88' lang='lat' dir='ltr'>suae</span> <span class='ocrx_word' id='word_1_154' title='bbox 820 2136 982 2196; x_wconf 86' lang='lat' dir='ltr'>sententiae</span> <span class='ocrx_word' id='word_1_155' title='bbox 1009 2139 1221 2212; x_wconf 85' lang='lat' dir='ltr'>repugnantes,</span> <span class='ocrx_word' id='word_1_156' title='bbox 1254 2134 1371 2194; x_wconf 88' lang='lat' dir='ltr'>eosdem</span> 
     </span>
     <span class='ocr_line' id='line_1_18' title="bbox 145 2239 1372 2320; baseline 0.002 -22"><span class='ocrx_word' id='word_1_157' title='bbox 145 2239 215 2314; x_wconf 85' lang='lat' dir='ltr'>fore,</span> <span class='ocrx_word' id='word_1_158' title='bbox 234 2240 341 2317; x_wconf 88' lang='lat' dir='ltr'>quibus</span> <span class='ocrx_word' id='word_1_159' title='bbox 359 2245 461 2318; x_wconf 88' lang='lat' dir='ltr'>postea</span> <span class='ocrx_word' id='word_1_160' title='bbox 474 2241 631 2302; x_wconf 71' lang='lat' dir='ltr'>Erasmm</span> <span class='ocrx_word' id='word_1_161' title='bbox 650 2247 751 2302; x_wconf 87' lang='lat' dir='ltr'>contra</span> <span class='ocrx_word' id='word_1_162' title='bbox 764 2243 812 2302; x_wconf 92' lang='lat' dir='ltr'>sui</span> <span class='ocrx_word' id='word_1_163' title='bbox 829 2243 971 2320; x_wconf 83' lang='lat' dir='ltr'>temporis</span> <span class='ocrx_word' id='word_1_164' title='bbox 985 2241 1180 2319; x_wconf 89' lang='lat' dir='ltr'>Inquisitores</span> <span class='ocrx_word' id='word_1_165' title='bbox 1198 2259 1287 2301; x_wconf 92' lang='lat' dir='ltr'>usum</span> <span class='ocrx_word' id='word_1_166' title='bbox 1305 2259 1372 2301; x_wconf 88' lang='lat' dir='ltr'>essa</span> 
     </span>
     <span class='ocr_line' id='line_1_19' title="bbox 144 2346 1371 2428; baseline 0.002 -22"><span class='ocrx_word' id='word_1_167' title='bbox 144 2347 334 2407; x_wconf 86' lang='lat' dir='ltr'>ostendimus.</span> <span class='ocrx_word' id='word_1_168' title='bbox 385 2346 516 2428; x_wconf 84' lang='lat' dir='ltr'>Quorum</span> <span class='ocrx_word' id='word_1_169' title='bbox 547 2349 677 2410; x_wconf 88' lang='lat' dir='ltr'>locorum</span> <span class='ocrx_word' id='word_1_170' title='bbox 710 2350 827 2427; x_wconf 89' lang='lat' dir='ltr'>pondus</span> <span class='ocrx_word' id='word_1_171' title='bbox 858 2355 893 2410; x_wconf 91' lang='lat' dir='ltr'>ut</span> <span class='ocrx_word' id='word_1_172' title='bbox 919 2349 1077 2424; x_wconf 86' lang='lat' dir='ltr'>diminuat,</span> <span class='ocrx_word' id='word_1_173' title='bbox 1109 2349 1217 2409; x_wconf 87' lang='lat' dir='ltr'>misere</span> <span class='ocrx_word' id='word_1_174' title='bbox 1244 2348 1371 2408; x_wconf 83' lang='lat' dir='ltr'>Thomas</span> 
     </span>
     <span class='ocr_line' id='line_1_20' title="bbox 145 2454 1372 2535; baseline 0 -21"><span class='ocrx_word' id='word_1_175' title='bbox 145 2471 178 2514; x_wconf 87' lang='lat' dir='ltr'>se</span> <span class='ocrx_word' id='word_1_176' title='bbox 201 2454 353 2532; x_wconf 86' lang='lat' dir='ltr'>detorquet</span> <span class='ocrx_word' id='word_1_177' title='bbox 381 2461 412 2516; x_wconf 89' lang='lat' dir='ltr'>et</span> <span class='ocrx_word' id='word_1_178' title='bbox 434 2457 546 2534; x_wconf 82' lang='lat' dir='ltr'>fatigat</span> <span class='ocrx_word' id='word_1_179' title='bbox 592 2457 629 2516; x_wconf 89' lang='lat' dir='ltr'>In</span> <span class='ocrx_word' id='word_1_180' title='bbox 652 2457 799 2535; x_wconf 88' lang='lat' dir='ltr'>opinionis</span> <span class='ocrx_word' id='word_1_181' title='bbox 821 2475 881 2517; x_wconf 91' lang='lat' dir='ltr'>non</span> <span class='ocrx_word' id='word_1_182' title='bbox 903 2458 1003 2517; x_wconf 90' lang='lat' dir='ltr'>minus</span> <span class='ocrx_word' id='word_1_183' title='bbox 1026 2457 1188 2518; x_wconf 89' lang='lat' dir='ltr'>horrendae</span> <span class='ocrx_word' id='word_1_184' title='bbox 1215 2475 1304 2535; x_wconf 88' lang='lat' dir='ltr'>quam</span> <span class='ocrx_word' id='word_1_185' title='bbox 1327 2457 1372 2514; x_wconf 93' lang='lat' dir='ltr'>in-</span> 
     </span>
     <span class='ocr_line' id='line_1_21' title="bbox 145 2563 1371 2643; baseline 0.002 -22"><span class='ocrx_word' id='word_1_186' title='bbox 145 2567 230 2639; x_wconf 87' lang='lat' dir='ltr'>eptae</span> <span class='ocrx_word' id='word_1_187' title='bbox 257 2563 368 2624; x_wconf 89' lang='lat' dir='ltr'>crimen</span> <span class='ocrx_word' id='word_1_188' title='bbox 394 2563 512 2640; x_wconf 90' lang='lat' dir='ltr'>incidit,</span> <span class='ocrx_word' id='word_1_189' title='bbox 540 2583 632 2642; x_wconf 90' lang='lat' dir='ltr'>quum</span> <span class='ocrx_word' id='word_1_190' title='bbox 660 2564 789 2643; x_wconf 88' lang='lat' dir='ltr'>denique</span> <span class='ocrx_word' id='word_1_191' title='bbox 815 2583 908 2625; x_wconf 91' lang='lat' dir='ltr'>unum</span> <span class='ocrx_word' id='word_1_192' title='bbox 935 2583 989 2642; x_wconf 91' lang='lat' dir='ltr'>pro</span> <span class='ocrx_word' id='word_1_193' title='bbox 1016 2583 1049 2624; x_wconf 89' lang='lat' dir='ltr'>re</span> <span class='ocrx_word' id='word_1_194' title='bbox 1076 2569 1213 2642; x_wconf 85' lang='lat' dir='ltr'>suscepta</span> <span class='ocrx_word' id='word_1_195' title='bbox 1241 2563 1371 2625; x_wconf 86' lang='lat' dir='ltr'>testimo-</span> 
     </span>
     <span class='ocr_line' id='line_1_22' title="bbox 145 2669 1371 2751; baseline 0.002 -21"><span class='ocrx_word' id='word_1_196' title='bbox 145 2669 229 2730; x_wconf 89' lang='lat' dir='ltr'>uium</span> <span class='ocrx_word' id='word_1_197' title='bbox 248 2669 416 2748; x_wconf 86' lang='lat' dir='ltr'>Scripturas</span> <span class='ocrx_word' id='word_1_198' title='bbox 433 2672 586 2733; x_wconf 86' lang='lat' dir='ltr'>invenisse</span> <span class='ocrx_word' id='word_1_199' title='bbox 604 2673 661 2733; x_wconf 91' lang='lat' dir='ltr'>sibi</span> <span class='ocrx_word' id='word_1_200' title='bbox 679 2672 804 2748; x_wconf 83' lang='lat' dir='ltr'>ridetur,</span> <span class='ocrx_word' id='word_1_201' title='bbox 823 2674 945 2734; x_wconf 81' lang='lat' dir='ltr'>verbum</span> <span class='ocrx_word' id='word_1_202' title='bbox 962 2673 1088 2751; x_wconf 90' lang='lat' dir='ltr'>apostoli</span> <span class='ocrx_word' id='word_1_203' title='bbox 1109 2673 1146 2732; x_wconf 92' lang='lat' dir='ltr'>ad</span> <span class='ocrx_word' id='word_1_204' title='bbox 1165 2673 1265 2733; x_wconf 81' lang='lat' dir='ltr'>Titum</span> <span class='ocrx_word' id='word_1_205' title='bbox 1284 2691 1371 2733; x_wconf 91' lang='lat' dir='ltr'>suum</span> 
     </span>
     <span class='ocr_line' id='line_1_23' title="bbox 146 2777 1371 2859; baseline 0.002 -21"><span class='ocrx_word' id='word_1_206' title='bbox 146 2777 190 2856; x_wconf 83' lang='lat'>(3,</span> <span class='ocrx_word' id='word_1_207' title='bbox 226 2777 290 2856; x_wconf 86' lang='lat'>10):</span> <span class='ocrx_word' id='word_1_208' title='bbox 327 2778 517 2839; x_wconf 88' lang='lat' dir='ltr'>Haeretioum</span> <span class='ocrx_word' id='word_1_209' title='bbox 548 2785 616 2858; x_wconf 91' lang='lat' dir='ltr'>post</span> <span class='ocrx_word' id='word_1_210' title='bbox 647 2800 736 2840; x_wconf 89' lang='lat' dir='ltr'>unam</span> <span class='ocrx_word' id='word_1_211' title='bbox 769 2785 798 2841; x_wconf 88' lang='lat' dir='ltr'>et</span> <span class='ocrx_word' id='word_1_212' title='bbox 830 2781 989 2842; x_wconf 89' lang='lat' dir='ltr'>secundam</span> <span class='ocrx_word' id='word_1_213' title='bbox 1021 2782 1234 2859; x_wconf 88' lang='lat' dir='ltr'>eorreptionem</span> <span class='ocrx_word' id='word_1_214' title='bbox 1266 2781 1371 2840; x_wconf 87' lang='lat' dir='ltr'>devita.</span> 
     </span>
     <span class='ocr_line' id='line_1_24' title="bbox 146 2883 1372 2966; baseline 0.002 -23"><span class='ocrx_word' id='word_1_215' title='bbox 146 2883 236 2958; x_wconf 87' lang='lat' dir='ltr'>Quasi</span> <span class='ocrx_word' id='word_1_216' title='bbox 260 2886 372 2946; x_wconf 86' lang='lat' dir='ltr'>scilicet</span> <span class='ocrx_word' id='word_1_217' title='bbox 398 2887 543 2964; x_wconf 89' lang='lat' dir='ltr'>ejusmodi</span> <span class='ocrx_word' id='word_1_218' title='bbox 566 2889 705 2949; x_wconf 79' lang='lat' dir='ltr'>devitatio</span> <span class='ocrx_word' id='word_1_219' title='bbox 728 2889 840 2966; x_wconf 89' lang='lat' dir='ltr'>optime</span> <span class='ocrx_word' id='word_1_220' title='bbox 866 2889 961 2964; x_wconf 84' lang='lat' dir='ltr'>fieret,</span> <span class='ocrx_word' id='word_1_221' title='bbox 989 2890 1014 2949; x_wconf 90' lang='lat' dir='ltr'>si</span> <span class='ocrx_word' id='word_1_222' title='bbox 1042 2889 1206 2949; x_wconf 88' lang='lat' dir='ltr'>haereticus</span> <span class='ocrx_word' id='word_1_223' title='bbox 1233 2889 1295 2947; x_wconf 87' lang='lat' dir='ltr'>vita</span> <span class='ocrx_word' id='word_1_224' title='bbox 1321 2906 1372 2947; x_wconf 89' lang='lat' dir='ltr'>ex-</span> 
     </span>
     <span class='ocr_line' id='line_1_25' title="bbox 145 2992 1372 3072; baseline -0.001 -19"><span class='ocrx_word' id='word_1_225' title='bbox 145 2992 312 3070; x_wconf 88' lang='lat' dir='ltr'>pelleretur.</span> <span class='ocrx_word' id='word_1_226' title='bbox 365 2993 458 3071; x_wconf 78' lang='lat' dir='ltr'>Oujur</span> <span class='ocrx_word' id='word_1_227' title='bbox 490 2995 652 3055; x_wconf 91' lang='lat' dir='ltr'>testimonii</span> <span class='ocrx_word' id='word_1_228' title='bbox 684 2996 813 3055; x_wconf 85' lang='lat' dir='ltr'>defectui</span> <span class='ocrx_word' id='word_1_229' title='bbox 844 2995 934 3056; x_wconf 83' lang='lat' dir='ltr'>variis</span> <span class='ocrx_word' id='word_1_230' title='bbox 965 2996 1090 3072; x_wconf 85' lang='lat' dir='ltr'>argutiis</span> <span class='ocrx_word' id='word_1_231' title='bbox 1122 3001 1152 3055; x_wconf 90' lang='lat' dir='ltr'>et</span> <span class='ocrx_word' id='word_1_232' title='bbox 1183 2994 1372 3072; x_wconf 85' lang='lat' dir='ltr'>sophismatis</span> 
     </span>
     <span class='ocr_line' id='line_1_26' title="bbox 146 3100 1372 3180; baseline 0.001 -21"><span class='ocrx_word' id='word_1_233' title='bbox 146 3100 286 3178; x_wconf 90' lang='lat' dir='ltr'>supplere</span> <span class='ocrx_word' id='word_1_234' title='bbox 308 3102 418 3161; x_wconf 81' lang='lat' dir='ltr'>frustm</span> <span class='ocrx_word' id='word_1_235' title='bbox 441 3103 547 3162; x_wconf 88' lang='lat' dir='ltr'>studet.</span> <span class='ocrx_word' id='word_1_236' title='bbox 593 3102 703 3162; x_wconf 90' lang='lat' dir='ltr'>Ultimo</span> <span class='ocrx_word' id='word_1_237' title='bbox 723 3102 843 3162; x_wconf 87' lang='lat' dir='ltr'>tandem</span> <span class='ocrx_word' id='word_1_238' title='bbox 865 3107 1050 3178; x_wconf 86' lang='lat' dir='ltr'>argumento,</span> <span class='ocrx_word' id='word_1_239' title='bbox 1074 3101 1151 3180; x_wconf 92' lang='lat' dir='ltr'>quod</span> <span class='ocrx_word' id='word_1_240' title='bbox 1169 3101 1280 3160; x_wconf 89' lang='lat' dir='ltr'>Romae</span> <span class='ocrx_word' id='word_1_241' title='bbox 1301 3100 1372 3160; x_wconf 90' lang='lat' dir='ltr'>fide-</span> 
     </span>
     <span class='ocr_line' id='line_1_27' title="bbox 146 3207 1372 3287; baseline -0.002 -20"><span class='ocrx_word' id='word_1_242' title='bbox 146 3209 226 3268; x_wconf 92' lang='lat' dir='ltr'>libus</span> <span class='ocrx_word' id='word_1_243' title='bbox 248 3226 319 3269; x_wconf 88' lang='lat' dir='ltr'>sane</span> <span class='ocrx_word' id='word_1_244' title='bbox 340 3209 453 3286; x_wconf 81' lang='lat' dir='ltr'>sufflat,</span> <span class='ocrx_word' id='word_1_245' title='bbox 475 3210 623 3287; x_wconf 88' lang='lat' dir='ltr'>Paparum</span> <span class='ocrx_word' id='word_1_246' title='bbox 641 3209 844 3270; x_wconf 85' lang='lat' dir='ltr'>Decretalibus</span> <span class='ocrx_word' id='word_1_247' title='bbox 862 3209 963 3268; x_wconf 91' lang='lat' dir='ltr'>utitur.</span> <span class='ocrx_word' id='word_1_248' title='bbox 1010 3207 1068 3268; x_wconf 87' lang='lat' dir='ltr'>Hic</span> <span class='ocrx_word' id='word_1_249' title='bbox 1085 3209 1179 3268; x_wconf 78' lang='lat' dir='ltr'>fretur</span> <span class='ocrx_word' id='word_1_250' title='bbox 1203 3226 1254 3283; x_wconf 89' lang='lat' dir='ltr'>,ne</span> <span class='ocrx_word' id='word_1_251' title='bbox 1275 3225 1372 3267; x_wconf 88' lang='lat' dir='ltr'>rever-</span> 
     </span>
     <span class='ocr_line' id='line_1_28' title="bbox 145 3313 1372 3394; baseline -0.002 -19"><span class='ocrx_word' id='word_1_252' title='bbox 145 3319 242 3376; x_wconf 85' lang='lat' dir='ltr'>tentes</span> <span class='ocrx_word' id='word_1_253' title='bbox 270 3316 390 3394; x_wconf 89' lang='lat' dir='ltr'>quidem</span> <span class='ocrx_word' id='word_1_254' title='bbox 412 3317 449 3377; x_wconf 92' lang='lat' dir='ltr'>ab</span> <span class='ocrx_word' id='word_1_255' title='bbox 476 3317 591 3378; x_wconf 87' lang='lat' dir='ltr'>haeresi</span> <span class='ocrx_word' id='word_1_256' title='bbox 615 3335 681 3377; x_wconf 89' lang='lat' dir='ltr'>esse</span> <span class='ocrx_word' id='word_1_257' title='bbox 707 3317 743 3376; x_wconf 89' lang='lat' dir='ltr'>ab</span> <span class='ocrx_word' id='word_1_258' title='bbox 771 3315 896 3376; x_wconf 82' lang='lat' dir='ltr'>ecclesia</span> <span class='ocrx_word' id='word_1_259' title='bbox 917 3315 1114 3392; x_wconf 67' lang='lat' dir='ltr'>recipiendos*</span> <span class='ocrx_word' id='word_1_260' title='bbox 1142 3315 1191 3374; x_wconf 89' lang='lat' dir='ltr'>ait.</span> <span class='ocrx_word' id='word_1_261' title='bbox 1237 3313 1372 3374; x_wconf 88' lang='lat' dir='ltr'>Meminit</span> 
     </span>
     <span class='ocr_line' id='line_1_29' title="bbox 146 3422 1373 3502; baseline 0 -20"><span class='ocrx_word' id='word_1_262' title='bbox 146 3423 266 3500; x_wconf 89' lang='lat' dir='ltr'>quidem</span> <span class='ocrx_word' id='word_1_263' title='bbox 288 3424 382 3500; x_wconf 85' lang='lat' dir='ltr'>verbi,</span> <span class='ocrx_word' id='word_1_264' title='bbox 406 3425 485 3502; x_wconf 94' lang='lat' dir='ltr'>quod</span> <span class='ocrx_word' id='word_1_265' title='bbox 507 3425 587 3502; x_wconf 89' lang='lat' dir='ltr'>apud</span> <span class='ocrx_word' id='word_1_266' title='bbox 609 3423 766 3484; x_wconf 83' lang='lat' dir='ltr'>deramiam</span> <span class='ocrx_word' id='word_1_267' title='bbox 789 3423 935 3484; x_wconf 87' lang='lat' dir='ltr'>Dominus</span> <span class='ocrx_word' id='word_1_268' title='bbox 958 3422 1157 3483; x_wconf 84' lang='lat' dir='ltr'>misericordia</span> <span class='ocrx_word' id='word_1_269' title='bbox 1179 3440 1234 3482; x_wconf 89' lang='lat' dir='ltr'>sua</span> <span class='ocrx_word' id='word_1_270' title='bbox 1255 3427 1373 3482; x_wconf 84' lang='lat' dir='ltr'>revocat</span> 
     </span>
     <span class='ocr_line' id='line_1_30' title="bbox 146 3529 1373 3607; baseline -0.001 -17"><span class='ocrx_word' id='word_1_271' title='bbox 146 3529 266 3590; x_wconf 85' lang='lat' dir='ltr'>Sionem</span> <span class='ocrx_word' id='word_1_272' title='bbox 284 3531 352 3590; x_wconf 85' lang='lat' dir='ltr'>fidei</span> <span class='ocrx_word' id='word_1_273' title='bbox 376 3531 579 3592; x_wconf 86' lang='lat' dir='ltr'>desertricem:</span> <span class='ocrx_word' id='word_1_274' title='bbox 608 3531 773 3607; x_wconf 83' lang='lat' dir='ltr'>,Fornioata</span> <span class='ocrx_word' id='word_1_275' title='bbox 796 3550 828 3592; x_wconf 89' lang='lat' dir='ltr'>es</span> <span class='ocrx_word' id='word_1_276' title='bbox 846 3549 914 3591; x_wconf 87' lang='lat' dir='ltr'>eum</span> <span class='ocrx_word' id='word_1_277' title='bbox 937 3531 1116 3591; x_wconf 89' lang='lat' dir='ltr'>amatoribus</span> <span class='ocrx_word' id='word_1_278' title='bbox 1134 3529 1250 3606; x_wconf 89' lang='lat' dir='ltr'>multis,</span> <span class='ocrx_word' id='word_1_279' title='bbox 1273 3534 1373 3590; x_wconf 66' lang='lat' dir='ltr'>amen</span> 
     </span>
     <span class='ocr_line' id='line_1_31' title="bbox 146 3637 1372 3717; baseline 0 -20"><span class='ocrx_word' id='word_1_280' title='bbox 146 3643 291 3698; x_wconf 77' lang='lat' dir='ltr'>revertere</span> <span class='ocrx_word' id='word_1_281' title='bbox 313 3639 351 3698; x_wconf 92' lang='lat' dir='ltr'>ad</span> <span class='ocrx_word' id='word_1_282' title='bbox 373 3642 442 3700; x_wconf 88' lang='lat' dir='ltr'>me‘.</span> <span class='ocrx_word' id='word_1_283' title='bbox 487 3639 688 3699; x_wconf 89' lang='lat' dir='ltr'>Nihilominus</span> <span class='ocrx_word' id='word_1_284' title='bbox 711 3639 796 3717; x_wconf 91' lang='lat' dir='ltr'>quasi</span> <span class='ocrx_word' id='word_1_285' title='bbox 817 3639 929 3699; x_wconf 85' lang='lat' dir='ltr'>invitus</span> <span class='ocrx_word' id='word_1_286' title='bbox 952 3638 1134 3700; x_wconf 85' lang='lat' dir='ltr'>misericordi</span> <span class='ocrx_word' id='word_1_287' title='bbox 1153 3638 1216 3698; x_wconf 90' lang='lat' dir='ltr'>Deo</span> <span class='ocrx_word' id='word_1_288' title='bbox 1239 3637 1372 3698; x_wconf 84' lang='lat' dir='ltr'>inexora-</span> 
     </span>
     <span class='ocr_line' id='line_1_32' title="bbox 147 3744 1372 3825; baseline -0.002 -20"><span class='ocrx_word' id='word_1_289' title='bbox 147 3745 235 3806; x_wconf 93' lang='lat' dir='ltr'>bilem</span> <span class='ocrx_word' id='word_1_290' title='bbox 262 3746 374 3824; x_wconf 86' lang='lat' dir='ltr'>Papam</span> <span class='ocrx_word' id='word_1_291' title='bbox 401 3747 570 3824; x_wconf 88' lang='lat' dir='ltr'>praeferens</span> <span class='ocrx_word' id='word_1_292' title='bbox 598 3747 639 3806; x_wconf 87' lang='lat' dir='ltr'>ita</span> <span class='ocrx_word' id='word_1_293' title='bbox 665 3747 810 3808; x_wconf 87' lang='lat' dir='ltr'>disserere</span> <span class='ocrx_word' id='word_1_294' title='bbox 837 3747 947 3825; x_wconf 84' lang='lat' dir='ltr'>pergit:</span> <span class='ocrx_word' id='word_1_295' title='bbox 981 3745 1053 3823; x_wconf 90' lang='lat' dir='ltr'>,Sed</span> <span class='ocrx_word' id='word_1_296' title='bbox 1080 3750 1181 3806; x_wconf 88' lang='lat' dir='ltr'>contra</span> <span class='ocrx_word' id='word_1_297' title='bbox 1208 3751 1266 3822; x_wconf 89' lang='lat' dir='ltr'>est,</span> <span class='ocrx_word' id='word_1_298' title='bbox 1294 3744 1372 3823; x_wconf 89' lang='lat' dir='ltr'>quod</span> 
     </span>
     <span class='ocr_line' id='line_1_33' title="bbox 145 3853 1373 3933; baseline -0.002 -20"><span class='ocrx_word' id='word_1_299' title='bbox 145 3853 307 3914; x_wconf 89' lang='lat' dir='ltr'>Decretalis</span> <span class='ocrx_word' id='word_1_300' title='bbox 336 3855 405 3930; x_wconf 83' lang='lat' dir='ltr'>„Ad</span> <span class='ocrx_word' id='word_1_301' title='bbox 431 3855 626 3916; x_wconf 85' lang='lat' dir='ltr'>abolendum“</span> <span class='ocrx_word' id='word_1_302' title='bbox 654 3854 738 3930; x_wconf 92' lang='lat' dir='ltr'>dicit,</span> <span class='ocrx_word' id='word_1_303' title='bbox 771 3855 848 3932; x_wconf 92' lang='lat' dir='ltr'>quod</span> <span class='ocrx_word' id='word_1_304' title='bbox 881 3854 907 3914; x_wconf 93' lang='lat' dir='ltr'>si</span> <span class='ocrx_word' id='word_1_305' title='bbox 938 3853 1031 3933; x_wconf 89' lang='lat' dir='ltr'>aliqui</span> <span class='ocrx_word' id='word_1_306' title='bbox 1062 3858 1130 3932; x_wconf 91' lang='lat' dir='ltr'>post</span> <span class='ocrx_word' id='word_1_307' title='bbox 1161 3853 1373 3930; x_wconf 86' lang='lat' dir='ltr'>abjurationem</span> 
     </span>
     <span class='ocr_line' id='line_1_34' title="bbox 146 3959 1372 4040; baseline -0.002 -18"><span class='ocrx_word' id='word_1_308' title='bbox 146 3961 251 4022; x_wconf 87' lang='lat' dir='ltr'>erroris</span> <span class='ocrx_word' id='word_1_309' title='bbox 283 3961 459 4040; x_wconf 89' lang='lat' dir='ltr'>deprehensi</span> <span class='ocrx_word' id='word_1_310' title='bbox 487 3962 599 4022; x_wconf 86' lang='lat' dir='ltr'>fuerint</span> <span class='ocrx_word' id='word_1_311' title='bbox 629 3963 662 4022; x_wconf 90' lang='lat' dir='ltr'>in</span> <span class='ocrx_word' id='word_1_312' title='bbox 693 3962 855 4038; x_wconf 81' lang='lat' dir='ltr'>abjuratam</span> <span class='ocrx_word' id='word_1_313' title='bbox 887 3961 1032 4022; x_wconf 89' lang='lat' dir='ltr'>haeresim</span> <span class='ocrx_word' id='word_1_314' title='bbox 1059 3961 1212 4037; x_wconf 88' lang='lat' dir='ltr'>recidisse,</span> <span class='ocrx_word' id='word_1_315' title='bbox 1245 3959 1372 4021; x_wconf 85' lang='lat' dir='ltr'>seculari</span> 
     </span>
     <span class='ocr_line' id='line_1_35' title="bbox 143 4066 1372 4149; baseline -0.001 -21"><span class='ocrx_word' id='word_1_316' title='bbox 143 4069 255 4146; x_wconf 91' lang='lat' dir='ltr'>judicio</span> <span class='ocrx_word' id='word_1_317' title='bbox 274 4075 344 4130; x_wconf 91' lang='lat' dir='ltr'>sunt</span> <span class='ocrx_word' id='word_1_318' title='bbox 361 4071 557 4149; x_wconf 89' lang='lat' dir='ltr'>relinquendi.</span> <span class='ocrx_word' id='word_1_319' title='bbox 602 4070 669 4130; x_wconf 92' lang='lat' dir='ltr'>Non</span> <span class='ocrx_word' id='word_1_320' title='bbox 688 4088 757 4146; x_wconf 87' lang='lat' dir='ltr'>ergo</span> <span class='ocrx_word' id='word_1_321' title='bbox 778 4070 815 4130; x_wconf 90' lang='lat' dir='ltr'>ab</span> <span class='ocrx_word' id='word_1_322' title='bbox 833 4069 957 4130; x_wconf 86' lang='lat' dir='ltr'>ecclesia</span> <span class='ocrx_word' id='word_1_323' title='bbox 979 4073 1050 4128; x_wconf 89' lang='lat' dir='ltr'>sunt</span> <span class='ocrx_word' id='word_1_324' title='bbox 1067 4069 1249 4146; x_wconf 89' lang='lat' dir='ltr'>recipiendi‘.</span> <span class='ocrx_word' id='word_1_325' title='bbox 1296 4066 1372 4144; x_wconf 79' lang='lat' dir='ltr'>Sup</span> 
     </span>
     <span class='ocr_line' id='line_1_36' title="bbox 145 4175 1372 4256; baseline -0.001 -20"><span class='ocrx_word' id='word_1_326' title='bbox 145 4177 290 4255; x_wconf 88' lang='lat' dir='ltr'>plandum</span> <span class='ocrx_word' id='word_1_327' title='bbox 316 4181 423 4239; x_wconf 85' lang='lat' dir='ltr'>estex</span> <span class='ocrx_word' id='word_1_328' title='bbox 449 4183 549 4239; x_wconf 90' lang='lat' dir='ltr'>mente</span> <span class='ocrx_word' id='word_1_329' title='bbox 570 4179 660 4256; x_wconf 85' lang='lat' dir='ltr'>legis,</span> <span class='ocrx_word' id='word_1_330' title='bbox 689 4177 835 4238; x_wconf 89' lang='lat' dir='ltr'>seculares</span> <span class='ocrx_word' id='word_1_331' title='bbox 857 4177 1060 4254; x_wconf 79' lang='lat' dir='ltr'>magistratus,</span> <span class='ocrx_word' id='word_1_332' title='bbox 1086 4176 1146 4236; x_wconf 90' lang='lat' dir='ltr'>nisi</span> <span class='ocrx_word' id='word_1_333' title='bbox 1168 4175 1287 4236; x_wconf 77' lang='lat' dir='ltr'>relictos</span> <span class='ocrx_word' id='word_1_334' title='bbox 1315 4175 1372 4235; x_wconf 91' lang='lat' dir='ltr'>sibi</span> 
     </span>
     <span class='ocr_line' id='line_1_37' title="bbox 146 4283 1202 4364; baseline 0 -20"><span class='ocrx_word' id='word_1_335' title='bbox 146 4285 308 4346; x_wconf 86' lang='lat' dir='ltr'>haereticos</span> <span class='ocrx_word' id='word_1_336' title='bbox 331 4286 522 4362; x_wconf 76' lang='lat' dir='ltr'>interficiant,</span> <span class='ocrx_word' id='word_1_337' title='bbox 545 4287 628 4364; x_wconf 89' lang='lat' dir='ltr'>ipsos</span> <span class='ocrx_word' id='word_1_338' title='bbox 650 4284 946 4346; x_wconf 86' lang='lat' dir='ltr'>excommunicationi</span> <span class='ocrx_word' id='word_1_339' title='bbox 969 4284 1111 4346; x_wconf 85' lang='lat' dir='ltr'>obnoxios</span> <span class='ocrx_word' id='word_1_340' title='bbox 1133 4283 1202 4344; x_wconf 86' lang='lat' dir='ltr'>fore.</span> 
     </span>
    </p>
   </div>
   <div class='ocr_carea' id='block_1_3' title="bbox 253 4531 1145 4696">
    <p class='ocr_par' dir='ltr' id='par_1_3' title="bbox 253 4531 1145 4696">
     <span class='ocr_line' id='line_1_38' title="bbox 254 4531 547 4602; baseline 0 -16"><span class='ocrx_word' id='word_1_341' title='bbox 254 4534 281 4602; x_wconf 94' lang='lat'>1)</span> <span class='ocrx_word' id='word_1_342' title='bbox 299 4531 401 4587; x_wconf 92' lang='lat' dir='ltr'>Ibidem</span> <span class='ocrx_word' id='word_1_343' title='bbox 419 4549 444 4602; x_wconf 94' lang='lat' dir='ltr'>p.</span> <span class='ocrx_word' id='word_1_344' title='bbox 460 4532 510 4588; x_wconf 77' lang='lat'>257</span> <span class='ocrx_word' id='word_1_345' title='bbox 526 4549 547 4588; x_wconf 87' lang='lat' dir='ltr'>s.</span> 
     </span>
     <span class='ocr_line' id='line_1_39' title="bbox 253 4618 1145 4696; baseline -0.004 -19"><span class='ocrx_word' id='word_1_346' title='bbox 253 4622 281 4694; x_wconf 85' lang='lat'>2)</span> <span class='ocrx_word' id='word_1_347' title='bbox 300 4621 411 4679; x_wconf 84' lang='lat' dir='ltr'>Summa</span> <span class='ocrx_word' id='word_1_348' title='bbox 428 4621 507 4678; x_wconf 89' lang='lat' dir='ltr'>theol.</span> <span class='ocrx_word' id='word_1_349' title='bbox 526 4621 566 4694; x_wconf 77' lang='grc' dir='ltr'>Π,</span> <span class='ocrx_word' id='word_1_350' title='bbox 586 4623 603 4676; x_wconf 87' lang='grc'><strong>2</strong></span> <span class='ocrx_word' id='word_1_351' title='bbox 622 4639 647 4696; x_wconf 89' lang='lat' dir='ltr'>q.</span> <span class='ocrx_word' id='word_1_352' title='bbox 666 4621 702 4677; x_wconf 84' lang='lat' dir='ltr'>X.</span> <span class='ocrx_word' id='word_1_353' title='bbox 722 4623 770 4676; x_wconf 84' lang='lat' dir='ltr'>art.</span> <span class='ocrx_word' id='word_1_354' title='bbox 789 4620 819 4692; x_wconf 85' lang='lat'>8,</span> <span class='ocrx_word' id='word_1_355' title='bbox 839 4621 864 4676; x_wconf 87' lang='lat'>9.</span> <span class='ocrx_word' id='word_1_356' title='bbox 901 4620 950 4676; x_wconf 84' lang='lat' dir='ltr'>XI.</span> <span class='ocrx_word' id='word_1_357' title='bbox 969 4622 1019 4675; x_wconf 84' lang='lat' dir='ltr'>art</span> <span class='ocrx_word' id='word_1_358' title='bbox 1039 4621 1056 4674; x_wconf 85' lang='grc'>3</span> <span class='ocrx_word' id='word_1_359' title='bbox 1074 4620 1102 4675; x_wconf 90' lang='lat' dir='ltr'>ot</span> <span class='ocrx_word' id='word_1_360' title='bbox 1120 4618 1145 4673; x_wconf 78' lang='lat'>4.</span> 
     </span>
    </p>
   </div>
   <div class='ocr_carea' id='block_1_4' title="bbox 0 0 1606 5042">
    <p class='ocr_par' dir='ltr' id='par_1_4' title="bbox 0 0 1606 5042">
     <span class='ocr_line' id='line_1_40' title="bbox 0 0 1606 5042; baseline 0 0"><span class='ocrx_word' id='word_1_361' title='bbox 0 0 1606 5042; x_wconf 95' lang='lat' dir='ltr'> </span> 
     </span>
    </p>
   </div>
  </div>
 </body>
</html>
