3156 5056
235 305 287 362 180
718 313 820 365 Pnarrs
839 313 956 364 Paronrs

233 523 390 584 delicorum
417 527 611 598 morarentur,
642 529 707 598 post
739 525 891 598 prandium
924 541 955 583 se
983 524 1121 584 obtulisse
1136 525 1279 586 'larvatos
1309 525 1447 600 quosdam

232 627 360 688 fabulam
382 632 498 688 acturos
519 627 715 700 admissusque
734 609 822 687 ¹facile
846 645 919 688 esse.
964 627 1045 688 Tunc
1062 629 1173 702 primus
1194 629 1225 688 in
1244 645 1361 689 scenam
1380 645 1448 703 pro·

204 737 206 742 '
232 733 322 792 cessit
347 731 451 806 aliquis
480 731 597 808 babitu,
630 748 686 806 quo
713 733 812 790 ornari
834 733 966 792 doctores
989 733 1134 808 solebant,
1157 735 1287 808 vestitus,
1309 731 1407 793 ferens
1427 749 1447 792 a

232 842 315 912 tergo
343 853 449 896 nomeu
471 835 628 916 Gapnionis
657 836 782 896 schedae
810 837 987 910 inscriptum.
1037 838 1177 898 Portabat
1203 839 1251 897 hic
1277 836 1447 897 fasciculum

233 943 392 1017 lignorum,
414 941 521 1015 partim
542 946 686 1000 rectorum
708 942 813 1014 partim
837 957 1000 1018 carrorum,
1029 959 1121 1017 eoque
1139 944 1171 1002 in
1194 943 1319 1004 medium
1340 944 1447 1002 atrium

233 1047 312 1106 nullo
343 1047 445 1106 ordine
469 1045 599 1120 proiecto
622 1043 701 1106 abiit.
747 1045 831 1104 Hunc
854 1047 969 1120 excepit
991 1046 1079 1122 alius,
1102 1047 1217 1107 Erasmi
1239 1048 1355 1106 nornine
1377 1047 1448 1106 insi·

233 1151 331 1226 gnitus
353 1149 592 1224 convenientique
616 1149 739 1225 clerico,
766 1167 852 1224 quem
874 1155 993 1225 vocant,
1022 1151 1128 1210 vestitu
1149 1151 1275 1226 indutus,
1298 1152 1347 1225 qni
1370 1167 1447 1210 oom-

231 1273 341 1330 ponere
368 1256 463 1330 ligna,
490 1271 579 1316 curva
600 1255 689 1314 rectis
713 1269 875 1329 exaequare
898 1253 946 1314 diu
966 1256 1144 1330 multumque
1168 1261 1299 1330 conatus,
1328 1255 1446 1315 tandem

233 1361 283 1419 ubi
305 1360 419 1420 irritum
440 1359 521 1419 videt
541 1359 685 1434 laborem,
712 1364 798 1433 caput
820 1359 961 1418 iratorum
983 1375 1063 1418 more
1086 1359 1236 1435 quatiens,
1258 1361 1355 1420 animo
1377 1360 1445 1419 inde

232 1465 356 1524 recessit
377 1470 526 1524 commoto.
572 1463 688 1522 Tertius
699 1463 831 1522 monachi
851 1463 1014 1537 praebebat
1028 1465 1169 1539 speciem,
1192 1469 1309 1524 notatus
1323 1464 1446 1524 Lutheri

233 1568 364 1642 nomine,
382 1569 432 1640 qui
455 1568 592 1628 ardentes
614 1583 722 1641 prunas
744 1568 880 1640 portabat
902 1583 936 1625 ac
959 1566 1082 1627 distorta
1102 1568 1154 1628 illa
1175 1567 1255 1642 ligna
1275 1568 1446 1628 comburere

232 1673 320 1746 inque
351 1671 466 1731 cineres
494 1671 629 1744 redigere
650 1670 817 1730 laborabat:
845 1687 920 1744 qnae
941 1675 1093 1746 postquam
1114 1671 1257 1732 flammam
1279 1673 1447 1746 concepisse

234 1777 395 1852 conspexit,
418 1775 511 1835 subito
534 1791 599 1835 sese
623 1774 766 1834 subduxit
800 1773 872 1834 lnde
885 1773 993 1850 prodiit
1005 1775 1121 1849 qnidam
1133 1775 1234 1836 habitu
1246 1777 1447 1852 Imperatorio,

234 1883 283 1955 qui
304 1897 389 1955 quum
412 1859 511 1954 ignom
532 1879 651 1954 depasci
673 1878 796 1956 distorta
817 1879 868 1938 illa
890 1879 969 1955 ligna
991 1878 1119 1954 videret,
1141 1881 1242 1940 stricto
1264 1880 1361 1954 gladio
1383 1882 1447 1954 ejus

233 1985 290 2044 rim
310 1991 444 2046 avertere
466 1984 613 2059 tenebat,
646 1999 703 2057 quo
732 1984 824 2058 magis
849 1988 946 2042 autem
972 1983 1068 2059 gladio
1092 1981 1222 2043 fodiebat
1244 1982 1464 2065 vel-feriebat„

233 2106 269 2149 eo
292 2091 384 2166 magis
399 2087 514 2148 flamma
536 2088 742 2163 invalescebat,
764 2093 796 2146 nt
818 2087 880 2161 ipso
902 2086 1020 2146 mudum
1043 2087 1135 2146 iratus
1148 2103 1184 2147 ac
1198 2085 1354 2148 furibundo
1368 2089 1447 2147 sinri-

233 2194 269 2253 lis
293 2193 457 2254 recederet.
501 2193 635 2266 Denique
659 2197 689 2252 et
700 2191 781 2266 Papa
802 2207 834 2252 se
857 2191 965 2266 intulit,
988 2191 1095 2251 Leonis
1106 2191 1141 2250 X.
1164 2193 1248 2251 titulo
1270 2195 1389 2267 atergo
1403 2194 1447 2250 in·

233 2298 330 2374 signis,
346 2298 395 2371 qni
410 2297 612 2376 complosiser
625 2300 737 2355 terrore
752 2295 884 2354 manibus
898 2295 1091 2370 circumspicit
1102 2295 1178 2355 malo
1191 2295 1328 2371 remedia,
1343 2293 1448 2369 quibus

233 2401 330 2475 ignem
359 2402 469 2475 sopiat:
500 2417 566 2459 mox
594 2399 707 2460 eminus
729 2399 801 2458 duas
830 2399 1012 2473 conspicatus
1034 2401 1200 2474 amphoras,
1231 2400 1295 2459 oleo
1316 2400 1447 2474 alteram,

233 2506 355 2564 alteram
386 2521 461 2578 aqua
486 2503 629 2578 repletas,
653 2503 786 2562 incautus
809 2508 839 2562 et
862 2504 971 2562 amenti
991 2503 1092 2564 similis
1114 2503 1200 2562 irruit
1221 2503 1259 2564 ad
1282 2503 1448 2578 amphoram

232 2608 297 2669 oleo
319 2609 434 2681 plenam
456 2623 577 2680 eamque
601 2612 747 2680 arreptam
767 2607 829 2681 igni
851 2605 988 2682 affundit;
1010 2607 1086 2666 unde
1109 2605 1224 2667 flamma
1239 2609 1317 2668 vires
1332 2624 1448 2667 sumens

232 2711 320 2771 latius
350 2727 382 2770 se
410 2710 559 2784 diffundit,
579 2709 667 2780 ‚adeo
694 2715 727 2768 ut
752 2712 815 2784 eJus
844 2710 983 2772 violentia
1020 2715 1138 2771 mactus
1164 2710 1262 2787 fugam
1292 2727 1446 2786 capessere

233 2815 376 2875 debuerit.
421 2815 474 2874 His
502 2813 631 2888 peractis
659 2830 745 2874 nemo
772 2815 849 2873 ultra
875 2816 1043 2888 comparuit
1088 2815 1177 2875 Jubet
1204 2815 1313 2876 Caesar
1341 2816 1449 2888 inquiri

232 2919 263 2978 in
287 2918 404 2979 fabulae
427 2923 542 2978 actores
562 2923 768 2993 auctoresque,
787 2918 839 2977 sed
860 2918 903 2976 illi
925 2917 994 2993 fuga
1016 2919 1072 2977 sibi
1087 2920 1308 2994 consuluerant,
1331 2937 1449 2993 ,parum

232 3024 280 3084 vel
307 3022 345 3085 de
372 3023 468 3098 gratia
495 3022 542 3083 vel
564 3022 601 3082 de
624 3023 752 3097 praemio
774 3023 907 3097 solliciti,
933 3027 1085 3096 postquam
1107 3022 1137 3082 id
1159 3023 1236 3096 qnod
1257 3039 1305 3082 res
1324 2999 1390 3082 erat
1411 3024 1449 3082 ob

231 3130 328 3188 oculos
356 3128 520 3204 posuissent
550 3143 585 3188 ac
618 3127 687 3202 quid
720 3126 866 3186 hominum
903 3126 1131 3187 machinationes
1162 3131 1264 3187 contra
1295 3127 1450 3186 veritatem

231 3233 378 3308 valerent,
402 3231 605 3294 edocuissent‘

338 3338 481 3410 Quidnam
503 3353 572 3398 vero
598 3335 635 3396 de
664 3337 728 3412 ipsa
758 3336 810 3395 illa
836 3335 948 3410 ingenti
976 3349 1062 3410 qnam
1093 3335 1215 3396 dirimm
1236 3353 1333 3396 rerum
1356 3343 1450 3397 mutu-

231 3439 326 3514 tione,
349 3455 367 3498 a
389 3437 547 3500 Germania
569 3439 716 3516 profecte,
739 3440 821 3498 multi
839 3439 1079 3512 praestantissimi
1101 3440 1231 3514 ejusdem
1250 3440 1342 3499 seculi
1358 3441 1450 3500 homi·

232 3559 285 3602 nes
304 3543 393 3603 etiam
413 3543 490 3616 apud
514 3548 629 3604 exteros
651 3544 812 3618 senserint,
840 3543 870 3602 id
892 3549 925 3602 ut
947 3542 1111 3620 ostendam,
1129 3561 1217 3602 unurn
1238 3544 1449 3604 nobilissimum

231 3651 338 3706 testem
363 3645 506 3706 adducere
537 3652 582 3706 sat
610 3651 668 3722 est,
700 3647 865 3722 Philippum
888 3646 1059 3708 Momaeum
1087 3647 1326 3724 Francogallnm,
1355 3649 1449 3707 virum

232 3757 263 3811 ot
291 3751 322 3810 in
345 3750 459 3811 bellicis
483 3750 672 3825 civilibusque
693 3752 822 3826 negociis
845 3757 875 3812 et
896 3752 926 3812 in
947 3753 1051 3814 litteris
1074 3754 1192 3827 egregie
1216 3751 1448 3826 multimodisque

231 3847 395 3931 uersatum,
423 3860 544 3931 propter
563 3855 738 3930 probitatem
761 3855 909 3917 laudatum
924 3863 962 3916 et
983 3857 1021 3917 ab
1048 3857 1242 3918 infestissimis
1265 3857 1449 3917 adversariis

231 3961 286 4034 Qui
306 3962 338 4020 in
358 3960 431 4021 libro
455 3977 540 4035 quem
563 3961 678 4036 scripsit
700 3961 737 4022 de
753 3961 875 4021 historia
897 3967 1036 4036 papatus,
1059 3967 1212 4036 postquam
1228 3961 1356 4035 ejusden
1373 3963 1450 4022 blas·

230 4065 374 4142 phemam,
396 4082 483 4140 quam
496 4065 626 4126 breviter
648 4067 806 4140 attigimus,
829 4065 992 4140 superbiam
1005 4065 1058 4124 sub
1070 4065 1171 4127 Leone
1185 4065 1221 4126 X.
1234 4065 1450 4148 manifestatam

230 4167 321 4228 fusius
333 4167 487 4245 descripsit
499 4174 531 4229 et
543 4169 757 4230 demonstravit.
781 4169 859 4246 ,Hoc
872 4169 1020 4246 tempore,‘
1043 4169 1147 4245 inquit,
1170 4169 1451 4246 ,Martinuslrutbe

230 4289 291 4349 rus,
300 4279 379 4350 post
400 4275 505 4334 multos
528 4273 602 4334 alios
615 4273 858 4350 blasphemiarum
874 4277 965 4334 totam
979 4273 1127 4349 Europam
1142 4275 1342 4335 inundantium
1357 4275 1450 4347 impa-

230 4377 321 4450 tiens,
342 4379 374 4436 iu
390 4378 547 4438 Germania
570 4382 672 4438 contra
686 4395 792 4454 papam
806 4378 943 4452 erumpit:
966 4376 1195 4452 Augustinianus
1215 4379 1265 4439 ille
1281 4378 1451 4458 monachus,

230 4479 394 4556 theologiae
421 4481 539 4556 doctor,
568 4481 669 4542 humili
687 4481 751 4542 loco
772 4487 877 4557 natus,
908 4482 1013 4554 nullius
1036 4484 1231 4558 auctoritatis,
1254 4483 1283 4542 in
1312 4483 1452 4542 esbernis

228 4583 328 4672 muudi
351 4584 424 4661 oris,
446 4585 548 4659 paucis
573 4583 703 4662 ejusdem
725 4585 902 4646 condicionis
922 4585 1086 4665 sodalibus,
1109 4588 1210 4648 eodem
1234 4588 1296 4648 zelo
1318 4586 1452 4664 percitis,
