3202 5058
260 322 294 378 18
740 325 842 378 Paarvs
860 323 975 378 Paionia

198 537 199 542 ’
257 559 328 618 que,
349 547 383 601 nt
404 543 446 601 ait
466 541 626 616 propheta,
648 541 730 615 parvi
751 541 828 599 initii
850 542 913 600 dies
935 559 993 601 non
1015 543 1197 616 spernendae
1217 549 1294 605 sunt.
1339 543 1472 601 Deerant

257 649 402 721 hucusque
430 645 687 706 Palaeocatholicis
717 646 792 704 tales
823 647 933 719 ingenii
963 649 1056 722 vires,
1085 663 1161 721 quae
1190 649 1228 708 ad
1257 647 1423 726 excitandos
1451 663 1469 706 e

256 769 355 812 somno
384 767 482 810 omnes
509 752 623 810 sincere
645 749 824 808 Christianos
845 749 955 810 Romae
982 752 1127 824 subjectos
1155 749 1335 812 sufficerent:
1368 767 1469 811 verum

256 857 336 916 Deus
364 855 506 929 praebere
536 871 587 914 eas
608 871 660 913 suo
690 860 820 927 tempore
845 861 947 928 potest.
992 856 1124 930 Namque
1147 859 1210 931 jam
1240 856 1324 916 adest
1352 858 1410 916 illis
1433 873 1472 916 ea

257 963 346 1020 animi
375 962 432 1036 vis,
458 976 532 1034 quae
560 976 628 1019 vere
659 959 757 1018 diviua
776 963 808 1018 et
827 977 924 1018 coram
946 961 1010 1020 Deo
1032 963 1157 1020 maxima
1179 967 1239 1036 est,
1267 964 1382 1022 sincera
1403 977 1472 1020 con-

256 1068 379 1126 scientia
409 1066 575 1124 christiane.
619 1064 712 1136 Hujus
735 1065 763 1122 vi
784 1079 820 1122 ac
841 1065 949 1124 mrtute
968 1083 1063 1139 neque
1092 1067 1160 1126 solis
1185 1067 1306 1126 eruditis
1328 1067 1472 1141 opinioni·

256 1173 310 1232 bus
353 1171 451 1232 eximii
482 1169 538 1228 viri
577 1168 621 1226 illi
654 1167 841 1228 eruditissimi
880 1169 918 1228 ad
961 1171 1154 1230 resistendum
1188 1171 1359 1230 exuberanti
1391 1170 1472 1230 sedis

256 1276 403 1336 Romanae
424 1274 609 1348 arrogantiae
633 1273 720 1332 exciti
741 1279 771 1330 st
793 1275 916 1346 promoti
931 1279 1013 1349 saut,
1035 1281 1156 1349 propter
1173 1292 1245 1348 quos
1262 1275 1472 1334 Palaeocatho-

256 1382 357 1440 liciat
379 1378 573 1453 professorum
595 1376 773 1452 quorundam
791 1393 931 1451 sequaces
954 1395 973 1437 a
994 1381 1091 1439 multis
1113 1381 1357 1454 perstringuntur.
1389 1379 1470 1438 Ean·

257 1487 323 1545 dem
342 1483 536 1543 conscientiae
558 1483 615 1542 vim
637 1484 726 1542 etiam
749 1483 780 1541 in
802 1483 899 1542 multis
921 1483 1020 1556 probis
1035 1485 1103 1542 viris
1119 1484 1244 1543 indoctis
1258 1501 1290 1543 se
1306 1484 1470 1544 exseruisse

256 1589 398 1662 videmus,
429 1587 552 1647 eandem
575 1587 663 1646 etiam
684 1589 715 1646 in
736 1587 873 1661 piissimis
896 1593 926 1647 et
947 1589 1111 1648 lectissimis
1132 1587 1263 1662 leminis,
1286 1605 1361 1662 quae
1383 1604 1470 1662 prae·

256 1695 342 1754 claris
364 1693 495 1752 cariath
517 1690 653 1765 operibus
676 1697 720 1750 tot
738 1691 884 1750 hominum
900 1693 1003 1752 animis
1019 1694 1202 1768 perlongum
1219 1698 1333 1766 tempus
1356 1710 1388 1752 se
1403 1709 1470 1766 pro-

255 1801 404 1859 baverant.
433 1797 514 1868 Quae
536 1801 600 1870 post
621 1796 786 1855 introducta
808 1813 882 1856 nova
903 1796 1038 1870 dogmata
1051 1799 1178 1858 libenter
1192 1797 1309 1871 quidem
1323 1803 1356 1856 ut
1369 1798 1470 1856 mulie·

255 1921 303 1963 res
318 1904 489 1976 munissent,
509 1901 562 1961 sed
584 1901 758 1974 postulatam
781 1901 818 1960 ab
839 1903 876 1960 iis
897 1919 989 1962 novae
1006 1901 1087 1978 fidei,
1110 1919 1196 1976 qnam
1219 1918 1364 1976 nunqnam
1381 1909 1468 1962 antea

255 2009 359 2068 doctae
380 2013 481 2082 erant,
503 2006 673 2065 mendacem
693 2006 902 2066 confessionem
924 2013 1140 2069 recusaverunt.
1185 2008 1233 2067 Sic
1247 2007 1368 2066 Parisiis
1383 2023 1467 2080 prae-

255 2113 335 2174 lecta
356 2111 573 2187 congregationi
589 2109 714 2170 Sanctae
730 2111 865 2171 Marthae
889 2111 1067 2170 carissimum
1088 2128 1191 2171 munus
1214 2112 1361 2186 deponere
1383 2128 1467 2184 quam

254 2219 373 2280 mentiri
404 2217 521 2291 maluit3
553 2218 595 2276 sic
616 2217 735 2275 bonnae
764 2215 915 2290 praelecta
937 2218 1035 2278 Sancti
1057 2217 1178 2276 Joannis
1199 2218 1383 2291 nosocomio,
1409 2233 1467 2275 non

254 2325 349 2383 minus
380 2322 498 2395 ingenio
521 2337 606 2394 quam
630 2321 821 2380 sanctimonia
842 2322 979 2396 insignis,
1009 2321 1091 2396 odia,
1114 2323 1300 2396 vexationes,
1323 2327 1466 2380 contume-

254 2429 310 2487 lias
337 2443 428 2500 usque
454 2426 492 2485 ad
515 2431 637 2484 mortem
662 2429 782 2498 propter
805 2424 949 2484 Christum
972 2427 1114 2487 toleravit.
1159 2426 1206 2485 Ad
1227 2442 1313 2499 quam
1332 2427 1466 2499 egregius

253 2531 371 2606 quidam
393 2531 516 2602 scriptor
530 2528 738 2602 Francogallus
749 2528 874 2588 Pascalii
893 2530 983 2589 verba
1003 2532 1168 2590 transtulit:
1190 2531 1324 2606 ‚Quando
1339 2531 1464 2604 episcopi

254 2635 435 2694 muliebriter
458 2633 603 2692 animatae
626 2638 701 2706 sunt,
722 2635 875 2692 mulierum
897 2635 954 2693 erit
973 2635 1173 2708 episcoporum
1188 2636 1300 2694 animos
1315 2633 1464 2695 habere.‘¹

255 2741 343 2798 Tales
365 2738 497 2797 veritatis
518 2741 623 2812 testes,
647 2738 761 2796 etiamsi
782 2740 957 2814 moriuntur,
981 2741 1107 2798 omnium
1128 2755 1330 2814 oppressorum
1350 2755 1465 2798 snorum

254 2844 425 2918 superstites
453 2847 546 2901 erant.
590 2841 670 2901 Dens
693 2839 804 2902 arbiter
834 2845 996 2903 seculorum
1015 2845 1131 2918 saepius
1153 2845 1287 2918 praevios
1310 2845 1465 2904 monitores

254 2950 327 3009 alios
359 2953 424 3022 post
448 2948 521 3006 alios
547 2947 648 3021 mittit,
676 2953 721 3022 nt,
749 2965 806 3022 qno
835 2953 965 3022 tempore
996 2949 1146 3008 consilium
1170 2965 1253 3007 suum
1275 2946 1375 3021 perfici
1396 2949 1465 3024 vult,

253 3050 491 3112 reviviscentibus
518 3051 705 3124 inopinanter
733 3052 859 3112 omnium
893 3053 1009 3111 illorum
1036 3052 1155 3111 vocibus
1183 3053 1272 3111 animi
1301 3053 1465 3111 mortalium

254 3143 399 3232 exlongo
423 3163 540 3230 torpore
564 3157 739 3218 excitentur.

340 3263 438 3322 Etiam
461 3263 539 3322 inter
562 3277 628 3336 eos,
653 3263 702 3335 qui
725 3261 875 3321 Vaticanis
899 3260 1025 3320 decretis
1048 3279 1079 3321 se
1102 3263 1245 3335 subjicere
1267 3262 1383 3335 pietatis
1405 3259 1465 3320 offl-

254 3369 328 3426 cium
347 3369 527 3440 hahuerunt,
551 3367 662 3440 plnres,
683 3382 769 3438 quam
792 3367 856 3439 quia
880 3367 1108 3441 exspectaverit,
1131 3367 1188 3426 vim
1210 3368 1336 3440 aliquam
1355 3367 1465 3440 veri‚a

253 3476 338 3544 parte
354 3471 670 3529 Palaescatholicorum
693 3471 813 3544 stantis,
836 3471 919 3529 iuviti
941 3471 1079 3530 sentiunt.
1124 3471 1170 3529 Ex
1189 3473 1317 3546 ipsorum
1339 3488 1391 3530 ore
1412 3471 1464 3528 all·

253 3577 332 3649 quis,
365 3575 451 3632 sicuti
472 3573 667 3632 Tertullianus
701 3591 737 3633 ex
769 3591 820 3633 ore
853 3576 1022 3649 gentilium,
1055 3577 1138 3648 quasi
1160 3577 1327 3635 testimonia
1352 3576 1464 3634 animae

254 3680 426 3738 naturaliter
452 3679 629 3736 christianae
652 3679 790 3752 colligere
812 3681 912 3752 possit.
956 3679 1047 3738 Immo
1074 3680 1121 3738 hic
1151 3686 1183 3738 nt
1213 3681 1286 3738 alias
1304 3679 1380 3738 haud
1398 3695 1464 3737 raro

253 3785 343 3844 etiam
365 3783 510 3841 simulatio
537 3798 667 3856 pressam
694 3783 900 3842 conscientiam
921 3785 1025 3857 prodit.
1070 3784 1119 3844 Sic
1140 3801 1227 3858 quum
1249 3785 1465 3844 Aurelianensis

252 3890 404 3964 episcopus
426 3903 545 3946 saevum
567 3887 710 3961 syllabam
729 3885 811 3946 illum
833 3890 967 3962 papalem
982 3889 1108 3963 benigne
1123 3890 1311 3962 interpretari
1333 3889 1465 3963 tentavit,

252 4011 370 4054 servare
395 3994 458 4052 sina
485 3991 573 4050 dubio
595 3997 627 4051 et
656 3993 859 4052 auctoritatem
888 3993 1021 4068 papalem
1052 3997 1083 4052 et
1104 3993 1291 4052 christianam
1314 3995 1466 4053 veritatem

253 4098 350 4156 voluit.
394 4096 478 4168 Quod
496 4096 757 4156 Montalembertus
784 4115 836 4158 suo
853 4101 921 4174 jure
943 4099 1120 4171 singularem
1142 4098 1296 4157 simulandi
1318 4101 1350 4156 et
1371 4097 1465 4156 occul·

251 4200 333 4259 tandi
363 4201 456 4259 lusum
487 4202 609 4261 vocavit.
665 4203 755 4262 Paulo
787 4211 854 4278 post
886 4204 1009 4263 Romani
1040 4203 1220 4262 Jesuitarum
1257 4201 1465 4275 commentarii,

251 4305 416 4380 ‚civilitatis
436 4305 610 4366 catholicae‘
633 4309 716 4367 titulo
737 4307 854 4383 famosi,
875 4309 973 4382 Papae
997 4307 1112 4366 nomine
1136 4308 1315 4367 sollemniter
1335 4305 1466 4366 declara·

342 4477 365 4540 1)
385 4475 414 4525 G.
434 4474 539 4524 Valbsrt
561 4475 601 4524 in:
629 4477 715 4526 Revua
735 4475 778 4525 des
801 4475 865 4524 deux
888 4475 992 4526 mendae
1011 4479 1078 4525 tome
1097 4473 1159 4526 XLI
1185 4491 1211 4538 p.
1231 4479 1280 4525 707
1302 4473 1384 4540 („uns
1404 4473 1466 4524 reli-

250 4562 338 4627 gieuse
357 4561 590 4626 excommuniee“):
610 4563 700 4618 Quand
717 4563 755 4613 les
773 4561 882 4627 dvdques
901 4569 945 4612 ont
963 4561 1006 4612 des
1025 4577 1148 4626 courages
1163 4560 1193 4610 de
1205 4560 1322 4624 lemures,
1341 4561 1402 4610 c'est
1415 4577 1466 4611 aux

249 4649 353 4702 femmas
373 4648 470 4700 d'avoir
488 4648 532 4697 des
550 4664 674 4714 courugoa
690 4649 829 4716 d'dviquas.
