3194 5042
758 290 845 344 Cnror
864 291 925 370 vlu

227 501 398 575 praesentes
421 496 522 556 turbas
545 494 610 554 sine
633 493 695 553 ulla
717 493 871 568 ecclesiae,
900 493 1018 568 Curiae,
1047 492 1208 553 Sacerdotii
1230 492 1319 570 culpa
1341 512 1359 552 a
1382 493 1454 552 ciri-

228 609 288 664 tate
314 609 424 664 temere
456 603 599 662 excitatas
626 619 705 676 esse,
737 605 828 661 totam
857 601 1018 660 orationem
1044 605 1173 660 vestram
1205 600 1453 660 accommodastis.

229 711 325 786 Quare
346 711 477 770 indubiis
500 709 625 787 eloquiis
648 708 873 786 manifestisque
896 709 983 768 factis
1005 708 1113 768 vestris
1136 708 1227 767 nimus
1249 707 1347 768 dicere
1364 709 1454 784 potui,

228 819 390 878 inauditam
420 823 507 876 antea
534 818 566 876 in
593 821 674 876 tanto
702 816 825 904 collegio
857 819 969 875 tautam
996 815 1183 892 pervertendi
1210 815 1273 874 veri
1305 815 1453 874 audaciam

229 927 336 1003 fuisse3
360 925 449 984 etiarn
472 924 636 998 Helelium,
657 925 719 1000 jam
742 942 795 1000 per
817 941 929 982 aunum
951 923 1050 982 animo
1073 923 1212 998 fractum,
1235 923 1346 982 aeterni
1369 922 1456 981 dede-

229 1035 306 1094 coris
338 1037 528 1092 monnmento
554 1049 662 1091 nomen
694 1030 925 1091 subscribentem
952 1049 991 1090 ne
1022 1031 1177 1090 erubuisse
1203 1030 1323 1108 quidem
1354 1030 1456 1089 rideri.

230 1141 311 1200 Haeo
338 1139 436 1200 omnia
467 1157 547 1198 nunc
574 1142 682 1216 repeto.
733 1137 766 1198 Si
792 1138 970 1215 respondere
997 1138 1135 1215 potestis,
1164 1137 1348 1214 respondete.
1400 1137 1457 1198 Sed

230 1248 275 1307 nil
298 1252 421 1308 sancet
444 1247 654 1324 probamenta
676 1245 853 1324 respondere
876 1246 1018 1323 poteritis.

338 1355 426 1414 Haud
448 1355 557 1413 mirum
576 1353 654 1431 quod
677 1353 767 1413 iidem
790 1353 922 1430 episcopi
944 1353 1033 1413 etiam
1055 1352 1123 1412 aliis
1145 1352 1178 1411 in
1199 1353 1289 1413 rebus
1306 1353 1388 1412 haud
1409 1353 1458 1412 ad-

231 1463 351 1522 modum
378 1461 439 1522 veri
467 1461 598 1521 curiosos
622 1479 655 1520 se
681 1461 887 1538 praebuerunt.
933 1460 983 1520 Sic
1010 1461 1082 1519 dum
1104 1461 1288 1537 importrmas
1316 1460 1458 1538 quasdam

231 1569 547 1629 Palaeocatholicorum
571 1569 746 1642 sententias,
774 1572 860 1627 antea
882 1569 918 1628 ab
946 1568 1077 1645 ipsorum
1102 1567 1238 1645 pluribus
1260 1573 1321 1627 tarn
1345 1569 1461 1626 fortiter
1574 1616 1580 1637 ,

231 1678 381 1752 defensas,
406 1677 469 1752 jam
496 1695 556 1735 non
583 1675 761 1735 refellendas
789 1675 909 1753 quidem
932 1676 984 1735 sed
1012 1674 1230 1750 deformandas,
1258 1675 1461 1734 excommnni-

232 1785 354 1858 candas,
386 1783 528 1844 conviciis
555 1783 697 1860 petendas
724 1782 861 1858 coronal
892 1783 1078 1843 foedissimas
1105 1783 1331 1860 superstitiones
1362 1783 1461 1842 falsis-

233 1893 383 1970 simasque
410 1891 518 1968 quibus
546 1891 615 1950 illae
642 1891 780 1950 nituntur
807 1889 961 1966 opiniones
989 1909 1042 1968 per
1069 1891 1217 1950 dioeceses
1245 1908 1315 1950 suas
1342 1891 1462 1967 publice

233 2000 361 2077 grassari
388 1999 529 2058 facillime
558 1998 668 2058 sinunt.
714 1998 762 2057 Ad
784 1998 941 2073 eximium,
969 2017 1028 2075 quo
1055 1999 1111 2058 hoc
1138 2016 1177 2058 ex
1198 1998 1285 2058 factis
1312 1999 1462 2075 probatur,

233 2106 402 2186 probissimi
433 2107 490 2164 viri
522 2106 670 2181 libellum,
708 2123 798 2182 supra
829 2110 1034 2181 memoratum,
1071 2092 1155 2183 quod¹
1181 2106 1313 2166 modeste
1347 2124 1381 2165 ac
1412 2107 1463 2183 pie

233 2215 366 2292 ipsorum
398 2215 540 2274 factorum
568 2213 671 2290 lingna
698 2213 902 2290 episcoporum
930 2212 1139 2272 conscientiam
1167 2213 1296 2274 excitam
1328 2214 1462 2286 tentarib

234 2323 340 2382 iterum
368 2321 523 2396 conviciis,
555 2339 614 2380 uon
642 2320 824 2396 argumentis
851 2338 1026 2398 responsum
1056 2325 1108 2380 est.
1160 2319 1253 2394 Quam
1281 2321 1462 2381 exsecrabile
1576 2330 1580 2349 '

235 2429 346 2488 malum
368 2429 445 2488 illud
463 2428 575 2505 passim
598 2429 709 2488 iactum
732 2432 824 2502 esset,
848 2427 962 2488 detecta
979 2427 1234 2506 Marpiugensinm
1252 2429 1462 2512 miraculorum

234 2537 337 2596 fraude
368 2535 472 2613 patuit.
518 2535 603 2595 Tunc
630 2536 710 2595 enirn
741 2535 873 2612 religiosi
902 2535 1007 2611 judieii
1034 2553 1172 2612 magnam
1199 2537 1284 2613 quasi
1316 2537 1462 2596 mendacii

235 2643 378 2718 scholam,
415 2643 447 2703 in
478 2643 574 2702 media
606 2643 731 2703 ecclesia
762 2641 906 2704 catholiea
936 2643 1116 2717 institutam,
1154 2643 1235 2704 sanis
1266 2644 1362 2704 oculis
1393 2662 1462 2704 con-

235 2751 417 2827 spiciendam
440 2750 591 2809 dederuut
639 2749 823 2827 Quapropter
845 2769 939 2810 unum
967 2769 1069 2810 eorum
1091 2751 1180 2811 etiam
1202 2751 1372 2829 nuperrime
1393 2769 1462 2812 oen-

234 2857 326 2917 tricus
355 2853 474 2935 quidam
502 2857 534 2915 in
561 2856 690 2917 comitiis
717 2858 900 2934 perstrinxit.
952 2856 1069 2936 Quippe
1095 2859 1217 2919 centrici
1245 2877 1375 2937 quoque,
1406 2879 1462 2919 neo

235 2965 297 3025 veri
315 2983 444 3025 amorem
466 2969 554 3042 prout
572 2965 655 3025 decet
677 2966 847 3038 aestimant,
870 2983 926 3026 nec
949 2967 1010 3024 reri
1034 2965 1177 3025 incuriam
1196 2984 1249 3044 pro
1272 2966 1377 3026 merito
1394 2968 1461 3027 abo-

234 3074 392 3132 minantur.
439 3071 523 3146 Quod
546 3072 724 3150 compluries
751 3073 898 3150 exemplis
921 3073 993 3132 satis
1021 3073 1207 3133 evidentibus
1229 3073 1463 3138 demonstratum

235 3186 287 3240 est
334 3179 416 3239 Talia
438 3180 638 3240 calumniandi
657 3185 687 3240 et
708 3181 771 3240 reri
789 3179 978 3258 impudenter
1000 3181 1186 3257 pervertendi
1204 3181 1339 3256 artificia,
1363 3181 1461 3258 qualia

235 3288 298 3348 illic
326 3287 615 3364 stenographiearum
642 3287 807 3348 litterarum
834 3287 1012 3347 testimoniis
1035 3287 1184 3365 permulta
1210 3289 1344 3348 convicta
1371 3289 1461 3349 sunt²

235 3401 264 3456 et
286 3395 373 3472 plura
395 3395 505 3454 similia
528 3395 554 3454 si
576 3413 698 3455 necesse
719 3395 817 3455 risum
840 3395 943 3470 fuerit,
966 3395 1103 3456 convinci
1126 3395 1213 3455 facile
1235 3400 1385 3472 poterant,
1408 3397 1460 3456 vix

234 3503 323 3562 aliam
345 3521 476 3579 unquam
497 3502 687 3563 comitiorum
710 3508 877 3563 nostrorum
900 3503 1057 3563 factionem
1079 3503 1112 3563 in
1134 3503 1285 3563 sodalibus
1303 3503 1366 3563 suis
1388 3504 1460 3564 tole·

235 3614 364 3669 raturam
382 3627 448 3669 esse
471 3614 543 3687 puto
566 3615 654 3688 atque
677 3629 754 3686 eam,
778 3629 854 3688 quae
876 3629 924 3670 res
944 3611 1177 3670 ultramontanas
1200 3611 1360 3672 fortissime
1378 3611 1459 3670 ealli-

235 3692 416 3795 dissimeque
438 3717 470 3776 in
493 3716 651 3778 Germania
672 3723 772 3778 nostra
794 3736 896 3795 gerere
918 3717 1054 3778 creditur.
1228 3797 1230 3801 Ι

342 3825 538 3902 Conjunetum
562 3825 706 3886 mendacii
725 3831 755 3885 et
777 3826 949 3901 tyrannicae
966 3825 1123 3886 violentiae
1145 3844 1273 3886 amorem
1294 3825 1355 3902 jam
1372 3825 1460 3904 Eras-

235 3951 302 3993 mus
329 3933 362 3992 in
388 3933 520 3992 Romana
545 3933 679 3993 Ecclesia
710 3933 741 3992 id
773 3951 839 3993 esse
871 3933 1061 4009 significavit,
1094 3933 1172 4011 quod
1203 3933 1460 3994 audehristianum

234 4041 253 4101 i.
277 4059 301 4100 e.
328 4059 396 4101 vero
421 4040 646 4101 Christianismo
673 4041 808 4101 funditus
836 4045 866 4101 et
892 4041 977 4118 quasi
1004 4045 1066 4100 toto
1093 4041 1174 4101 coelo
1201 4041 1368 4119 oppositum
1393 4042 1461 4118 jure

234 4153 411 4208 censeretur.
456 4149 623 4226 Antequam
646 4147 797 4209 Lutherns
819 4153 921 4208 contra
943 4149 1038 4225 ipsam
1062 4148 1181 4209 Curiam
1205 4149 1351 4209 severiora
1373 4149 1461 4209 verba

341 4414 353 4464 1
408 4411 426 4464 f.
460 4429 479 4464 u
564 4454 570 4466 .
626 4453 632 4464 .

340 4413 368 4569 2}
387 4411 425 4554 gf.
445 4413 667 4556 {ogialgssssbgile
683 4503 725 4558 60.
741 4503 783 4558 61.
820 4502 1058 4572 Magdeburgische
1077 4503 1190 4572 Zeitung
1210 4503 1278 4558 1883
1296 4501 1346 4558 No.
1364 4501 1415 4557 185
1434 4503 1461 4557 ἰιι

233 4587 345 4642 articulo
363 4588 627 4644 Anti-Windthorst:
653 4590 677 4644 V
696 4591 815 4659 „Traum
833 4593 888 4646 und
906 4591 1124 4646 Wirlrlichlreit“.
