3134 5054
243 265 296 322 296
724 268 827 318 Planus
845 267 959 318 Pauorem

242 479 480 544 renascuntur.‘¹
523 482 559 540 lu
582 479 679 542 Gallia
706 482 751 540 vir
783 481 945 540 eruditione
968 488 999 540 et
1022 481 1147 541 candore
1170 483 1309 556 insignis,
1336 485 1450 556 purioris

242 587 392 647 doctrinae
425 587 610 662 evangelicae
634 589 696 660 jam
723 592 792 645 anto
813 585 974 644 Lutberum
994 591 1185 660 propagator,
1215 587 1343 646 lacobus
1362 588 1451 647 Faber

242 693 439 766 stapulensis,
454 692 497 750 illi
512 692 684 764 scripserat:
709 690 794 765 ,Quis
810 707 869 750 nou
884 690 1035 764 suspiciat,
1050 697 1144 764 amet,
1159 692 1236 750 colat
1249 690 1451 752 Erasmumi‘¹

242 795 354 854 Eodem
383 795 509 870 donique
534 796 697 869 gratissimo
720 795 816 854 animo
839 799 871 853 et
892 796 954 867 ipse
974 793 1121 854 Lutberus
1143 796 1174 852 in
1192 796 1301 870 prima,
1324 813 1406 870 quam
1426 799 1451 856 ei

242 901 320 960 misit
336 901 471 975 epistola,
494 905 631 974 quantum
646 900 689 958 illi
705 899 826 973 debeat,
849 897 1010 960 confitetur.
1045 899 1099 971 Qui
1115 899 1152 957 ab
1169 899 1214 958 his
1232 901 1328 960 verbis
1341 917 1452 960 exorsus

243 1001 319 1066 est³
345 1004 459 1078 ,Tetios
478 1021 533 1077 ego
554 1011 650 1063 mcum
672 1003 786 1063 fabulor
809 1009 839 1062 et
860 1009 892 1062 tu
912 1018 1042 1077 mecm,
1065 1003 1205 1078 Brennus,
1227 1003 1317 1063 decus
1331 1009 1452 1064 nostrum

244 1115 275 1170 et
295 1127 362 1183 apes
384 1115 499 1181 nostra,
530 1107 654 1166 necdum
680 1113 779 1166 mutuo
807 1124 859 1166 nos
882 1109 1087 1182 cognoscimus
1132 1108 1237 1166 Nonne
1259 1110 1380 1168 monstri
1400 1110 1453 1168 boc

243 1214 439 1273 simillimum?
467 1214 554 1272 immo
585 1228 642 1271 nou
664 1217 838 1285 mensuum,
870 1211 922 1271 sed
944 1211 1143 1286 quotidianum
1165 1229 1245 1286 opus.
1290 1213 1360 1285 Quis
1380 1216 1452 1272 enim

243 1325 305 1391 est,
334 1320 414 1392 cujus
442 1317 606 1391 penetralia
623 1333 681 1374 uon
702 1318 818 1389 penitus
840 1322 962 1390 occupet
984 1316 1139 1390 Erasmus,
1170 1334 1256 1390 quem
1277 1334 1334 1376 nou
1355 1317 1452 1376 doceat

243 1423 395 1494 Erasmus,
415 1423 446 1480 in
468 1437 525 1495 quo
546 1437 605 1480 non
627 1427 732 1494 regnet
753 1420 914 1479 Erasmus?
944 1421 980 1480 do
996 1421 1033 1479 iis
1048 1421 1164 1494 loquor,
1187 1423 1236 1494 qui
1251 1423 1363 1482 litteren
1377 1429 1452 1482 reete

243 1531 350 1586 amant
394 1525 469 1584 Nam
502 1527 574 1584 satis
601 1524 714 1599 gaudeo
742 1524 819 1598 quod
848 1526 926 1585 inter
948 1532 1050 1584 cetera
1072 1524 1149 1584 dona
1171 1523 1279 1584 Christi
1300 1528 1386 1586 etiam
1402 1527 1454 1586 boc

243 1635 426 1704 numeratur,
459 1629 536 1702 quod
562 1629 660 1688 multis
689 1629 834 1703 displiceo
888 1629 951 1700 Quo
980 1646 1034 1704 ego
1056 1635 1227 1705 argumento
1249 1630 1330 1690 soleo
1352 1631 1454 1690 discer-

243 1751 316 1794 nere
349 1734 424 1792 dona
453 1734 604 1792 elementis
630 1733 687 1793 Dei
719 1749 738 1792 a
765 1733 847 1792 donis
874 1734 951 1794 irati
997 1735 1100 1806 Itaque
1121 1733 1176 1792 tibi
1197 1737 1341 1809 gratulor,
1373 1735 1453 1809 quod

242 1839 310 1898 dum
336 1855 447 1898 summe
476 1838 608 1896 omnibus
638 1838 720 1898 bonis
742 1839 854 1912 places,
887 1855 945 1896 uon
975 1839 1069 1896 miuus
1091 1837 1225 1912 displices
1250 1839 1304 1913 iis,
1336 1840 1384 1912 qui
1404 1839 1453 1898 soli

242 1944 370 2003 omnium
400 1943 502 2001 summi
530 1959 595 2002 esse
619 1949 649 2002 et
671 1960 781 2002 summe
803 1944 922 2016 placere
945 1942 1061 2001 volunt‘
1106 1942 1221 2002 Eodem
1243 1949 1374 2016 tempore
1393 1943 1453 2002 ble

242 2048 398 2108 lanebtbon
420 2047 542 2106 Erasmo
573 2048 701 2121 scripsit:
737 2047 895 2120 ,Martinus
915 2046 1059 2106 Lutberus
1088 2046 1313 2106 studiosissimus
1336 2047 1452 2107 nominis

242 2155 286 2212 tui
306 2169 361 2228 per
382 2153 479 2212 omnia
500 2153 553 2211 tibi
575 2153 693 2226 probari
715 2153 813 2226 cupit‘

330 2259 482 2333 Erasmus,
504 2259 554 2331 qui
576 2257 698 2316 lovanii
721 2263 790 2316 tuuc
812 2255 957 2330 degebat,
977 2255 1100 2314 Lutberi
1122 2256 1238 2314 litteras
1261 2273 1378 2329 prorsus
1399 2258 1452 2315 alio

243 2364 339 2422 animo
363 2379 450 2436 quam
472 2367 560 2421 antea
579 2360 665 2420 Eckii
687 2362 807 2434 accepit.
853 2361 899 2419 Eu
921 2361 972 2434 iis,
1003 2377 1078 2434 quac
1104 2361 1276 2420 amicissime
1299 2361 1451 2434 respondit,

242 2467 382 2526 nonnulla
401 2467 456 2525 boc
478 2467 542 2525 loeo
564 2467 647 2525 nobis
668 2465 830 2540 repetenda
852 2471 927 2523 sunt
974 2463 1175 2525 Gratissimam
1197 2464 1252 2523 sibi
1274 2465 1364 2524 fuisse
1386 2465 1452 2524 dicit

244 2571 407 2643 epistolam,
429 2571 536 2644 quippe
560 2586 635 2643 quae
658 2575 704 2642 ‚et
724 2570 835 2642 ingenii
855 2569 1000 2642 argutiam
1018 2586 1091 2643 prae
1114 2586 1147 2628 se
1167 2567 1258 2643 ferat,
1281 2575 1313 2628 et
1332 2571 1452 2628 animum

243 2674 336 2748 spiret
357 2673 553 2732 christianum.
599 2673 675 2744 Quas
703 2673 867 2747 tragoedias
890 2675 979 2732 etiam
1001 2674 1061 2731 illic
1080 2674 1173 2732 libelli
1188 2675 1251 2746 ejus
1269 2675 1454 2734 excitaverint

243 2777 369 2850 indicat;
402 2793 467 2836 esse
501 2779 551 2850 qni
581 2778 610 2836 ei
639 2775 759 2838 faveant
788 2780 819 2836 in
846 2779 954 2852 Anglia
983 2778 1060 2837 viros
1092 2779 1247 2852 maximos,
1283 2777 1452 2838 Batavorum

243 2899 355 2957 quoque
389 2882 557 2954 nonnullos,
589 2897 711 2955 quorum
742 2900 816 2942 unus
844 2883 882 2940 sit
912 2881 1049 2955 eximius3
1081 2899 1114 2941 se
1136 2883 1231 2956 ipsum
1253 2883 1347 2956 quoad
1368 2883 1453 2941 liceat

243 2991 388 3063 integrum
414 3004 446 3046 se
475 3001 607 3060 semare,
637 3003 693 3060 quo
722 2989 814 3061 magis
843 2987 935 3061 prosit
961 2985 1043 3045 bonis
1066 2987 1173 3045 litteris
1194 2985 1451 3047 reflorescentibus.

242 3093 324 3151 lunc
345 3093 388 3151 ita
412 3090 540 3151 scribere
567 3092 675 3166 pergit:
701 3091 755 3164 ‚Et
781 3091 852 3149 mibi
873 3091 988 3150 videtur
1008 3091 1073 3165 plus
1094 3088 1196 3165 profici
1219 3091 1297 3149 cirili
1315 3090 1453 3150 modestia

241 3212 325 3270 quam
353 3198 471 3270 impetu
517 3195 565 3255 Sic
588 3193 718 3255 Christus
750 3195 852 3256 orbem
884 3197 915 3254 iu
943 3211 1027 3254 suam
1052 3195 1197 3254 dicionem
1218 3195 1363 3269 perduxit
1408 3196 1453 3254 Sic

241 3300 348 3359 Paulus
369 3299 522 3360 Judaicam
543 3302 639 3374 legem
663 3301 826 3376 abrogavit,
849 3301 946 3360 omnia
961 3300 1079 3359 trabem
1093 3299 1132 3358 ad
1146 3300 1323 3374 allegoriam
1361 3300 1453 3375 Magis

242 3403 361 3477 expedit
381 3405 507 3464 emmane
529 3405 560 3462 in
581 3421 645 3478 eos,
668 3406 718 3477 qui
735 3403 901 3479 pontificum
921 3405 1096 3464 auctoritate
1118 3404 1295 3478 abutuntur,
1317 3421 1403 3478 quam
1424 3405 1453 3462 in

240 3508 319 3580 ipsos
339 3506 497 3580 pontificos.
542 3509 622 3568 Idem
653 3507 689 3567 de
711 3508 829 3583 regibus
851 3507 1015 3568 iaciendum
1038 3525 1152 3568 censeo.
1197 3507 1242 3567 De
1264 3509 1351 3568 rebus
1372 3525 1453 3567 rece·

241 3609 397 3686 ptioribus‚
433 3629 519 3685 quam
548 3619 580 3670 ut
605 3613 700 3672 subito
721 3615 833 3687 possint
854 3629 891 3671 en
913 3614 1017 3672 animis
1039 3613 1155 3686 revelli,
1184 3611 1387 3686 disputandum
1410 3619 1453 3672 est

241 3717 419 3788 argumentis
447 3715 545 3775 densis
576 3721 607 3775 et
632 3715 797 3776 efficacibus
824 3718 1026 3791 potiusquam
1048 3716 1278 3777 asseverandum
1315 3718 1452 3790 ,Quorun-

241 3818 308 3878 dam
327 3820 486 3880 virulentas
499 3822 701 3881 contentiones
723 3823 815 3894 mag'm
838 3821 974 3880 conducit
995 3825 1181 3880 contemnere
1203 3838 1290 3894 quam
1309 3819 1451 3881 relabere.

241 3923 355 3996 Ubique
377 3924 537 3984 cavendum
559 3942 597 3985 na
620 3924 688 3999 quid
712 3931 882 4001 arroganter
903 3931 955 3984 aut
968 3923 1090 3984 factiose
1105 3924 1255 3998 loquamur
1268 3924 1451 3984 faciamnsve:

240 4029 283 4088 sic
310 4029 438 4089 arbitror
469 4017 582 4102 gratum
611 4046 676 4088 esse
706 4031 822 4104 spiritui
844 4029 960 4088 Christi.
1007 4030 1126 4088 Interea
1155 4029 1313 4088 serrandus
1331 4030 1451 4102 animus,

240 4149 279 4192 ne
302 4135 350 4191 vel
377 4133 423 4192 ira
453 4135 499 4192 vel
521 4134 588 4194 odio
608 4135 655 4194 vel
676 4134 772 4207 gloria
794 4141 1009 4209 corrumpatur:
1037 4151 1106 4194 uam
1129 4134 1203 4193 baec
1226 4133 1257 4192 in
1278 4131 1374 4192 medio
1392 4134 1451 4207 pie

327 4387 353 4453 1)
371 4387 417 4441 Er.
435 4403 497 4452 opp.
514 4387 565 4451 ΠΙ,
585 4392 661 4440 lass.

326 4473 644 4539 bhmmffl

329 4559 356 4624 3)
373 4561 403 4610 Δ.
423 4565 499 4612 ists.
524 4559 565 4626 (de
584 4559 669 4612 Watto
686 4559 711 4624 1,
730 4559 801 4630 til).
