3202 5058
673 309 765 358 Cnrur
786 308 803 357 l.
1326 309 1342 362 3

127 532 266 597 suscepta
298 525 490 583 adhibendam
530 539 594 582 esse
633 541 783 598 censeam,
818 525 864 582 lris
897 525 1108 599 prolegomenis
1141 525 1229 598 paulo
1254 524 1344 584 fusius

124 630 289 702 explicabo.

216 737 243 792 A
275 735 386 807 magnis
415 734 472 792 illis
502 734 661 792 animorum
687 735 825 808 motibus,
859 736 961 807 quibus
983 741 1050 793 ante
1073 735 1146 793 haec
1166 737 1223 794 tria
1246 737 1344 795 secula

124 839 272 898 communi
292 840 418 896 omnium
436 837 499 896 lere
522 839 650 912 gentium
662 837 880 911 Europaearum
903 841 980 899 vitae
998 855 1073 898 nova
1087 839 1230 912 quaedam
1252 841 1344 900 forma

125 947 270 1016 impressa
292 951 349 1018 est,
371 949 401 1001 et
423 943 591 1017 adiversis,
614 958 688 1016 quae
710 943 747 1001 dc
769 945 804 1002 iis
820 943 960 1017 feruntur,
980 944 1095 1018 judiciis
1119 945 1206 1003 etiam
1226 953 1343 1004 nostrae

124 1049 237 1106 aetatis
259 1047 321 1106 iata
342 1047 432 1105 multo
459 1049 563 1121 magis,
588 1063 674 1119 quam
702 1047 779 1105 haud
795 1049 881 1121 pauci
905 1049 1038 1122 credunt,
1069 1049 1197 1122 pendere
1220 1055 1341 1107 constat.

124 1153 224 1210 Erant
242 1153 303 1223 jam
324 1153 383 1209 illis
405 1151 508 1210 diebus
529 1153 607 1211 inter
627 1153 815 1210 humanarum
845 1153 949 1211 artium
973 1154 1100 1212 cultores
1122 1155 1272 1226 permulti,
1295 1154 1344 1226 qui

125 1256 268 1314 traditum
283 1255 426 1328 quondam
448 1273 484 1314 ex
503 1256 617 1314 Judaea
637 1257 745 1314 laetum
767 1257 898 1314 nuntium
921 1274 974 1331 pro
996 1259 1158 1316 inveterato
1183 1259 1343 1316 seculorum

127 1377 232 1419 errore
250 1359 405 1436 ducentes,
427 1361 538 1419 ins'tcre
560 1367 673 1434 tempus
693 1361 914 1434 praedicerent,
947 1378 1004 1434 quo
1025 1363 1116 1420 omnis
1137 1363 1258 1436 religio,
1291 1379 1344 1435 per

128 1465 248 1538 aliquod
273 1464 395 1524 tortasse
426 1471 540 1538 tompus
571 1471 692 1539 propter
720 1465 867 1524 indoctum
894 1467 995 1538 vulgus
1017 1466 1111 1525 adhuc
1137 1467 1344 1541 conservanda,

129 1587 247 1644 prorsus
273 1571 384 1628 ruitura
412 1575 498 1628 esset.
543 1569 634 1640 Quam
664 1571 826 1642 opinionem
856 1571 943 1638 etiam
966 1577 1035 1630 tnnc
1058 1572 1214 1644 praecipue
1233 1571 1342 1631 Romae

130 1681 164 1733 et
189 1675 221 1732 in
248 1675 384 1732 uniuersa
410 1673 498 1731 Italia
526 1674 665 1732 latissime
698 1676 825 1747 patuisse
859 1675 1037 1733 notissimum
1070 1681 1123 1734 est.
1172 1675 1231 1734 Sed
1258 1675 1344 1749 longe

129 1779 294 1852 praevaluit
331 1779 409 1836 inter
438 1795 562 1836 summos
594 1793 721 1850 quosque
755 1779 1003 1852 nobilissimosque
1042 1780 1158 1838 illorum
1186 1787 1344 1853 tempomm

130 1883 226 1956 viros,
249 1883 335 1940 etiam
357 1879 463 1956 Italos,
486 1883 544 1940 alia
566 1883 655 1940 animi
678 1884 830 1942 sententia.
875 1883 991 1942 Nullam
1014 1900 1078 1960 esse
1099 1885 1200 1956 generi
1222 1885 1346 1943 hnmano

131 1987 190 2045 nisi
211 1988 402 2060 irreligione
425 1986 583 2045 christiana
602 1987 724 2045 salutem
747 1987 996 2060 persuasissimum
1019 1988 1074 2046 sibi
1096 1988 1258 2062 habebant;
1281 1989 1347 2047 hnic

131 2091 284 2164 pristinum
312 2097 342 2150 et
362 2093 493 2149 nativum
523 2109 605 2150 suum
627 2093 755 2163 vigorem
778 2093 819 2148 ita
841 2092 981 2164 putabant
1008 2091 1187 2150 reddendum
1210 2109 1291 2166 esse,
1314 2100 1347 2151 ut

133 2195 277 2254 ecclesiae
301 2195 469 2253 reformatio
506 2195 617 2254 tamdiu
638 2193 804 2252 desiderata
823 2193 948 2267 denique
971 2193 1174 2267 perficeretur,
1207 2201 1240 2252 ut
1264 2211 1282 2252 a
1303 2201 1347 2254 tot

134 2305 320 2357 externorum
350 2315 483 2373 opernm,
507 2299 753 2372 ceremoniarum,
789 2298 968 2372 fabularum,
998 2299 1233 2370 superstitionum
1255 2299 1347 2357 farra·

132 2405 202 2477 gine
227 2403 371 2462 bominum
394 2405 481 2461 animi
505 2403 542 2460 ad
566 2403 711 2461 internum
736 2409 767 2461 et
788 2403 938 2476 spirituale
960 2403 1046 2475 prisci
1067 2403 1212 2477 evangelii
1241 2409 1346 2476 myste-

132 2509 210 2566 rium
230 2514 444 2582 revocarentur,
467 2507 591 2580 denique
607 2513 640 2564 ut
661 2507 747 2580 plena
769 2508 805 2565 iis
827 2506 948 2565 libertas
962 2507 1014 2565 illa
1027 2509 1241 2582 restitueretur,
1264 2525 1348 2582 quam

132 2613 275 2670 Judaismi
309 2613 441 2671 servituti
474 2612 633 2684 oppositam
672 2611 778 2669 Paulus
813 2613 958 2684 apostolus
991 2613 1141 2685 praedicat
1174 2628 1296 2686 eamque
1329 2629 1347 2670 a

133 2717 250 2776 Christo
280 2718 365 2774 unico
398 2717 513 2776 domino
539 2721 569 2773 et
588 2716 726 2790 magistro
755 2716 838 2774 nobis
866 2721 1074 2788 recuperatam.
1120 2695 1347 2775 consentiebant
1370 2779 1371 2782 ,

133 2839 200 2880 cnm
228 2822 259 2878 in
280 2821 325 2878 lris
346 2820 490 2893 omnibus,
520 2825 580 2877 tum
606 2820 637 2877 in
659 2819 832 2878 vindicanda
857 2819 994 2878 libertate
1017 2821 1175 2879 christiana
1196 2827 1348 2893 praestan·

133 2925 239 2984 tissimi
263 2925 440 2984 diversarnm
463 2925 588 2997 partium
607 2925 679 2998 riri,
699 2941 819 2997 quornm
841 2925 923 2997 quasi
953 2925 1135 2998 antesignani
1159 2924 1296 2983 Erasmus
1318 2931 1348 2982 et

133 3029 280 3087 Lntherns
301 3027 426 3088 fuerunt.
471 3028 529 3087 Sed
550 3027 586 3086 do
608 3025 753 3087 efficiendi
774 3028 819 3101 id,
841 3028 918 3100 qood
939 3028 1088 3102 volebant,
1111 3029 1159 3087 via
1180 3045 1216 3087 ac
1234 3029 1347 3086 ratione

132 3133 282 3192 discordes
309 3139 400 3193 erant.
444 3133 503 3190 Alii
525 3133 622 3190 curiae
638 3131 785 3190 Romanae
808 3132 947 3204 morbum,
969 3149 1055 3203 quem
1070 3133 1268 3203 gravissimum
1284 3147 1348 3190 esse

132 3237 269 3297 meliores
291 3237 388 3310 Papae
410 3237 553 3295 Adrianus
568 3237 618 3294 VI.
641 3243 671 3294 et
692 3235 848 3293 Marcellus
863 3233 886 3292 I.
907 3233 1126 3309 confessisunt,
1149 3234 1244 3294 adhuc
1265 3249 1348 3292 sana·

130 3343 221 3402 bilem
250 3343 447 3401 existimantes
476 3344 640 3400 inveterata
669 3339 820 3398 Ecclesiae
849 3339 941 3412 mala,
968 3337 1061 3398 donec
1090 3339 1228 3412 paulatim
1257 3337 1347 3398 refor-

132 3452 300 3521 marentur,
333 3448 479 3521 patienter
508 3445 631 3504 ferenda
669 3461 734 3503 esse
764 3443 913 3518 dicebant,
946 3444 1064 3501 nimiam
1099 3461 1169 3503 vero
1202 3441 1350 3502 Pontificis

133 3557 310 3625 potestatem
332 3566 429 3609 coram
451 3549 537 3623 plebe
560 3567 617 3608 non
640 3548 876 3622 oppugnandam,
904 3547 955 3606 sed
978 3549 1118 3621 quomodo
1140 3549 1202 3607 sine
1225 3550 1348 3606 tumultu

133 3658 192 3714 rite
222 3656 449 3728 restringeretur
479 3656 555 3712 inter
583 3655 660 3712 viros
682 3652 810 3712 eruditos
832 3657 917 3710 cante
939 3653 1158 3711 deliberandum
1182 3651 1348 3711 censebant.

133 3761 195 3818 Alii
224 3757 261 3817 de
291 3758 473 3818 restituenda
502 3759 599 3816 curiae
628 3758 753 3816 sanitate
780 3759 840 3830 jam
867 3757 984 3830 jamque
1018 3756 1224 3830 desperantes,
1263 3772 1348 3828 quum

133 3871 257 3938 propter
278 3863 398 3922 verbnm
412 3863 482 3937 Dei,
504 3862 581 3936 quod
603 3859 738 3934 religiose
761 3863 843 3934 sequi
866 3860 1035 3936 studebant,
1059 3877 1094 3918 ex
1110 3859 1240 3919 Romana
1256 3858 1349 3916 eccle-

135 3969 181 4026 sia
211 3969 321 4026 exclusi
348 3973 459 4041 essent,
488 3973 571 4025 extra
598 3981 662 4025 earu
691 3965 823 4024 omnibus
849 3971 879 4024 et
908 3965 1001 4024 doctis
1029 3970 1061 4023 et
1082 3963 1204 4022 indoctis
1226 3962 1348 4020 salntem

134 4071 332 4145 quaerendam
354 4086 419 4131 esse
440 4071 656 4145 praedicabant.

224 4176 381 4249 Utriusque
403 4177 494 4248 partis
524 4175 672 4233 dissidium
695 4175 774 4233 laete
804 4180 938 4246 spectans
961 4179 1047 4244 atque
1070 4171 1153 4228 oculo
1177 4171 1350 4230 collustrans

133 4282 199 4355 ipsa
218 4281 300 4339 curia
317 4295 382 4339 cum
400 4281 518 4339 asseclis
537 4281 596 4339 suis
611 4285 713 4338 coutm
729 4275 935 4351 perficiendam
950 4277 1075 4348 aliquam
1090 4277 1195 4334 seriam
1210 4275 1348 4333 reforma-

135 4387 246 4444 tionem
269 4401 380 4445 snmma
395 4385 580 4444 contentione
596 4382 793 4455 industriaque
809 4381 1002 4440 obnitebatur.
1032 4379 1095 4438 Hoc
1110 4380 1205 4438 animo
1228 4384 1351 4452 augusta

134 4491 258 4549 unitatis
287 4497 318 4548 et
344 4490 527 4550 auctoritatis
549 4487 690 4546 vocabula
713 4485 750 4545 ad
770 4485 912 4560 tegendos
933 4483 1077 4557 quoslibet
1098 4484 1203 4543 abusus
1226 4500 1261 4541 eo
1283 4481 1348 4542 leli·

135 4596 200 4656 cius
215 4595 382 4671 adhibebat,
405 4609 461 4668 quo
477 4593 592 4666 saepius
607 4590 712 4651 lactum
731 4597 790 4665 est,
812 4597 845 4648 ut
858 4591 923 4663 ipsa
932 4589 1085 4648 celebrata
1099 4588 1137 4646 ab
1150 4588 1215 4646 aliis
1229 4587 1350 4646 libertas

1087 4699 1104 4754 1
1115 4683 1133 4722 a
