3202 5058
270 352 304 406 54
771 345 871 394 Pharis
889 341 1005 392 Puroars

270 569 398 623 mentum
425 567 555 621 sanctam
576 560 633 620 Dei
663 564 786 618 matrem
816 563 846 616 et
875 553 1003 628 Papam
1052 553 1144 620 Paulo
1171 557 1237 626 post
1266 550 1421 610 concilium
1455 551 1494 609 in

271 667 366 727 Gallia
381 667 515 741 Segnrius
539 665 691 740 episcopus
711 663 820 736 Papam
843 661 955 736 ‚vivum
974 657 1198 718 sacramentum‘
1221 657 1386 716 nominavit
1424 653 1493 713 lbi-

270 774 338 833 dem
359 771 492 830 monachi
514 769 631 844 quidam
654 784 689 827 ac
710 766 876 826 sacerdotes
899 763 1116 824 affirmaverunt
1137 763 1235 836 Papae
1258 761 1348 821 licere
1367 760 1490 819 dicere:

272 877 349 952 ,Ego
372 893 435 935 sum
464 875 580 948 spiritns
603 871 751 946 sanctus‘;
781 871 855 930 alius
878 869 1036 928 clarissimo
1058 867 1222 927 oratoriano
1246 865 1352 939 Gratry
1374 864 1490 938 episto-

271 984 329 1041 lam
352 981 483 1054 scripsit,
505 994 563 1052 qua
584 978 659 1037 hanc
679 976 775 1035 thesin
797 972 940 1034 defendit:
964 973 1061 1048 ,Papa
1077 978 1122 1032 est
1138 968 1331 1032 eucharistia‘
1376 969 1492 1040 Quum-

271 1104 327 1160 que
363 1101 439 1144 nova
476 1083 566 1143 aedes
605 1097 689 1141 sacra
720 1079 880 1140 Lurdeusis
917 1079 1097 1152 initiaretur,
1130 1075 1297 1136 Mermillod
1331 1075 1490 1148 episcopus

271 1191 360 1249 rerba
381 1189 432 1248 illa
453 1187 614 1260 sollemnia,
636 1185 738 1260 quibus
752 1185 888 1244 universa
910 1183 1036 1242 ccclesia
1050 1181 1145 1240 Deum
1160 1181 1298 1254 celebrat,
1321 1179 1358 1238 ad
1373 1178 1489 1252 Papam
1586 1223 1587 1230 ,

272 1293 432 1353 transtulit:
460 1291 522 1366 ,Tu
543 1291 620 1350 solus
641 1290 821 1364 Altissimus,
844 1295 876 1348 tn
899 1289 975 1348 solus
998 1287 1155 1346 Dominus!

358 1397 441 1456 Haec
471 1412 507 1454 ex
533 1395 645 1470 ingenti
675 1395 806 1468 ejusdem
835 1394 951 1468 generis
974 1393 1058 1467 copia
1076 1391 1208 1450 attulisse
1232 1395 1278 1448 sat
1300 1393 1353 1448 est.
1398 1388 1491 1446 'l'alia

272 1487 363 1563 verba
384 1517 421 1560 ex
442 1500 610 1574 praeteritis
632 1500 738 1558 seculis
759 1500 875 1572 singula
896 1503 1009 1557 tantum
1031 1497 1208 1571 singulorum
1230 1494 1377 1554 hominum
1401 1509 1490 1552 acce-
1586 1551 1587 1584 ἦ

272 1607 374 1681 pimus.
417 1604 457 1663 Et
476 1605 501 1662 si
523 1620 597 1677 quas
620 1603 751 1677 eiusdem
770 1603 880 1678 ingenii
902 1603 1025 1676 vestigia
1047 1602 1154 1675 passim
1168 1601 1358 1673 emicuerunt,
1381 1599 1490 1656 summi
1586 1633 1587 1640 ι

274 1711 401 1769 omnium
431 1713 591 1782 temporum
630 1707 781 1780 doctores,
814 1713 873 1765 tam
901 1705 1023 1766 Sanctus
1056 1703 1216 1779 Cyprianus
1252 1719 1337 1777 quam
1360 1702 1489 1762 Sanctus
1586 1715 1587 1740 ³

272 1813 452 1887 Bernardus,
494 1811 760 1870 antichristianismi
797 1815 867 1870 uota
907 1827 943 1870 ea
983 1809 1216 1884 designaverunt.
1276 1807 1362 1866 Nunc
1402 1805 1489 1880 talia,

274 1915 422 1978 Vaticanis
456 1915 583 1976 decretis
617 1921 650 1974 ut
688 1914 850 1974 sententiae
885 1931 953 1974 vere
982 1913 1274 1973 Romanooatholicae
1308 1909 1488 1984 confirmata,
1586 1887 1587 1924 ³

272 2021 440 2098 quotidiana
462 2025 493 2079 et
513 2020 646 2094 vulgaria
667 2024 740 2078 sunt
785 2017 893 2078 Rident
916 2019 952 2078 de
975 2017 1126 2078 verborum
1148 2017 1262 2076 illorum
1283 2016 1401 2089 ineptiis
1416 2014 1488 2073 Vol·

271 2127 392 2202 turiani,
426 2125 587 2185 rideremus
618 2129 649 2183 et
680 2139 745 2198 nos,
773 2123 830 2182 nisi
858 2125 921 2197 ipsa
957 2129 1088 2182 restam
1110 2123 1204 2197 gravis
1227 2138 1261 2180 ac
1283 2121 1374 2180 tristis
1397 2126 1486 2179 esset
1586 2163 1587 2168 ι

273 2233 339 2293 dam
362 2231 440 2290 enim
462 2230 498 2288 ab
520 2229 570 2303 iis,
600 2228 650 2301 qui
673 2226 830 2286 Christiani
849 2243 912 2286 esse
934 2229 1049 2302 volunt,
1081 2227 1176 2287 omnia
1200 2227 1379 2286 sanctissima
1402 2224 1487 2284 Chri-

273 2338 385 2396 stianae
403 2333 473 2393 fidei
495 2333 633 2406 mysteria
652 2331 852 2406 profanantur,
876 2338 910 2389 ut
932 2332 1013 2406 Papa
1034 2332 1115 2392 novis
1138 2329 1290 2390 blanditiis
1313 2331 1487 2389 cumuletur.
1586 2375 1587 2410 ,

274 2440 355 2512 Quae
381 2437 553 2510 blanditiae,
588 2436 723 2508 qnoniam
750 2435 916 2494 verissimae
948 2439 978 2493 et
1003 2436 1237 2509 religiosissimae
1261 2435 1488 2494 asseverationis
1586 2479 1587 2488 ,

240 2617 244 2622 .
274 2544 401 2602 colorem
439 2557 509 2614 prae
546 2556 578 2598 sc
619 2537 730 2612 ierunt,
766 2546 825 2596 tam
867 2540 1007 2598 immanes
1045 2547 1075 2599 et
1112 2539 1244 2600 nefariae
1283 2544 1363 2614 suut,
1396 2545 1429 2597 nt
1461 2541 1488 2598 si
1586 2509 1587 2560 ³

274 2665 338 2707 cum
359 2647 418 2704 illis
441 2644 660 2718 comparaveris,
683 2659 871 2716 quaecunque
895 2644 926 2701 iu
948 2643 1104 2703 Caesarum
1126 2646 1265 2705 honorem
1286 2645 1399 2704 servilis
1418 2643 1489 2703 inti-

274 2754 340 2812 litas
363 2749 552 2823 excogitavit,
575 2749 648 2806 baec
669 2747 794 2806 innocua
816 2747 928 2806 ludicra
948 2764 1011 2807 esse
1025 2748 1186 2809 uideantur.
1230 2749 1348 2830 Etenim
1363 2750 1488 2823 paganis

275 2857 362 2916 etiam
389 2857 420 2913 in
450 2853 540 2912 sacris
568 2851 748 2926 aliquatenus
775 2851 889 2926 ludere,
917 2857 949 2910 ut
974 2853 1006 2910 in
1031 2835 1192 2928 comoedia,
1220 2855 1392 2928 permissum
1422 2861 1489 2913 erat

275 2977 370 3035 neque
401 2959 497 3018 omnia
520 2957 621 3032 devoti
651 2955 781 3030 obsequii
811 2956 950 3015 vocabula
975 2973 1029 3030 pro
1058 2957 1142 3016 seriis
1170 2944 1395 3031 accipiebantur.
1446 2958 1489 3018 Et

275 3073 374 3126 tamen
406 3062 562 3122 nobiliores
586 3059 727 3120 Caesares
763 3059 951 3121 fastidiebant
989 3066 1201 3120 assentatorum
1235 3079 1346 3121 serrum
1379 3079 1488 3138 pecus3
1586 3117 1587 3124 ,

276 3171 363 3231 etiam
391 3167 537 3241 Tiberius,
571 3182 742 3240 quamquam
771 3165 938 3225 libertatem
966 3165 1082 3238 oderat,
1116 3165 1299 3224 nihilominus
1327 3184 1379 3240 pro
1409 3168 1488 3226 virili

275 3292 331 3348 quo
355 3279 420 3334 erat
439 3274 534 3331 animo
557 3263 639 3352 (nam
661 3266 698 3330 n'e
721 3272 752 3329 in
767 3277 826 3329 tam
842 3287 929 3330 saevo
948 3271 1064 3345 quidem
1078 3275 1199 3343 tyranno
1214 3271 1335 3329 meliora
1348 3267 1488 3352 tacenda)

275 3378 393 3436 nimiam
420 3377 574 3434 multorum
602 3375 796 3433 adulationem
821 3375 938 3449 saepius
961 3380 1127 3434 exsecratus
1155 3379 1200 3434 est
1223 3379 1253 3434 et
1281 3374 1362 3434 velut
1384 3391 1489 3434 canum

275 3479 475 3538 blandimenta
496 3478 636 3536 iracunde
659 3479 783 3551 respuit3
812 3478 956 3536 dicentem
980 3479 1123 3550 quendam
1146 3495 1260 3554 ,sacrm
1282 3481 1343 3553 ejus
1365 3495 1488 3551 occupa-

276 3582 393 3657 tiones,‘
421 3599 473 3654 pro
503 3583 592 3640 sacris
615 3582 775 3641 laboriosas
798 3582 896 3640 dicere
921 3583 1023 3654 coe‘git.
1068 3583 1113 3642 De
1136 3584 1189 3642 Pio
1210 3583 1293 3642 Nono
1314 3583 1388 3642 nihil
1411 3585 1489 3656 ejus·
1586 3627 1587 3640 ι

274 3687 352 3746 modi
382 3686 495 3744 narrari
519 3689 631 3759 potest;
659 3685 708 3743 hic
734 3687 812 3744 enim
834 3687 925 3761 magis
955 3688 1103 3761 magisque
1133 3687 1277 3747 libertatis
1308 3687 1356 3746 rel
1386 3687 1491 3746 umbra
1586 3693 1587 3700 ’

274 3791 461 3867 perterritus,
490 3805 634 3862 nunquam
662 3789 823 3849 sedabatur
849 3792 1020 3865 turpissimis
1044 3792 1203 3866 quibusque
1225 3791 1388 3866 blanditiis,
1417 3807 1490 3865 quas

276 3898 300 3957 si
322 3896 386 3971 quis
408 3895 439 3954 in
462 3893 614 3954 servilibus
637 3894 741 3952 animis
763 3900 796 3953 ut
810 3895 912 3956 nimias
935 3897 1079 3970 castigare
1098 3914 1185 3956 ausus
1206 3901 1279 3972 erat,
1301 3896 1331 3955 id
1350 3902 1490 3970 tanquam

276 4003 384 4061 crimen
407 4001 505 4059 laesae
528 4000 688 4074 majestatis
711 4001 840 4073 graviter
862 4001 929 4060 tulit
950 4017 1044 4075 neque
1067 4017 1193 4075 unquam
1214 4002 1320 4061 oblitus
1342 4007 1395 4060 est.
1440 3999 1490 4060 Sic

276 4122 362 4179 quum
376 4103 622 4178 ingeniosissimus
638 4103 787 4178 episcopus
799 4106 1025 4180 Aurelianensis,
1047 4106 1130 4165 Felix
1141 4106 1325 4180 anauloup,
1348 4105 1384 4164 ds
1400 4105 1490 4165 rebus

275 4207 555 4266 Romanooatholiois
577 4209 686 4282 optime
709 4209 740 4266 iu
755 4207 850 4268 Gallia
873 4211 1006 4284 meritus,
1028 4209 1205 4269 Ludovicum
1220 4209 1347 4270 Veuillot
1368 4215 1490 4283 propter

276 4311 458 4383 blasphemas
480 4312 551 4370 istas
574 4311 755 4372 adulationes
777 4314 892 4387 publice
915 4315 1150 4388 reprehendisset
1166 4320 1195 4373 ot
1210 4316 1286 4374 male
1305 4314 1368 4374 sani
1382 4313 1489 4373 Roma·

275 4415 359 4475 nismi
383 4421 562 4490 accusasset,
584 4415 666 4490 Papa
687 4417 754 4476 inde
777 4419 814 4477 ab
838 4435 871 4477 eo
894 4423 1026 4492 tempore
1047 4420 1208 4494 modestum
1226 4437 1375 4480 censorem
1390 4419 1489 4493 depri-

275 4535 369 4594 mere,
391 4519 565 4580 insolentem
587 4519 767 4581 rimatorem
790 4521 895 4582 ellone
919 4541 978 4582 non
1000 4524 1096 4588 desiit.
1139 4525 1214 4584 Idoli
1236 4525 1328 4584 instar
1345 4525 1435 4584 etiam
1449 4525 1488 4586 ab

277 4621 447 4686 adeuntibus
469 4641 501 4686 se
523 4623 637 4685 adorari
660 4642 799 4685 summam
820 4627 996 4702 voluptatem
1017 4629 1151 4690 habebat.
1196 4629 1265 4688 Pari
1287 4629 1392 4702 gaudio
1414 4629 1490 4702 legit
