3176 5064
215 263 267 318 344
707 265 810 317 Pnnrre
827 266 942 318 Paroars

213 483 341 554 intento,
370 498 402 541 se
430 485 620 555 purgaverat,
649 481 747 540 variae
772 481 950 555 suspiciones
979 481 1178 542 remanebant.
1223 484 1303 556 Quae
1326 488 1432 545 auctae

214 592 282 644 suut
309 585 431 659 captatis
460 585 574 644 furtivis
603 585 710 659 passim
741 585 855 644 iudiciis
885 583 1008 660 inicum,
1044 604 1130 660 quem
1161 589 1211 648 ille
1242 589 1273 647 iu
1296 589 1433 648 Viteber-

215 707 319 766 genses
339 690 448 765 alebat,
471 691 567 748 animi.
612 689 746 763 Denique
769 687 966 749 infelicissimo
982 706 1050 750 casu
1065 699 1267 766 proruperunt
1308 694 1427 752 Publice

214 795 358 855 Electom's
385 793 479 853 edicto
508 795 605 868 oppidi
627 799 729 868 portae
762 791 847 853 affixo
872 800 989 854 cautum
1015 803 1094 870 erat,
1127 813 1165 855 ne
1194 799 1258 872 quis
1285 797 1427 857 muamus

214 899 359 973 homines,
391 915 496 972 pravas
528 899 680 972 opiniones
712 899 858 973 foventes,
893 900 994 972 quales
1028 901 1109 959 multi
1153 919 1208 974 per
1240 901 1427 962 Germaniam

214 1005 406 1080 vagabantur,
436 1003 559 1077 hospitio
590 1003 776 1077 dignaretur.
827 1003 895 1062 Istis
926 1002 1131 1064 adnumeratus
1168 1012 1213 1066 est
1241 1007 1286 1064 vir
1312 1005 1427 1079 qnidam

216 1109 362 1183 eruditus,
385 1106 548 1181 Campanus
572 1107 755 1167 Juliacensis.
800 1107 892 1179 Quem
914 1125 1002 1181 quum
1025 1108 1151 1168 Vicelius
1175 1127 1227 1184 per
1247 1125 1376 1168 mensem
1397 1110 1430 1168 in

216 1212 452 1273 consuetudinem
475 1217 506 1270 et
527 1211 753 1272 familiaritatem
776 1213 950 1287 recepisset,
974 1213 1100 1272 edietum
1120 1213 1192 1272 illud
1214 1215 1338 1274 violasse
1352 1215 1432 1273 visus

216 1323 268 1378 est.
313 1317 415 1390 Neque
439 1316 566 1375 dubitari
588 1321 687 1388 potest
708 1317 778 1389 quin
800 1315 898 1376 hostili
928 1315 1052 1389 quodam
1078 1317 1108 1375 in
1129 1317 1313 1376 Lutheranos
1334 1319 1432 1376 animo

216 1424 383 1496 conjunctus
403 1437 467 1479 cum
491 1419 638 1494 Campano
660 1419 758 1479 fuerit.
819 1419 858 1478 At
881 1419 954 1479 falso
977 1427 1128 1480 accusatus
1150 1427 1208 1496 est,
1232 1420 1309 1496 quod
1331 1422 1431 1494 siugu-

216 1525 293 1584 lares
317 1527 378 1598 ejus
401 1525 552 1598 opiniones
572 1523 795 1583 antitrr'nitarias
825 1530 855 1582 et
876 1523 1019 1584 fanaticas
1048 1526 1209 1599 probasset.
1270 1525 1331 1585 llas
1353 1527 1432 1584 enim

217 1629 378 1702 Campanus
407 1647 474 1688 eum
496 1645 553 1688 non
575 1629 670 1688 minus
700 1634 784 1688 caute
816 1645 900 1702 quam
929 1629 1087 1688 Lutherum
1114 1635 1144 1689 et
1166 1630 1433 1705 Melanchthonem,

216 1735 383 1808 quibuscum
405 1751 460 1808 per
482 1733 553 1792 duos
576 1749 668 1792 annos
691 1739 878 1792 conversatus
901 1739 979 1808 erat,
1001 1748 1116 1807 semper
1131 1733 1286 1794 celaverat.
1318 1735 1432 1793 Nihilo·

215 1840 324 1912 minns,
357 1853 443 1911 quum
473 1837 548 1896 illius
579 1838 729 1910 opiniones
756 1837 870 1910 Targae
897 1838 1070 1910 patuissent,
1104 1837 1246 1912 Vicelius,
1280 1837 1356 1911 quod
1379 1839 1433 1896 tali

214 1944 276 2002 viro
298 1942 432 2015 favisset,
458 1941 574 2015 injectis
605 1941 727 2000 vinculis
757 1943 787 1999 in
811 1940 994 2000 durissimum
1026 1957 1174 2001 carcerem
1206 1940 1347 2000 abductus
1378 1947 1432 2001 est

214 2047 374 2120 Lutherus,
405 2046 455 2105 ubi
483 2045 513 2104 id
543 2047 661 2103 rescivit
690 2039 768 2124 (ipso
797 2045 875 2104 enim
905 2045 1058 2119 ignorante
1088 2043 1196 2116 iactum
1221 2041 1298 2126 erat)
1332 2047 1433 2104 statim

215 2151 290 2210 datis
313 2150 350 2210 ad
370 2150 535 2210 Electorem
555 2149 661 2208 litteris
684 2149 865 2223 impetrarit,
894 2154 926 2207 ut
946 2128 998 2208 ille
1020 2149 1232 2223 dimitteretur3
1262 2150 1346 2208 simul
1368 2149 1433 2208 viro

216 2257 331 2332 captivo
353 2256 446 2314 amice
469 2259 501 2314 et
521 2253 651 2313 fraterne
675 2255 841 2328 scripserat.
885 2253 987 2327 Itaque
1010 2253 1139 2312 Vicelius
1155 2253 1193 2314 ad
1206 2254 1433 2314 Niemeccensos

216 2360 310 2420 redux
342 2377 396 2433 per
426 2375 532 2417 aunum
566 2359 747 2433 evangelium
777 2357 813 2416 iis
841 2358 1014 2432 praedicare
1042 2359 1184 2433 perrexit,
1218 2357 1269 2417 sed
1289 2359 1378 2418 invito
1400 2365 1434 2418 et

215 2465 313 2523 hostili
336 2465 439 2522 animo.
484 2462 582 2520 Etiam
600 2461 744 2536 Luthero,
767 2462 815 2535 qui
839 2462 996 2534 benignum
1011 2478 1126 2536 semper
1141 2479 1173 2522 se
1190 2463 1218 2522 ei
1232 2463 1432 2537 praestiterat,

215 2568 292 2626 male
322 2567 428 2638 voluit,
454 2582 485 2625 se
515 2571 577 2624 tum
599 2566 729 2625 timuisse
759 2565 881 2640 fatetur,
913 2581 966 2640 ,ue
989 2565 1039 2624 iilo
1060 2565 1244 2626 machinante
1262 2567 1293 2625 in
1316 2573 1430 2625 anunm

217 2671 314 2730 denuo
335 2671 506 2742 raperetur}
565 2669 698 2742 Denique
724 2669 800 2729 illius
830 2670 920 2728 seculi
943 2685 1019 2728 enno
1043 2686 1100 2730 uuo
1125 2675 1155 2729 et
1177 2670 1323 2730 tricesimo
1345 2688 1431 2745 prae·

217 2779 296 2834 texta
316 2789 404 2832 causa
426 2773 523 2846 aliqua
544 2775 643 2848 petiit,
664 2779 697 2832 ut
719 2773 851 2847 deposito
873 2771 967 2833 officio
990 2775 1021 2832 in
1041 2775 1165 2847 patriam
1188 2773 1289 2833 urbem
1310 2775 1431 2850 rediret,

216 2878 292 2953 quod
315 2895 379 2937 curn
401 2879 497 2952 gratia
519 2877 662 2937 Electoris
686 2878 714 2935 ei
731 2893 899 2936 concessum
918 2884 971 2936 est

302 2981 417 3042 Relicta
444 2983 569 3042 Saxonis
598 2980 748 3041 confestim
778 2987 879 3055 aperte
906 2982 1082 3056 declaravit,
1111 2998 1177 3042 sese
1209 2982 1327 3042 deserta
1348 2987 1431 3043 secta

216 3087 384 3148 Lutherana
414 3087 536 3146 rediisse
567 3086 604 3146 ad
634 3087 787 3146 ecelesiam
810 3086 989 3145 catholicam.
1039 3085 1097 3146 Sed
1123 3102 1227 3146 revera
1247 3085 1316 3147 inde
1340 3087 1377 3147 ab
1396 3105 1432 3147 eo

216 3198 346 3266 tempore
369 3207 460 3264 usque
482 3191 521 3250 ad
543 3197 702 3250 extremam
713 3195 904 3250 ‘senectutem
926 3186 1007 3269 (uam
1021 3205 1097 3248 auno
1112 3191 1191 3250 illiue
1206 3191 1296 3250 seculi
1313 3197 1431 3266 septua-

207 3296 325 3368 gesimo
345 3296 433 3354 tertio
454 3294 569 3353 demum
592 3288 732 3375 decessit)
761 3293 872 3353 medius
894 3295 972 3354 inter
1001 3295 1153 3353 ecclesiam
1176 3295 1375 3368 evangelicam
1400 3302 1432 3354 et

216 3399 388 3458 catholicam
410 3397 595 3459 consistebat.
640 3399 723 3456 Hanc
745 3396 898 3457 reformari
917 3398 999 3457 salva
1014 3398 1126 3457 unitate
1141 3399 1241 3458 voluit.
1277 3399 1432 3473 impugna-

215 3503 257 3561 vit
279 3504 340 3576 ejus
363 3509 491 3575 partem,
513 3517 597 3574 quarn
620 3502 745 3575 vocavit,
767 3502 938 3574 papistieam
962 3507 992 3560 et
1011 3502 1206 3575 sophisticam.
1251 3503 1346 3562 Multa
1359 3519 1432 3562 vere

216 3605 373 3664 christiana
396 3621 414 3663 a
434 3604 626 3678 Lutheranis,
655 3606 827 3678 praesertim
856 3606 888 3664 in
915 3605 1094 3666 confessione
1117 3605 1302 3681 Argustana,
1330 3607 1432 3666 doceri

216 3710 373 3769 contendit.
432 3709 528 3767 Bonas
556 3709 668 3768 litteras
701 3725 766 3768 cum
793 3711 905 3769 sincero
937 3710 1150 3769 christianismo
1174 3713 1350 3786 conjungere
1372 3717 1433 3769 stu·

215 3813 285 3872 duit.
344 3811 503 3886 Utramque
536 3819 650 3886 portem
682 3813 816 3873 sollerter
849 3813 1011 3887 admonuit,
1045 3829 1082 3871 ne
1117 3815 1211 3874 altera
1249 3815 1371 3873 alteram
1401 3815 1430 3872 ri

215 3919 415 3992 impugnaret,
444 3917 494 3976 sed
517 3918 547 3975 in
570 3917 787 3989 quaestionibus
808 3917 845 3976 ad
866 3918 1039 3992 religionem
1060 3917 1276 3990 pertinentibus
1298 3917 1431 3990 plenissi-

215 4035 292 4078 mam
315 4021 417 4094 cuique
440 4019 635 4080 concederent
659 4019 831 4080 libertatem
877 4021 931 4079 His
952 4021 1084 4079 omnibus
1103 4021 1135 4078 in
1154 4021 1240 4080 rebus
1255 4021 1292 4079 ab
1307 4019 1431 4079 Erasmo

215 4123 375 4198 pendebat,
404 4141 489 4198 quem
519 4141 608 4196 quum
633 4124 739 4196 partim
767 4124 865 4182 servili
895 4139 981 4196 quem
1008 4123 1130 4182 diximus
1156 4123 1258 4197 modo,
1289 4125 1377 4184 etiam
1398 4127 1432 4183 iu

215 4227 353 4286 librorum
384 4229 475 4287 titulis
504 4227 690 4302 quibusdam,
720 4223 917 4302 imitaretur,²
951 4228 1037 4286 simul
1067 4228 1104 4287 ab
1139 4243 1175 4286 eo
1206 4227 1269 4287 aliie
1292 4231 1321 4286 in
1344 4229 1431 4289 rebus
1508 4265 1510 4270 ·

215 4331 293 4391 haud
320 4331 446 4392 feliciter
467 4333 598 4390 recessit.
651 4330 698 4390 Sic
723 4331 754 4388 in
782 4330 942 4391 tractandis
965 4331 1068 4391 Bibliis
1097 4331 1218 4391 criticae
1248 4333 1320 4391 artis
1342 4331 1432 4391 liber-

221 4483 475 4494 -ffl

305 4564 330 4631 l)
349 4563 459 4628 Scripsit
478 4581 499 4616 r.
519 4581 540 4616 o.
562 4564 711 4631 ,Querulum
731 4564 826 4632 pacis,‘
846 4565 994 4626 ,Querelam
1011 4565 1140 4630 evangelii
1158 4571 1204 4615 otc.
