3144 5092
687 314 774 369 Cerur
787 314 821 368 V.
1321 317 1372 372 119

505 407 1092 416 -η-μ--Ἧ
1098 410 1373 420 —--—---———-—

139 523 243 597 pterea
265 519 402 578 laudatus
425 523 471 578 est
493 537 511 577 a
534 517 663 578 Castalio
681 517 874 578 Benedictino
896 517 1005 578 Iltteris
1028 519 1065 578 ad
1084 517 1249 580 Galilaourn
1272 519 1373 580 datis.l

140 627 221 687 Huic
244 627 345 686 eodem
368 626 467 685 animo
489 625 598 703 Napoli
616 625 709 684 Failla
728 624 887 685 carmelita
909 626 1041 703 scripsit,
1064 626 1229 686 assentiens
1250 626 1372 705 (iampa-

140 735 250 810 nellae,
274 734 377 812 quiin
395 733 530 811 apologia
548 751 601 811 pro
621 731 752 794 (baillaeo
775 733 938 810 composita
955 733 1083 810 dixerat,
1106 735 1276 812 quicunque
1294 735 1372 812 ejus·

140 842 210 902 dem
232 842 376 902 rationem
398 840 628 919 philosophandi
656 841 858 918 prohiberent,
887 859 937 902 eos
964 859 1067 902 omnes
1094 842 1191 919 ipsam
1218 843 1372 920 prohibero

140 955 273 1010 mentem
296 949 488 1010 christianam
510 949 669 1027 quominus
693 953 772 1010 esset
794 949 969 1027 christiana;
992 949 1207 1009 defendendam
1229 968 1295 1011 esse
1313 951 1371 1010 vir-

139 1061 236 1117 tutem
258 1056 387 1117 italicam
409 1057 521 1116 invidia
539 1057 734 1134 oppressam.²
773 1055 974 1116 Nobilissimis
992 1057 1119 1135 denique
1137 1056 1235 1118 verbis
1254 1058 1323 1136 pius
1341 1063 1372 1119 et

140 1165 277 1225 eruditus
303 1164 436 1224 medicus
458 1163 673 1242 Neapolitanus
696 1163 842 1238 Stelliola,
871 1169 905 1223 ut
931 1164 1063 1224 animum
1090 1165 1210 1225 adderet
1232 1165 1371 1242 Galilaeo,

139 1273 179 1332 ad
201 1273 370 1332 universam
392 1276 530 1350 provocat
551 1271 765 1350 rempublicam
787 1271 985 1334 eluistianam.
1027 1273 1072 1332 De
1090 1272 1221 1332 Romano
1242 1273 1300 1333 isto
1321 1273 1371 1334 de-

140 1385 220 1440 creto
239 1380 318 1440 idem
336 1380 405 1456 fere,
425 1380 503 1457 quod
517 1379 659 1440 uasmus
673 1381 821 1458 quondam
839 1380 876 1439 de
891 1380 1098 1458 suspendenda
1115 1380 1197 1440 bulla
1210 1379 1319 1441 Leonis
1332 1381 1370 1441 X.

140 1493 243 1548 contra
260 1487 425 1548 Luthenrm
444 1488 569 1562 vibrata,
592 1488 650 1547 fert
665 1487 824 1564 judicium:
848 1487 990 1546 nimirum
1009 1488 1161 1566 ,quoniam
1179 1487 1371 1566 Superiorum

140 1595 301 1655 consilium
330 1599 465 1656 sanctum
492 1595 557 1656 siue
585 1595 673 1655 dubio
701 1599 731 1655 et
753 1596 867 1672 justum
891 1595 993 1670 fuerit,
1020 1595 1096 1655 illud
1120 1614 1188 1656 vero
1211 1596 1371 1672 decretum,

141 1703 221 1781 quod
243 1702 281 1761 ad
303 1721 406 1762 omnes
428 1703 563 1764 nationes
582 1720 741 1781 earumque
759 1703 839 1764 viros
857 1703 984 1780 optimos
1002 1704 1160 1780 pertineat,
1183 1722 1244 1763 non
1261 1703 1371 1764 auditis

141 1811 275 1887 partibus
303 1810 343 1870 sit
364 1811 472 1886 latum,
501 1811 606 1888 quovis
633 1811 719 1870 modo
746 1811 902 1871 nitendum
929 1829 1008 1886 esse,
1035 1815 1070 1870 ut
1096 1811 1172 1871 illud
1198 1815 1371 1872 retractetur

140 1935 238 1996 neque
261 1917 320 1977 nisi
343 1917 452 1978 auditis
475 1919 608 1996 partibus
631 1918 796 1995 decidatur3
825 1935 915 1996 quare
938 1919 1099 1994 optandum
1122 1918 1179 1978 sibi
1202 1919 1309 1993 rideri,
1336 1923 1370 1978 ut

140 2026 178 2084 ad
196 2025 402 2085 rindIcandam
418 2025 565 2102 justitiam
584 2029 614 2086 et
632 2025 815 2086 honestatem
838 2025 926 2084 etiam
949 2025 1042 2084 exteri
1060 2043 1159 2084 rerum
1176 2026 1369 2102 physicarum

141 2134 322 2210 professores
349 2132 559 2210 interveniant3
592 2133 726 2192 dominos
753 2149 821 2192 reno
853 2132 998 2192 mundum
1027 2133 1225 2208 gubernantes
1253 2151 1369 2193 summa

141 2259 210 2302 oum
232 2240 388 2318 prudentia
410 2240 570 2300 monendos
593 2259 659 2300 esse
681 2245 716 2300 ut
737 2240 938 2315 recordentur,
967 2258 1017 2300 eos
1040 2239 1092 2318 qui
1114 2239 1192 2300 inter
1214 2239 1369 2301 scientiam
1413 2305 1414 2310 ,

141 2353 172 2408 et
197 2348 371 2424 religionem
398 2348 575 2408 discordiam
602 2348 763 2424 concitent,
795 2347 952 2425 utriusque
982 2347 1119 2408 inimicos
1146 2364 1224 2423 esse,
1257 2348 1369 2426 quippo

142 2473 235 2534 quum
262 2460 387 2533 utraque
418 2455 519 2514 divirm
550 2455 590 2516 sIt
620 2455 746 2534 ideoque
776 2455 869 2514 altera
899 2473 968 2515 cum
995 2455 1088 2514 altera
1114 2456 1291 2532 consentiae
1324 2457 1368 2516 sio

140 2550 265 2641 Neapoli
287 2563 431 2623 Jesuitam
459 2563 607 2641 quendam
630 2563 805 2638 Staserium,
833 2563 998 2640 arrogantia
1020 2567 1050 2623 et
1071 2561 1237 2640 ignorantia
1258 2563 1369 2641 pariter

141 2670 302 2747 insignem,
326 2687 422 2730 serere
445 2669 594 2730 zizania!³

249 2777 473 2854 Adjuvabantur
490 2777 678 2856 aliquatenus
697 2797 767 2838 sane
785 2778 860 2839 tales
878 2778 960 2854 itali,
984 2778 1133 2839 doctrinae
1153 2778 1371 2856 Copornicanae

142 2885 296 2962 petronia
319 2886 391 2945 viris
415 2885 538 2946 eruditis
561 2887 684 2961 exteris,
713 2887 890 2964 quibuscum
917 2887 997 2946 haud
1024 2886 1112 2963 pauci
1139 2905 1241 2946 eorum
1267 2905 1369 2947 neces·

142 2993 315 3068 sibidinem,
338 2993 514 3071 plerumque
537 2993 763 3068 clandestinam,
787 3011 903 3054 serrare
926 2995 1090 3054 studebant.
1136 2994 1183 3054 Ad
1207 2992 1368 3054 Germanos

142 3101 280 3178 inprimis
303 3100 393 3160 animi
417 3119 518 3161 eorum
541 3101 797 3178 convertebantur;
825 3101 945 3161 illorum
973 3102 1083 3178 scripta
1109 3102 1147 3161 ad
1168 3119 1231 3160 rem
1254 3105 1367 3160 contro-

142 3226 257 3268 versam
284 3209 463 3286 pertinentia
490 3209 680 3286 expetebant;
709 3212 743 3266 ut
768 3226 836 3268 cum
863 3208 983 3268 illorum
1010 3207 1151 3286 ingeniis,
1179 3207 1312 3268 veritatis
1340 3212 1370 3268 et

141 3317 285 3378 libertatis
309 3315 504 3391 aridissimis,
528 3334 648 3376 suorum
672 3315 837 3375 studiorum
860 3316 974 3376 fructus
997 3316 1249 3376 communicarent
1270 3315 1369 3376 italice

143 3425 253 3502 scripta
278 3423 370 3484 latine
397 3424 472 3483 verti
499 3423 669 3501 volebant⁴;
704 3422 911 3500 Campanellae
937 3423 1103 3501 apologiam
1130 3424 1264 3501 aliosque
1290 3424 1369 3500 ejus-

141 3532 220 3591 modi
246 3532 337 3592 libros
364 3531 443 3592 domi
471 3531 632 3608 prohibitos
659 3530 692 3589 in
715 3530 872 3592 Germania
899 3532 981 3609 typis
1008 3531 1196 3592 excudendos
1219 3532 1367 3592 curabant.

142 3639 228 3699 llulti
251 3639 372 3717 quidem
400 3639 488 3699 etiam
516 3638 596 3717 apud
622 3656 677 3699 nos
703 3655 795 3698 noras
823 3639 993 3714 systematis
1020 3638 1141 3699 cosmici
1163 3639 1292 3699 rationes
1314 3639 1369 3696 im·

142 3751 360 3824 pugnaverunt,
389 3746 441 3807 sed
464 3746 686 3824 disceptationis
713 3746 880 3826 libertatem
902 3747 1058 3822 tyrannica
1079 3747 1110 3805 vi
1132 3745 1262 3824 praecidi
1284 3745 1369 3805 nolu-

141 3859 234 3914 erunt.
281 3852 359 3928 Quid
382 3853 594 3914 Germanorum
617 3853 810 3914 eruditissimi
833 3853 870 3913 de
892 3853 1017 3913 Romani
1044 3853 1132 3914 istius
1155 3854 1270 3914 decreto
1289 3851 1369 3928 judi·

141 3961 279 4037 caverint,
298 3963 387 4022 verba
404 3966 550 4022 testantur
568 3961 728 4022 venerandi
748 3960 828 4021 senis
845 3960 1002 4037 Maestlini,
1021 3961 1143 4038 Kepleri
1160 3959 1366 4038 praeceptoris.

248 4173 274 4242 1)
294 4172 380 4242 Opere
399 4173 426 4226 di
445 4171 501 4227 Gal.
521 4171 588 4226 VIII
607 4171 659 4226 399
673 4186 694 4226 s.

247 4263 274 4332 2)
293 4262 397 4317 Ibidem
414 4262 482 4316 VIII
501 4261 551 4316 391
568 4277 589 4314 s.

246 4353 274 4421 3)
293 4351 397 4406 Ibidem
416 4351 482 4405 VIII
500 4349 552 4406 386
567 4366 588 4404 s.

246 4441 275 4510 4)
294 4440 337 4496 Sic
357 4440 486 4510 Cesarini,
505 4439 641 4495 Romanus
659 4439 766 4508 nobilis,
786 4439 1035 4495 commentationem
1054 4441 1187 4510 quandam
1206 4439 1316 4495 Galilaei
1335 4440 1370 4510 (Il

142 4530 298 4601 saggiatore)
321 4530 402 4585 latine
420 4530 489 4584 verti
507 4529 566 4584 rult
589 4547 650 4599 ,per
667 4528 835 4600 participaris
859 4529 885 4584 di
907 4529 934 4584 ld
952 4529 997 4584 dui
1015 4530 1100 4584 monti
1123 4529 1244 4601 aquegl’
1263 4529 1370 4601 ingegni

141 4619 285 4674 avidissimi
304 4619 375 4675 dalla
393 4619 477 4675 verita
495 4636 510 4674 e
528 4619 623 4680 liberta
640 4619 784 4676 filosofioa.‘
821 4618 887 4689 Opp.
907 4620 934 4674 di
953 4619 1009 4676 Gal.
1029 4619 1072 4674 IX
1090 4619 1132 4674 24.
