3188 5086
691 261 783 316 caus
799 262 844 316 m.
1240 244 1247 260 “
1319 263 1370 320 115

1031 354 1368 364 m———n-n

145 477 202 536 n'bi
224 493 286 538 non
306 477 495 554 videbantur,
526 495 630 538 revera
650 476 715 538 lieri
737 478 924 538 nullomodo
947 493 1032 553 posse
1053 477 1223 553 putubaut¹
1267 479 1370 552 Itaque

144 583 211 655 ipsa
241 599 343 641 eorum
370 584 499 642 uirorum
525 581 602 642 ialsa
628 582 735 642 fidncia
761 583 870 642 iactum
899 588 957 656 est,
992 588 1024 642 ut
1051 583 1204 644 concilium
1230 583 1372 644 Constan-

145 687 243 745 tieuse
274 687 305 744 in
335 688 423 747 rebus
457 687 635 762 gravissimis
659 685 762 760 judicii
795 688 895 759 injusti
933 693 964 746 et
993 687 1119 747 crudelis
1148 689 1264 761 culpam
1291 689 1372 748 nuda

146 791 293 850 oblivione
316 791 495 854 obruendam
518 792 714 851 contraheret.

235 894 303 954 Duo
326 895 461 970 Bobemi,
483 895 539 954 viri
561 896 752 968 sanctissimi,
779 896 955 970 apostolicae
978 895 1173 970 simplicitatis
1193 896 1317 968 aemuli,
1340 897 1371 954 iu

149 999 278 1058 medinm
292 999 488 1074 proteruntur,
511 1000 588 1059 alter
602 999 680 1058 band
694 1001 784 1058 multo
799 1005 864 1072 post
878 1001 1010 1073 alterum,
1032 1015 1131 1074 quare,
1154 999 1287 1072 qnoniam
1307 999 1371 1072 pari

148 1103 264 1162 ratione
286 1119 352 1162 cum
374 1104 410 1162 iia
433 1109 529 1162 actum
552 1110 613 1178 est,
643 1103 680 1163 de
703 1109 825 1177 utroque
849 1105 1038 1176 conjunctim,
1061 1104 1145 1162 sicuti
1168 1103 1249 1162 multi
1271 1118 1370 1162 eornm

148 1209 302 1282 aequales,
329 1207 467 1267 dicemus.
519 1209 598 1268 Nihil
628 1209 735 1282 scium,
768 1210 882 1282 volunt,
915 1208 1038 1281 diligunt
1065 1211 1185 1280 praeter
1216 1207 1370 1265 Christum.

149 1311 235 1370 Hunc
249 1328 349 1371 reram
364 1317 478 1387 petram
494 1329 569 1388 esse,
588 1329 677 1388 supra
691 1330 777 1387 quam
793 1313 918 1372 ecclesia
932 1310 1086 1370 aedificata
1101 1312 1148 1385 sit,
1170 1327 1227 1370 non
1241 1311 1369 1386 Petrum,

149 1415 256 1474 nedum
284 1417 413 1492 Papam,
441 1434 500 1476 non
525 1419 614 1477 aliter
643 1435 677 1476 ac
706 1418 808 1476 summi
838 1416 953 1474 concilii
980 1416 1070 1476 duces
1092 1413 1215 1474 firmiter
1238 1415 1369 1476 creduut

148 1518 192 1578 Aa
218 1521 290 1594 ipsi,
322 1521 482 1581 christiana
503 1522 641 1581 libertate
669 1519 794 1580 fidenter
815 1526 946 1594 utentes,
969 1521 1045 1579 serio
1068 1520 1187 1578 abolere
1210 1525 1370 1594 coeperunt

149 1623 322 1684 traditiones
345 1626 411 1684 illas
432 1625 588 1700 humanas,
611 1626 648 1685 de
671 1643 791 1698 quarum
814 1625 904 1684 abusu
918 1625 1056 1683 Nicolaus
1077 1625 1164 1683 toties
1182 1642 1248 1684 cnm
1262 1625 1371 1684 ceteris

148 1735 267 1801 questus
290 1735 365 1788 erat.
409 1730 557 1790 Nonnulla
579 1730 658 1790 inter
680 1747 730 1790 eas
751 1727 908 1790 referenda
931 1746 995 1788 esse
1016 1735 1134 1804 putant,
1157 1746 1231 1803 quac
1254 1729 1370 1790 concilii

147 1838 248 1906 patres
276 1840 416 1913 tanquam
437 1835 550 1895 diuinas
573 1837 654 1909 leges
677 1842 862 1894 venerantur.
909 1835 947 1892 Hi
970 1851 1070 1894 errare
1092 1834 1207 1908 quidem
1231 1852 1262 1894 se
1284 1851 1370 1910 posse

148 1935 332 2014 confitentur,
355 1956 411 1999 nec
434 1947 533 2000 tamen
555 1941 586 1998 in
609 1941 645 1998 iis
661 1939 764 2014 rebus,
787 1940 824 1998 dc
841 1937 944 2012 quibus
959 1955 1035 1998 nunc
1051 1945 1163 2012 agatur,
1185 1945 1245 1998 tam
1260 1939 1371 2013 apertis

146 2042 274 2116 sedicet,
301 2049 334 2102 nt
364 2043 420 2117 ipsi
447 2045 478 2103 in
507 2045 544 2102 iis
574 2060 673 2103 errare
704 2049 858 2116 nequeant
903 2041 1073 2102 Reiormare
1100 2044 1200 2102 volunt
1226 2043 1369 2102 ecclesiae

146 2153 288 2206 externae
317 2154 405 2222 caput
435 2153 466 2208 et
497 2149 642 2222 membra,
671 2153 701 2207 at
729 2149 789 2206 suis
822 2147 974 2220 remediis,
1010 2163 1066 2205 non
1091 2148 1142 2222 iis,
1171 2165 1245 2221 qnae
1272 2155 1305 2206 ut
1333 2163 1369 2205 en

149 2249 242 2309 verbo
261 2251 361 2311 divino
381 2252 519 2312 hauriant
540 2251 740 2311 admonentur.
785 2251 901 2324 Rogant
919 2251 996 2308 viros
1017 2251 1097 2325 illos,
1120 2267 1158 2310 ne
1180 2252 1244 2325 plns
1265 2268 1368 2324 sapere

148 2371 237 2427 quam
266 2357 329 2430 ipse
363 2356 489 2415 ecclesia
518 2356 624 2428 uelint,
654 2362 686 2414 ut
706 2355 806 2414 humili
829 2355 925 2414 animo
947 2353 1063 2414 intutae
1086 2354 1208 2414 Concilii
1230 2355 1369 2414 decisioni

147 2459 212 2517 sire
229 2457 443 2534 informationi,
466 2477 541 2533 quae
564 2459 730 2533 dicebatur,
754 2475 785 2518 se
807 2459 971 2532 subjiciant
1010 2459 1140 2534 Rogant,
1158 2459 1210 2518 sed
1225 2460 1309 2518 simul
1324 2461 1369 2519 iu·

147 2563 267 2622 teritum
282 2565 319 2624 iis
334 2565 491 2625 minantur.
526 2563 645 2623 Scilicet
667 2581 732 2622 cnm
754 2563 927 2639 Pontificiis,
951 2580 1023 2638 quos
1038 2565 1111 2622 alias
1126 2564 1310 2638 impugnant,
1333 2581 1369 2624 eo

146 2668 348 2742 consentiunt,
371 2668 447 2742 qnod
468 2674 620 2728 externum
644 2666 788 2742 quoddam
809 2668 974 2742 imperium,
1002 2668 1034 2725 vi
1054 2667 1251 2742 obtinendum,
1273 2671 1369 2728 ecclc-

147 2771 210 2828 siae
247 2773 387 2831 tribuunt
449 2772 634 2846 Irascuntur,
672 2772 748 2844 qnod
781 2772 902 2830 Bohcmi
939 2773 1032 2832 urinas
1069 2773 1134 2832 illas
1166 2789 1225 2831 non
1257 2779 1368 2832 curant

145 2875 316 2935 Admoncnt
347 2893 414 2950 eos,
447 2893 485 2936 ne
520 2877 686 2950 eloquentia
724 2881 756 2934 et
792 2878 904 2950 magnis
937 2877 1020 2935 donis
1052 2877 1111 2935 suis
1146 2877 1287 2936 ccclesiae
1320 2894 1367 2936 re-

144 2985 285 3054 pugnent.
329 2980 370 3038 Hi
391 2981 585 3056 respondent,
608 2997 641 3039 se
667 2981 760 3039 sancti
775 2980 932 3054 ,evangelii
960 2980 1170 3053 aemulatores,
1200 2995 1232 3038 se
1260 2979 1367 3039 Christi

145 3081 303 3156 discipulos
333 3099 416 3158 esse,
446 3085 607 3143 Romanam
634 3084 788 3143 ecclesiam
817 3088 988 3155 ceterasque
1013 3096 1067 3154 per
1093 3082 1192 3140 orbem
1220 3081 1366 3154 dispersas

145 3185 185 3244 ab
206 3188 402 3260 apostolorum
423 3187 630 3248 traditionibus
651 3187 738 3260 longe
761 3187 877 3245 abiisse.
921 3183 1106 3258 significatur
1131 3200 1216 3257 posse
1245 3201 1308 3258 eos,
1340 3187 1365 3244 si

146 3291 310 3350 sententias
337 3307 405 3350 suas
428 3292 550 3350 concilio
573 3292 740 3366 subjiciant,
770 3306 865 3348 coram
887 3289 951 3347 Deo
974 3289 1056 3346 etin
1079 3288 1203 3346 ecclesia
1224 3289 1365 3349 militante

144 3393 299 3452 sublimem
320 3396 457 3467 consequi
478 3395 581 3454 locum.
618 3395 787 3472 Reponunt,
806 3393 870 3452 Deo
891 3393 983 3466 magis
1003 3409 1090 3466 quam
1112 3393 1276 3454 bominibus
1296 3395 1367 3454 obe·

144 3497 283 3556 diendum
313 3513 387 3556 esse.
431 3499 560 3559 loannes
583 3499 646 3558 Hns
669 3498 800 3573 ,Revera
830 3497 947 3570 expedit
972 3499 1043 3556 mihi
1066 3499 1157 3574 magis
1185 3499 1286 3575 mori,‘
1316 3501 1365 3558 in·

143 3601 222 3674 quit,
242 3617 344 3675 ,quam
367 3601 504 3675 fugiendo
523 3618 646 3676 poenam
669 3607 900 3661 momentaneam
921 3602 1051 3662 incidere
1073 3604 1103 3661 in
1126 3619 1228 3663 manus
1248 3603 1364 3662 Domini

143 3711 176 3764 et
202 3701 278 3763 forte
308 3709 376 3778 post
400 3706 433 3764 in
458 3707 556 3780 ignem
586 3711 618 3766 ct
639 3705 810 3780 opprobium
838 3706 1064 3780 sempiternum.‘
1108 3706 1275 3778 Eodemque
1293 3711 1364 3764 tem-

142 3823 229 3882 pore,
264 3808 398 3868 alludens
434 3809 472 3869 ad
501 3825 608 3869 nomen
634 3826 734 3884 suum,
773 3807 847 3882 quod
874 3810 1024 3870 bohemico
1052 3825 1186 3868 anserem
1215 3804 1365 3880 significat,

141 3909 284 3970 iratribus
306 3911 503 3987 Pragensibns
530 3915 646 3988 scripsit
668 3913 705 3972 de
728 3913 917 3972 adversariis:
944 3913 1042 3987 ,Aliae
1064 3927 1147 3986 ares,
1175 3925 1250 3982 quae
1277 3910 1366 3970 verbo

141 4015 200 4074 Dei
229 4020 260 4074 et
280 4016 338 4074 cito
355 4017 453 4076 volatu
475 4034 527 4077 suo
548 4020 609 4076 alta
630 4022 749 4092 petunt,
779 4033 878 4076 corum
901 4016 1020 4075 insidias
1043 4019 1203 4074 conterent
1246 4012 1365 4073 Accidit

141 4119 199 4178 illis
225 4117 320 4194 idem,
350 4120 426 4194 quod
445 4121 623 4182 iudaeorum
648 4118 848 4195 pontificibus:
876 4120 925 4194 qui
955 4117 1109 4178 veritatem
1130 4117 1216 4176 morti
1236 4117 1366 4178 tradide-

140 4228 223 4298 runt,
251 4223 304 4282 illa
334 4241 406 4284 vera
434 4242 592 4301 resurgens
625 4225 695 4284 vicit
729 4225 847 4285 omnes.‘
904 4223 1043 4283 Similiter
1073 4221 1104 4280 iu
1136 4222 1258 4281 concilio
1287 4221 1365 4282 baud

233 4455 260 4519 1)
279 4455 401 4508 Gereonis
413 4471 476 4523 opp.
489 4455 511 4506 I.
525 4459 575 4508 68⁹
585 4453 618 4510 B.
627 4454 655 4506 G.
678 4454 717 4507 (li.
729 4453 901 4516 Tachaolrert,
916 4453 1058 4504 Peterson
1069 4451 1134 4502 silli
1150 4466 1177 4518 p.
1190 4455 1232 4503 29.
1255 4451 1363 4518 Langen

139 4541 157 4592 l.
176 4555 199 4594 c.
220 4555 246 4605 p.
261 4545 310 4592 loa
330 4558 352 4594 s.
