3188 5086
225 237 278 301 110
702 239 809 296 Psaros
829 241 945 296 Paroars

224 455 363 532 diximus,
383 456 480 532 operis
502 455 547 518 sui
569 461 654 532 parte
668 455 885 517 demonstravit
923 456 1005 530 Quod
1026 458 1133 518 mnlum
1153 457 1212 534 vir,
1233 456 1266 517 in
1287 457 1352 532 ipsa
1369 459 1438 518 aula

222 559 375 622 Pontifioia
403 559 627 636 versatissimus,
657 578 745 635 quum
774 561 967 636 perlongum
993 567 1108 636 tempus
1131 561 1268 622 scelerati
1296 566 1327 622 et
1354 561 1437 636 impii

220 681 314 741 papae
336 665 374 726 ab
396 664 475 726 omui
493 665 607 726 sincera
628 664 740 738 pietate
763 665 852 726 alieni
873 672 1060 740 regnassent,
1079 668 1141 740 jam
1158 665 1315 740 pessimum
1329 663 1438 726 iactum

220 770 280 832 suis
296 769 388 830 oculis
405 769 526 830 viderat.
564 768 660 840 Quare
678 768 752 828 illud
772 769 944 844 justissimo,
967 775 999 830 ut
1017 769 1073 846 ait,
1096 770 1206 845 publici
1221 769 1320 830 damni
1337 770 1437 830 dolore

219 873 370 950 incitatus,
392 874 424 934 in
445 873 502 932 loci
523 872 602 932 illius
623 871 681 932 fine
701 871 747 932 bis
763 872 860 932 verbis
875 872 1030 933 describit:
1050 873 1221 950 ,Pontifices
1237 873 1275 933 ad
1289 879 1438 933 terrenam

219 983 394 1054 potestatem
417 977 500 1052 elati,
530 975 692 1038 mimarum
721 976 823 1037 salutis
852 976 1072 1052 munerumque
1098 983 1322 1052 praeceptorum
1351 975 1436 1036 obliti

219 1089 307 1157 atque
341 1081 379 1142 atl
410 1080 556 1142 mundana
587 1080 713 1156 imperia
746 1081 825 1140 omni
859 1081 1036 1156 cogitatione
1069 1081 1216 1158 conversi,
1250 1098 1305 1142 nec
1336 1079 1437 1140 divium

219 1185 395 1248 auctoritate
428 1185 517 1245 aliter
548 1201 635 1259 quam
667 1185 752 1259 quasi
783 1186 843 1245 talo
877 1191 909 1246 et
940 1186 1132 1248 instrumento
1164 1203 1261 1247 rerum
1289 1185 1437 1262 bombum

220 1297 351 1366 utentes,
384 1289 531 1364 principes
560 1289 655 1365 potius
686 1289 817 1363 gentium
845 1305 932 1364 quarn
965 1307 1064 1350 rerum
1094 1307 1241 1351 sacram
1271 1289 1437 1350 administri

219 1394 313 1456 videri
332 1398 500 1469 coeperunt.
544 1393 654 1453 Horum
676 1409 764 1452 curae
786 1399 818 1454 et
838 1393 959 1468 negotia
978 1411 1037 1456 non
1054 1395 1116 1468 jam
1135 1395 1213 1454 vitae
1236 1393 1436 1469 sanctimonia,

220 1515 277 1559 non
305 1497 457 1572 religionis
484 1497 679 1573 incrementa,
707 1514 774 1558 non.
796 1514 868 1572 erga
895 1498 991 1558 Deum
1017 1505 1048 1560 et
1073 1499 1205 1560 homines
1233 1499 1354 1574 caritas,
1384 1497 1437 1558 sed

221 1603 377 1678 exercitus,
410 1603 463 1664 sed
494 1601 573 1662 bella
604 1601 637 1660 in
670 1599 863 1677 Christianos,
898 1601 950 1662 ssd
979 1603 1122 1676 pecuniae
1151 1603 1293 1662 immensa
1322 1601 1436 1678 cupido,

219 1722 313 1768 norae
334 1708 431 1782 leges,
452 1722 545 1766 nouae
568 1711 659 1780 artes,
679 1720 773 1764 novae
795 1705 921 1766 insidiae
943 1706 982 1767 ad
1003 1707 1157 1780 pocuutm
1178 1706 1306 1781 undique
1329 1723 1436 1781 cogen-

218 1811 301 1872 dant:
331 1811 364 1871 in
393 1811 470 1871 bunc
494 1809 581 1870 mom
603 1809 795 1870 audacissime
818 1825 901 1870 arma
923 1811 1065 1872 caelestia
1086 1811 1219 1886 vibrare,
1248 1809 1436 1885 profanarum

219 1931 424 1991 sacmumqne
445 1931 543 1974 rerum
561 1912 801 1974 nundinationem
819 1913 1071 1989 impudentissime
1092 1931 1240 1976 exercere.
1276 1915 1352 1976 Hinc
1366 1931 1437 1989 opes

217 2021 250 2080 in
275 2019 446 2081 immensum
466 2019 608 2080 mancae
631 2023 663 2079 et
683 2017 716 2076 in
738 2023 830 2078 totam
850 2019 977 2093 ipsorum
999 2021 1095 2080 aulam
1121 2019 1245 2096 elissae,
1275 2035 1311 2080 ex
1333 2017 1437 2095 quibus

218 2123 322 2198 fastus,
352 2123 479 2200 luxuria,
516 2139 611 2184 mores
645 2121 820 2198 turpissimi,
854 2121 991 2183 libidines
1022 2123 1243 2198 voluptatesque
1277 2121 1436 2196 nefandam

218 2228 299 2288 nulla
323 2244 535 2302 successorum,
566 2227 647 2286 nulla
673 2226 834 2301 majestatis
863 2232 1024 2302 perpetuae
1053 2225 1239 2302 pontificatus
1265 2243 1349 2302 cura,
1382 2226 1436 2287 sed

217 2332 303 2406 huius
332 2334 395 2392 loco
426 2331 530 2407 cupido
562 2329 649 2390 anxia
672 2335 702 2390 et
723 2329 878 2406 pestilera,
907 2329 996 2407 filios,
1025 2337 1162 2408 nepotes,
1192 2332 1266 2392 elios
1287 2330 1344 2391 sibi
1365 2347 1434 2391 con-

214 2437 330 2510 junctos
360 2441 391 2496 et
420 2435 599 2496 necessarios
629 2451 688 2494 nou
716 2434 801 2494 modo
831 2434 869 2494 ad
898 2451 968 2509 opes
992 2435 1198 2496 immoderatas
1220 2451 1321 2496 uerum
1343 2435 1433 2496 etiam

218 2539 257 2600 ad
292 2554 384 2614 regua
420 2545 451 2599 et
488 2537 612 2612 imperia
651 2537 810 2612 evehendi3
841 2555 899 2612 qua
929 2539 1066 2614 cupidine
1095 2539 1266 2600 inflammati
1289 2542 1351 2616 jam
1379 2556 1434 2613 per

217 2643 322 2704 multos
345 2659 436 2704 annos
458 2643 602 2703 bellorum
631 2647 780 2717 aucwres,
807 2657 944 2702 novorum
970 2643 1171 2704 incendiorum
1189 2641 1271 2704 laces
1291 2643 1324 2703 in
1345 2642 1434 2704 Italia

218 2747 400 2826 exstiterunt
420 2779 460 2790 -
483 2746 538 2806 His
559 2745 687 2806 moribus
709 2745 845 2806 affectum
867 2751 923 2822 est,
946 2751 979 2806 ut
997 2763 1119 2807 excussa
1136 2748 1253 2823 penitus
1271 2765 1308 2808 ex
1326 2746 1432 2808 mimis

217 2850 364 2914 hominum
392 2851 445 2912 illa
475 2857 577 2912 uetere
610 2864 681 2924 erga
713 2847 865 2924 pontifices
897 2851 1078 2928 reverentia,
1114 2852 1300 2913 nihilominus
1331 2867 1433 2912 eorum
1496 2935 1505 2946 ⁸
1578 2853 1579 2866 ¹

217 2955 375 3018 auctoritas
396 2961 459 3016 tum
477 2953 641 3030 religionis,
663 2971 721 3029 qua
742 2954 815 3014 nibil
837 2954 869 3014 in
890 2955 977 3016 terris
998 2956 1036 3016 ed
1054 2957 1185 3018 homiues
1201 2959 1248 3018 vel
1262 2957 1432 3017 retinendos

216 3062 263 3123 sel
289 3060 479 3136 impellendos
507 3059 667 3135 potentium,
696 3059 813 3120 nomine
843 3065 875 3118 et
901 3063 1068 3136 majestate,
1098 3067 1160 3120 tum
1190 3061 1344 3136 facultate,
1374 3077 1433 3135 qua

214 3166 337 3242 pollent,
359 3164 537 3240 principibus
558 3163 668 3240 iisque,
690 3164 740 3238 qui
761 3163 839 3238 apud
854 3164 907 3223 hos
921 3163 1075 3238 plurimum
1089 3171 1223 3241 possunt,
1247 3162 1433 3240 gratificandi

216 3275 247 3330 et
267 3269 441 3344 opitulandi,
463 3269 538 3328 mire
558 3268 660 3341 abuta
677 3273 857 3329 sustentetur
875 3275 964 3342 atque
980 3269 1187 3330 conservetur!
1232 3270 1314 3329 llaec
1333 3268 1433 3328 omnia

215 3377 315 3432 tantus
335 3371 382 3432 vir
402 3389 462 3433 non
483 3378 595 3433 temere
616 3373 729 3432 locutus
751 3377 804 3432 est.

798 3559 847 3620 IV.

301 3680 368 3742 lam
390 3679 521 3740 breviter
540 3696 641 3740 eorum
660 3680 837 3741 mentionem
855 3679 1010 3757 faciemus,
1032 3698 1106 3756 quae
1121 3682 1159 3741 ad
1174 3681 1305 3743 sananda
1323 3683 1429 3742 damna

214 3802 303 3860 supra
329 3783 476 3860 descripte
504 3801 595 3858 usque
622 3785 660 3844 ad
689 3785 817 3846 seculum
838 3784 981 3846 decimum
1003 3791 1116 3846 sextum
1137 3791 1252 3846 tenmta
1274 3792 1349 3846 sunt.
1394 3787 1431 3846 ln

214 3889 317 3964 quibus
339 3895 371 3949 et
391 3889 477 3965 ipsis,
500 3894 533 3948 ut
552 3886 585 3947 fit
606 3887 638 3948 in
656 3889 744 3949 rebus
764 3889 910 3966 humanis,
932 3889 991 3950 elia
1008 3889 1172 3966 desideres,
1194 3890 1254 3950 alia
1271 3891 1338 3963 jure
1355 3890 1430 3950 vitu·

213 4009 308 4067 peres.
353 3994 416 4054 Nec
444 3999 543 4054 minen
566 3993 675 4052 frustra
697 3997 810 4054 tentata
832 3998 907 4054 sunt.
951 3993 1050 4054 Etiam
1072 3994 1169 4055 medio
1191 4011 1264 4054 aevo
1288 3993 1430 4068 Christus,

214 4097 297 4168 cujus
318 4113 440 4170 regnum
459 4112 516 4158 non
536 4102 583 4157 est
601 4097 688 4172 husjns
709 4097 825 4172 mundil,
847 4114 907 4158 non
928 4097 1034 4158 deerat
1053 4098 1195 4159 ecclesias
1219 4114 1299 4158 suae
1341 4097 1430 4170 Quid·

213 4197 283 4272 quid
309 4199 456 4262 saniorum
484 4201 588 4262 urium
616 4201 713 4262 inerat
734 4200 767 4262 in
789 4199 1017 4262 Christianorum
1044 4209 1141 4278 coetu,
1170 4202 1209 4262 ad
1234 4201 1430 4278 impugnanda

213 4303 291 4363 mala
311 4301 364 4362 illa
385 4303 507 4366 diversis
528 4305 705 4379 temporibus
726 4309 758 4366 ot
778 4305 871 4366 modis
893 4313 1045 4366 avocatum
1067 4313 1120 4368 est.
1165 4306 1260 4366 Erant
1274 4309 1337 4382 jam
1351 4311 1430 4380 tuuc,

213 4407 264 4481 qni
278 4407 378 4470 diune
399 4406 503 4482 spiritu
519 4407 615 4470 infleti
630 4409 663 4468 in
679 4409 824 4469 mundano
838 4425 929 4484 reguo
943 4407 1104 4487 pontificio,
1125 4410 1202 4484 quod
1216 4415 1317 4470 nostra
1331 4414 1429 4472 aetate

212 4511 459 4595 obolitum„multi
480 4512 647 4588 deplorant,
676 4511 791 4586 aliquid
813 4512 1054 4574 antichristianae
1076 4515 1183 4576 indolis
1202 4513 1319 4594 publice
1341 4513 1428 4578 casti·
