3188 5086
687 281 778 332 Carnu
795 281 830 332 11.
1336 281 1369 336 75

136 499 265 566 rogatae
296 493 399 554 indole
426 501 457 555 et
484 496 589 556 effectu
616 511 720 569 pamm
749 495 846 555 idonei
868 505 975 556 essent.
1020 497 1078 557 Sed
1099 497 1219 570 patebat
1240 496 1370 555 omnibus

136 597 200 668 ejus
220 595 399 656 fautoribus
421 601 531 674 aliquid
550 601 653 659 saltem
672 599 750 658 illius
772 601 907 676 periculi,
930 602 1004 674 quod
1027 602 1064 660 ab
1087 601 1203 674 ingenio
1218 601 1369 674 ieiunae,

135 700 302 761 Romanae
334 705 477 764 ecclesiae
503 706 614 764 victore
645 709 733 778 atque
753 711 890 780 tyranno,
918 708 1025 766 uostris
1048 705 1151 764 scholis
1174 705 1369 778 doctrinisque

135 805 310 865 imminens
340 825 428 881 supra
457 807 667 882 descripsimus.
716 808 757 867 Et
795 809 819 868 si
850 811 913 882 quis
937 810 1040 870 dubius
1067 809 1179 881 fuerat,
1206 825 1275 866 num
1301 808 1370 882 quid

135 908 173 968 ad
197 909 382 969 evitandum
410 912 570 985 periculum
607 913 655 971 lex
690 913 815 988 valeret,
843 911 1013 973 mandentes
1046 911 1277 972 adversariorum
1311 917 1371 970 tor·

134 1029 186 1073 ror
216 1015 357 1073 removit
383 1015 601 1075 dubitationem.
649 1015 818 1075 Declaravit
839 1017 1021 1093 Meppeusis,
1052 1019 1076 1076 si
1096 1017 1144 1076 lex
1163 1015 1370 1088 retraheretur,

134 1123 289 1190 paratum
320 1135 353 1178 se
384 1118 448 1180 fore
479 1119 517 1179 ad
542 1121 761 1194 relinquendam
787 1120 888 1180 (leniri
918 1123 1100 1181 sodalitatem
1127 1114 1215 1202 (hanc
1241 1120 1316 1178 enim
1338 1124 1372 1177 ut

136 1223 294 1282 hostilem
314 1224 426 1282 civitati
448 1225 606 1283 exereitum
631 1223 827 1284 Cancellarius
848 1222 1037 1308 signaverat),
1059 1225 1112 1284 sed
1132 1243 1168 1284 eo
1187 1223 1372 1298 magnificen-

137 1327 200 1384 tius
238 1343 261 1384 a
289 1327 435 1387 sodalibus
462 1330 651 1403 ‚margaritae
674 1331 857 1403 Meppensis‘
883 1332 1000 1390 nomine
1029 1331 1193 1390 celebratus
1215 1335 1268 1389 est.
1312 1327 1371 1387 Ita-

137 1447 199 1503 que
225 1447 336 1491 meuse
360 1431 465 1491 Martis
486 1433 554 1492 anni
581 1433 700 1492 secundi
723 1439 754 1493 et
775 1436 979 1508 septuagesimi
1002 1435 1090 1494 etiam
1108 1433 1183 1492 haec
1204 1433 1251 1493 lex
1273 1432 1371 1492 valuit

139 1533 239 1609 Cujus
265 1537 354 1594 initio
376 1553 515 1610 perquam
537 1538 683 1597 modestus
707 1555 783 1612 usus,
807 1543 909 1612 postea
931 1540 1046 1613 gravim
1070 1538 1278 1598 exardescente
1293 1537 1371 1598 bello

140 1639 289 1699 crebrior
306 1638 401 1699 iactus
419 1647 478 1722 ¹est.

240 1745 346 1818 Longe
370 1746 447 1804 enim
467 1745 699 1806 vehementiores
718 1748 858 1806 tumultus
879 1749 965 1822 paulo
987 1755 1053 1822 post
1075 1747 1163 1807 tertia
1183 1749 1230 1806 lex
1245 1747 1372 1805 concita-

142 1847 201 1920 vit,
226 1866 292 1908 non
314 1837 333 1908 a
355 1848 493 1909 Bomssia
518 1851 571 1910 sed
593 1851 630 1910 ab
651 1851 786 1911 universa
810 1852 984 1926 Germania,
1013 1868 1108 1926 neque
1131 1852 1214 1912 arei
1236 1851 1370 1923 publicae

144 1953 320 2013 rectoribus
345 1953 398 2012 sed
423 1970 442 2012 a
466 1955 564 2028 populi
598 1955 740 2030 delegatis
766 1956 905 2030 profecta.
954 1956 1105 2030 Agebatur
1131 1955 1168 2014 de
1195 1955 1373 2014 Jesuitarum

146 2057 308 2117 societate.
355 2058 393 2116 lii
416 2074 435 2116 a
455 2059 586 2132 plurimis
609 2059 782 2120 Germaniae
806 2061 970 2120 civitatibus
984 2075 1111 2133 eousque
1133 2060 1263 2131 legitime
1283 2057 1373 2114 inter·
1441 2047 1446 2056 ’

148 2161 227 2220 clusi
258 2168 357 2236 erant,
388 2164 478 2222 etiam
506 2164 559 2222 sub
584 2163 735 2224 catholicis
757 2163 949 2238 principibus,
980 2163 1141 2236 exquibus
1164 2160 1372 2222 LudovicusI.

149 2263 302 2326 Bavariac
329 2282 395 2341 rex,
422 2267 565 2328 ecclesiae
593 2268 802 2342 deditissimus,
833 2285 948 2342 semper
962 2255 1055 2341 illos,
1081 2267 1153 2325 licet
1181 2265 1300 2325 scuria
1321 2281 1374 2337 per

150 2372 292 2430 nuntium
313 2371 444 2444 impense
466 2371 521 2430 sibi
544 2372 771 2448 commendatos,
793 2379 826 2432 ut
847 2372 1104 2446 periculosissimos
1126 2369 1257 2430 hominos
1278 2385 1372 2428 remo·

149 2479 248 2532 verat
294 2474 406 2534 Tamen
432 2476 612 2548 irrepserant
637 2475 831 2552 pedetentim,
861 2495 947 2550 quum
977 2477 1151 2551 pracsertim
1177 2480 1245 2550 post
1267 2491 1372 2534 anuum

150 2575 242 2653 hujus
265 2579 357 2638 seculi
375 2580 718 2653 undequinquagesimum
733 2582 765 2641 in
777 2581 915 2641 Borussia
930 2582 1026 2655 palam
1041 2579 1145 2642 florere
1158 2585 1188 2641 et
1202 2582 1233 2639 in
1248 2579 1372 2640 ecclesia

152 2699 209 2740 sua
234 2681 377 2741 dominari
397 2684 571 2759 coepissent,
591 2685 623 2744 in
645 2701 707 2743 rem
730 2703 811 2744 suam
834 2687 979 2744 conversis
1001 2686 1089 2745 certis
1110 2683 1281 2758 quibusdam
1303 2683 1372 2756 ,Bo-

153 2788 289 2845 russieae
312 2785 550 2847 Constitutionis‘
573 2789 717 2864 articulis,
740 2790 777 2848 ad
801 2791 989 2849 ecclesiarum
1012 2789 1179 2849 libertatem
1200 2773 1373 2861 pertinenti-

153 2889 226 2966 bus,
251 2907 372 2964 quorum
400 2889 552 2952 formulam
574 2893 628 2952 sub
651 2894 712 2953 sola
734 2893 906 2953 excludendi
927 2894 1056 2954 Jcsnitas
1087 2893 1258 2952 condicione
1280 2891 1373 2950 Fran·

156 2993 267 3053 coiurti
295 2995 472 3068 propositam
495 3013 513 3056 a
535 2997 722 3072 Dothugsrn
743 2996 832 3057 fuisse
864 3013 952 3071 supra
973 2997 1201 3056 memoravimus.
1247 2994 1372 3054 Eosdem

156 3099 299 3158 articulos
326 3101 357 3157 in
387 3101 487 3172 primis
513 3102 571 3160 illis
601 3103 668 3161 novi
695 3103 810 3176 imperii
842 3101 965 3161 comitiis
991 3100 1076 3174 hujus
1102 3100 1214 3174 legibus
1240 3099 1373 3158 inserere

155 3201 283 3262 Romani
305 3201 406 3262 Contri
427 3205 541 3264 sodales
563 3207 624 3264 sive
646 3205 774 3266 Gentrici
805 3201 851 3286 (ut
872 3206 1006 3265 breviore
1029 3203 1145 3262 nominc
1164 3195 1245 3282 utar)
1267 3201 1373 3260 enixis·

156 3307 250 3380 sime,
275 3307 347 3367 licet
365 3307 489 3384 bucha,
517 3308 720 3384 studuerunt,¹
736 3309 824 3384 idque
847 3311 909 3368 siue
932 3308 1020 3366 dubio
1041 3311 1160 3380 praeter
1180 3307 1253 3365 alias
1272 3321 1375 3364 causas

157 3412 249 3471 etiarn
278 3411 467 3472 fovendorum
495 3431 550 3487 per
572 3415 737 3474 universam
760 3413 945 3473 Germaniam
967 3412 1145 3472 Jesnitarum
1167 3412 1270 3485 gratia.
1314 3411 1375 3470 Hos

156 3516 384 3575 increscentiam
419 3517 542 3576 subinde
582 3519 731 3577 tmbarum
770 3519 941 3592 praecipuos
980 3517 1150 3576 incitatores
1190 3533 1255 3576 esse
1288 3513 1374 3574 leche

156 3620 261 3693 patuit
305 3619 390 3680 Unde
418 3621 608 3696 factumest,
641 3628 674 3680 ut
708 3622 746 3681 ad
776 3623 879 3681 eadem
914 3622 1047 3694 comitia,
1081 3638 1168 3695 quum
1202 3637 1278 3680 anno
1308 3625 1376 3707 post

157 3725 264 3782 iterum
291 3725 508 3800 convenissent,
538 3726 675 3799 permulti
702 3727 794 3784 libelli
830 3727 989 3785 innumeris
1018 3723 1082 3784 fere
1113 3723 1278 3782 nominibus
1309 3721 1375 3780 sub·

157 3829 274 3902 scriptis
307 3827 434 3902 undique
462 3827 644 3905 alienentur,
681 3831 732 3888 alii
769 3837 802 3890 ut
830 3831 961 3890 Jesuitae
991 3829 1028 3888 ab
1054 3829 1192 3886 universa
1217 3825 1375 3898 Germania

157 3931 441 4006 intercluderentur,
469 3934 520 3992 alii
549 3939 583 3992 ut
603 3934 709 4008 ubique
732 3934 957 3993 admitterentur
979 3933 1166 4005 postulantes.
1212 3927 1281 3985 Post
1302 3927 1376 3986 mul·

157 4041 218 4094 tam
240 4035 480 4109 disceptationem
514 4039 632 4098 comitia
654 4039 751 4112 legem
780 4038 986 4109 decreverant,
1008 4050 1066 4106 qua
1083 4033 1261 4092 lesdarum
1283 4031 1399 4092 socie·

157 4147 204 4198 tas
236 4138 274 4198 ab
305 4140 443 4200 universa
475 4141 634 4200 Germania
671 4141 920 4200 intercluderetur
952 4143 983 4196 et
1017 4134 1181 4209 ubicunque
1215 4135 1376 4196 exstitisset

157 4242 374 4302 dissolveretur.
432 4245 514 4317 Quae
541 4245 588 4304 lex
618 4262 637 4304 a
662 4260 797 4319 supremo
832 4243 1048 4302 foederatarum
1075 4240 1223 4299 civitatum
1252 4241 1375 4312 collegio

157 4341 197 4426 (si
218 4364 306 4406 unum
339 4349 489 4422 parvulum
509 4349 702 4424 principatum
723 4349 919 4409 Reusseusem
941 4339 1081 4426 excipias)
1104 4344 1235 4405 omuibus
1260 4349 1376 4406 senten

251 4563 274 4630 1)
295 4563 330 4614 Μ.
349 4565 436 4628 Aprili
455 4581 479 4622 a.
501 4571 575 4617 1871.
