3188 5086
703 221 795 270 Oaros
812 219 857 270 IV.
1339 219 1391 274 119

263 435 442 495 Reuchlinns
465 435 572 495 Graeci
594 436 734 496 sermonis
757 441 816 495 tam
830 434 906 495 bene
922 451 1030 508 gnarus
1044 433 1113 510 luit,
1135 440 1169 494 nt
1182 435 1392 511 argyropulus,

171 556 264 612 quum
286 539 396 599 Romae
422 557 487 600 eum
511 539 683 615 audivisset,
705 541 896 600 exclamaret:
920 539 1046 599 Graecia
1068 545 1166 598 nosne
1189 540 1276 599 exilio
1300 545 1394 600 trans-

172 645 286 703 volavit
301 644 399 718 Alpes.
445 644 526 702 Idem
548 659 667 719 revera,
689 643 720 702 id
740 645 816 717 qnod
831 645 953 703 Sanctus
968 643 1161 718 Hieronymus
1184 644 1321 717 consequi
1336 660 1395 704 nou

172 753 325 822 potuerat,
349 747 515 806 Hebraicae
537 747 653 822 linguae
674 747 799 806 studium
818 748 849 806 in
872 749 999 806 ecclesia
1019 748 1177 806 christiana
1195 749 1277 820 quasi
1295 747 1394 808 dome·

173 853 279 910 sticum
300 851 435 910 reddidit.
473 851 685 911 Gabbalisticae
708 851 899 924 speculationi
919 853 997 925 justo
1019 852 1084 925 plus
1105 849 1195 912 dedit
1233 850 1274 909 At
1289 851 1393 910 summi

171 971 290 1028 semper
311 957 400 1029 pretii
423 956 516 1029 ipsum
537 956 629 1014 Vetus
652 955 870 1014 Testamentum
897 955 1013 1029 habuit,
1045 954 1121 1028 quod
1140 953 1178 1012 ad
1196 957 1277 1014 recte
1301 954 1393 1014 inter·

171 1059 347 1132 pretendum
369 1065 490 1133 quantos
511 1059 663 1118 thesauros
676 1058 854 1118 ludaeorum
877 1059 999 1133 scripta,
1022 1059 1111 1117 etiam
1134 1057 1302 1132 talmudica,
1325 1073 1392 1118 con·

170 1164 302 1222 tinerent
332 1163 423 1236 probe
456 1163 613 1236 perspexit.
677 1162 781 1235 Neque
811 1163 962 1235 quisquam
995 1166 1065 1221 ante
1098 1179 1181 1236 snm,
1225 1162 1296 1220 licet
1326 1162 1391 1236 ipsc

172 1266 324 1338 theologus
347 1282 404 1325 uon
427 1273 519 1340 esset,
549 1265 601 1324 sed
627 1267 703 1340 jnris
726 1265 852 1339 peritus,
882 1271 965 1324 tanta
987 1265 1159 1324 auctoritate
1174 1265 1331 1338 meologos
1352 1266 1392 1325 ad

174 1369 365 1428 hauriendum
398 1387 433 1428 ex
466 1369 599 1443 originali
633 1369 787 1428 bibliorum
820 1367 901 1428 fonte
933 1370 1077 1428 excitavit
1137 1369 1211 1428 Erat
1241 1368 1319 1428 euim
1345 1370 1391 1430 vir

171 1473 281 1547 probus
301 1478 332 1532 et
350 1473 429 1547 pius,
452 1466 593 1531 ecclesiae
614 1471 825 1544 deditissimus,
846 1472 1026 1546 gratissimus
1047 1471 1179 1547 Caesari,
1201 1471 1389 1549 principibus,

171 1577 330 1652 episcopis,
364 1575 485 1636 eruditis
517 1577 696 1652 hominibus,
729 1577 850 1652 populo,
884 1576 981 1636 multis
1016 1576 1174 1636 honoribus
1205 1581 1338 1652 ornatus,
1370 1595 1389 1638 a

170 1680 293 1740 Suevico
312 1668 432 1740 'loedere
453 1697 579 1740 summus
596 1680 688 1755 judex
708 1687 739 1741 et
761 1681 873 1740 arbiter
894 1682 1014 1742 electus.
1065 1680 1259 1740 Nihilominus
1287 1680 1388 1755 Piper·

170 1801 289 1859 cornus,
322 1785 514 1844 Hochstratus
545 1785 701 1858 inquisitor
736 1801 893 1859 eorumque
927 1786 1011 1860 socii,
1045 1786 1169 1844 virorum
1203 1784 1388 1844 obscurorum

168 1890 286 1948 nomine
306 1889 483 1948 immortales
504 1887 589 1964 lacti,
612 1887 689 1962 apud
708 1887 864 1948 Gaesarem
887 1893 917 1947 et
939 1890 1048 1962 Papam
1071 1889 1227 1949 haereseos
1249 1905 1387 1948 accusare

168 1991 363 2051 Reuchlinum
383 1994 447 2051 ausi
470 1997 550 2067 sunt,
580 1994 768 2052 resistentem
790 1993 904 2052 scilicet
925 1993 1092 2052 stultissimo
1116 1998 1147 2051 ct
1168 1993 1386 2066 perversissimo

168 2111 270 2156 corum
284 2097 411 2170 consilio,
427 2113 483 2170 quo
497 2103 617 2171 practer
631 2097 727 2156 Biblia
742 2113 840 2156 omnes
855 2096 944 2156 libros
960 2097 1119 2156 Hebraicos
1137 2097 1307 2156 cremandos
1322 2113 1386 2157 esse

168 2205 342 2259 statuerant.
388 2200 468 2272 Quae
496 2217 585 2260 cansa
613 2201 724 2260 famosa
752 2217 806 2274 per
834 2201 939 2260 multos
969 2217 1059 2260 annos
1081 2206 1230 2275 protracta
1251 2201 1386 2276 ingentes

168 2309 360 2377 tempestates
383 2305 546 2366 concitavit.
591 2305 756 2364 Monostica
778 2303 880 2379 tactio,
913 2305 960 2363 cui
987 2309 1019 2364 nt
1042 2304 1156 2365 Graeca
1178 2311 1208 2364 et
1228 2305 1384 2381 Hebraico,

167 2410 212 2467 ita
241 2414 271 2466 et
297 2408 459 2480 elegantior
489 2425 585 2468 sermo
615 2408 737 2468 Latinus
767 2425 870 2468 exosus
901 2415 977 2485 erat,
1010 2425 1105 2484 neque
1134 2409 1223 2469 libros
1248 2409 1385 2470 Judaicos

168 2513 302 2587 abolere,
322 2529 417 2586 neque
440 2513 633 2572 reverendum
654 2529 755 2572 senem
776 2530 830 2587 pro
849 2513 940 2574 lubito
954 2514 1077 2588 perdere
1092 2514 1195 2589 potuit.
1232 2513 1278 2573 Ab
1301 2514 1385 2589 bujns

167 2622 251 2691 parte
270 2616 358 2676 etiarn
374 2615 483 2676 Romae
503 2617 558 2676 viri
580 2617 687 2676 eruditi
701 2619 819 2691 plurimi
834 2623 988 2692 steterunt,
1012 2634 1083 2692 quos
1098 2617 1160 2677 Leo
1173 2617 1210 2676 X.
1234 2619 1384 2678 consuluit.

168 2719 227 2779 Sed
242 2723 306 2795 jus,
336 2719 412 2794 quod
434 2721 556 2780 historia
577 2722 634 2798 illi,
664 2722 735 2780 licet
754 2723 785 2780 iu
808 2723 929 2797 singulis
951 2723 1132 2797 peccaverit,
1160 2721 1287 2782 reddidit
1309 2737 1384 2782 sem·

166 2839 275 2898 perque
298 2824 415 2900 reddet,
436 2823 523 2884 Curia
543 2826 571 2885 ei
594 2825 776 2886 detrectavit
822 2828 945 2886 Tantam
968 2827 1026 2885 vim
1047 2827 1080 2885 in
1100 2826 1230 2885 Leonem
1253 2828 1384 2885 exercuit

165 2929 291 2987 unorum
324 2927 510 2988 obscurorum
542 2935 695 3004 patronus,
728 2927 867 2990 Silvestor
900 2930 1044 3003 Priorias,
1077 2928 1179 2989 Jacobi
1213 2928 1381 2989 Hochstrati

166 3031 314 3092 confrater
335 3032 542 3092 Dominicanus
565 3038 596 3092 ct
617 3035 757 3109 magister
777 3034 890 3092 Palatii.

253 3136 411 3213 Erasmus,
445 3139 502 3197 etsi
534 3154 627 3212 aeque
661 3155 696 3197 ac
729 3137 873 3196 Lutherus
908 3137 1000 3194 multa
1032 3151 1090 3194 non
1122 3133 1270 3211 probavit,
1306 3151 1380 3209 quae

165 3239 319 3300 Rcucblini
342 3238 510 3301 defensores
534 3243 565 3301 in
586 3243 703 3302 famosis
726 3242 857 3316 epistolis
872 3240 1058 3300 obscurorum
1073 3240 1200 3298 virorum
1215 3239 1381 3301 dissolutius

165 3345 359 3421 scripserant,
396 3350 496 3405 tamen
528 3345 595 3405 huic
626 3348 683 3422 ipsi
720 3349 767 3420 ius
807 3362 842 3405 ac
875 3345 1009 3404 meritum
1048 3361 1131 3404 sunm
1159 3345 1240 3421 large
1271 3345 1380 3407 tribuit.

164 3449 293 3508 Nimium
320 3451 434 3509 illorum
460 3451 593 3511 ardorem
620 3457 785 3526 temperare
813 3450 933 3510 studens
959 3450 1004 3510 hie
1027 3450 1123 3510 verbis
1146 3452 1258 3512 monuit
1278 3451 1382 3514 Hutte·
1456 3445 1460 3454 ’

164 3569 250 3611 num:
273 3553 427 3628 ,Rixarum
448 3557 544 3616 nullus
564 3561 610 3615 est
627 3555 701 3616 finis.
746 3555 787 3616 Ut
808 3557 916 3616 ceteris
939 3555 1071 3616 omnibus
1091 3557 1178 3616 simus
1201 3557 1379 3630 superiores:

165 3659 377 3735 sycophantiis,
406 3661 578 3736 mendaciis,
608 3662 745 3720 conviciis
780 3661 866 3736 longe
896 3661 1045 3722 vincimur.
1096 3661 1162 3720 Non
1183 3677 1300 3735 possum
1321 3677 1379 3719 nou

164 3762 291 3834 ingenue
308 3761 422 3840 lateri,
450 3766 526 3840 quod
555 3781 625 3824 vero
648 3767 744 3825 remus
769 3771 822 3826 est.
874 3765 933 3826 Sed
958 3770 1089 3841 praestat
1118 3765 1173 3823 bac
1196 3769 1279 3837 parte
1303 3763 1379 3822 ultro

164 3864 285 3925 herbam
307 3868 378 3928 dare
401 3887 488 3943 quam
502 3871 627 3944 turpiter
648 3867 859 3945 depugnare.‘¹
902 3869 1014 3930 Eodem
1036 3885 1105 3927 vero
1120 3873 1250 3940 tempore
1265 3867 1380 3939 scripsit

164 3967 339 4046 Renchlino‚
361 3991 448 4048 quum
471 3975 632 4034 adversarii
655 3977 717 4049 eius
738 3975 918 4049 triumphare
939 3973 1117 4032 viderentur:
1146 3969 1254 4045 ,Altius
1275 3967 1379 4030 infixus

166 4093 198 4134 es
215 4077 319 4136 animis
340 4077 480 4138 bonorum
502 4079 645 4154 virorum,
674 4095 761 4152 quarn
783 4084 815 4137 ut
835 4078 902 4136 hinc
925 4076 992 4136 ullis
1014 4075 1212 4135 Jacobiterum
1233 4073 1379 4135 obtrecta-

165 4181 292 4240 tionibus
322 4197 412 4255 queas
440 4183 552 4242 revelli.
597 4183 656 4242 Res
687 4189 732 4242 est
757 4183 867 4242 invicta
894 4181 1010 4240 veritas.
1059 4178 1100 4238 Et
1126 4179 1217 4238 tacite
1238 4179 1377 4240 bonorum

162 4283 273 4358 judicia
304 4290 476 4359 perpetuam
503 4286 637 4346 obtinent
663 4287 879 4359 auctoritatem,
915 4285 1002 4344 etiam
1031 4281 1108 4356 apud
1134 4287 1266 4357 posteros
1295 4299 1377 4342 sunm

254 4502 279 4569 1)
297 4503 399 4555 mam
418 4503 541 4570 specus
559 4503 598 4557 vr
618 4509 650 4555 ιι
671 4501 720 4570 (su.
738 4501 818 4554 sarr.
837 4509 863 4554 a
881 4501 1013 4568 nonum).
