3188 5086
687 335 779 386 Crrmr
796 335 828 385 V.
1313 337 1364 392 133

915 426 1079 435 ——n--q-

158 545 296 607 Romanos
311 547 463 610 Dominico
479 547 626 609 Cardinali
641 547 779 610 Grimano
802 549 940 610 dedicans
959 551 1050 624 ipsam
1069 549 1190 610 Romam
1209 551 1365 625 alloquitur

159 651 249 711 verbis
271 655 410 713 memoris
429 654 539 729 dignis,
561 671 683 728 quorum
705 655 844 714 nonnulla
866 653 942 714 inira
963 656 1095 728 ponimns
1110 656 1200 714 etiarn
1213 673 1291 714 nunc
1306 671 1366 715 non

156 755 348 828 neglegenda:
372 759 583 833 ,Amplectere,
607 757 711 832 Roma,
733 759 892 832 principem
916 763 967 818 aut
988 764 1068 818 certe
1090 759 1278 832 praecipuum
1297 760 1366 820 reli-

155 860 245 933 gionis
273 867 342 921 tuae
373 864 550 936 magistrum.
606 861 784 922 Exosculare
813 863 927 938 priscae
959 863 1054 922 laudis
1083 869 1152 923 tuae
1183 879 1365 937 praeconem.

154 963 281 1024 Redarna
316 983 394 1042 eum,
427 968 475 1040 qni
504 973 535 1027 ts
565 966 691 1026 nondum
719 969 809 1026 visam
842 966 994 1028 adamavit.
1040 967 1127 1042 Vide,
1160 984 1198 1027 ne
1227 985 1245 1027 s
1272 966 1366 1027 Roma

154 1068 314 1142 degeneres
337 1071 366 1130 in
388 1069 584 1145 Babylonem!

237 1173 446 1250 Neque,ingit
472 1175 641 1250 Erfflmnm,
669 1177 746 1249 apud
768 1177 888 1236 Paulum
911 1177 949 1236 ad
971 1176 1164 1251 superandum
1186 1175 1365 1236 Judaismnm

151 1279 255 1336 summi
286 1281 424 1339 momenti
454 1297 518 1340 esse
548 1281 707 1340 doctrinam
730 1281 766 1339 de
787 1279 1003 1354 justificatione.
1047 1277 1288 1356 Celeberrimnm,
1316 1281 1366 1354 qui

153 1381 192 1440 ad
215 1399 280 1442 eam
303 1385 444 1460 pertinet,
471 1385 584 1445 locnm¹
608 1386 779 1460 paraphrasi
802 1402 854 1445 sue
876 1388 919 1445 ita
941 1385 1054 1446 reddit:
1085 1384 1179 1459 ,Sicut
1208 1385 1366 1444 communis

155 1491 202 1544 est
230 1489 356 1546 omnium
380 1489 495 1549 morbus
523 1495 553 1550 et
577 1507 677 1550 ornnes
700 1491 810 1564 pariter
831 1491 887 1549 hnc
908 1490 1091 1566 reciderunt,
1120 1495 1152 1549 ut
1172 1489 1250 1563 apud
1271 1489 1367 1549 Deum

156 1589 196 1648 dc
217 1608 271 1650 sna
290 1593 403 1665 justitia
425 1595 543 1668 gloriari
565 1611 623 1654 non
643 1596 769 1670 possint,
789 1595 831 1653 ita
854 1595 956 1654 eodem
979 1612 996 1654 e
1018 1594 1099 1653 fonte
1113 1593 1241 1668 petenda
1257 1594 1367 1652 cunctis

152 1694 339 1772 justificatio,
372 1715 447 1772 quse
478 1697 594 1772 quidem
627 1699 705 1758 haud
737 1699 908 1772 rependitur
940 1715 995 1758 ceu
1024 1698 1123 1758 debita
1152 1713 1264 1757 merces
1292 1698 1366 1772 legis

149 1799 301 1858 Mosaicee
335 1802 399 1862 sive
433 1803 522 1861 etiam
556 1807 678 1862 naturae
712 1795 788 1883 (aive
821 1804 922 1878 stiam,
955 1802 984 1860 id
1017 1801 1094 1876 qnod
1126 1803 1199 1860 alias
1229 1801 1366 1860 Erasmus

149 1903 261 1962 diserte
291 1905 385 1979 addit,
417 1901 587 1988 ecclesiae),
614 1907 666 1965 sed
693 1907 784 1980 gratis
807 1907 931 1966 donatur
952 1903 1148 1966 beneficentio
1170 1906 1282 1981 divina,
1307 1921 1366 1963 non

148 2025 207 2082 per
227 2009 346 2085 Mosen,
375 2011 426 2070 sed
449 2028 503 2085 per
525 2012 627 2071 desum
647 2009 807 2086 Christum,
838 2013 918 2085 cujus
940 2011 1080 2084 sanguine
1103 2009 1246 2084 redempti
1269 2025 1365 2069 sumus

148 2115 171 2170 a
193 2113 346 2186 tyrannide
368 2114 499 2189 peceati
544 2116 667 2176 Summis
689 2116 826 2190 periculis
853 2132 902 2175 eos
924 2121 1027 2189 patere
1050 2115 1133 2194 dicit,
1162 2113 1211 2188 qni
1232 2111 1365 2172 fiduciam

147 2219 300 2290 posuerint
323 2218 352 2276 in
375 2220 485 2279 meritis
509 2223 541 2278 st
561 2215 673 2280 stactis.¹
717 2222 807 2279 Immo
830 2221 888 2279 alio
907 2222 985 2279 loco:
1006 2216 1159 2294 ‚Beneficii
1175 2217 1282 2276 Christi
1300 2233 1366 2290 par-

147 2321 256 2395 ticipes
284 2339 348 2382 esse
378 2340 434 2382 non
462 2329 594 2398 possunt,
625 2325 674 2400 qni
703 2322 844 2384 diffidunt.
893 2325 967 2382 Nam
997 2323 1052 2383 soli
1079 2321 1148 2382 fidei
1178 2321 1275 2396 datur,
1308 2338 1366 2380 non

148 2423 329 2498 operibus.‘³
379 2428 470 2488 Addit
497 2428 574 2502 quod
602 2445 702 2488 omnes
733 2435 763 2489 et
792 2447 844 2489 uos
872 2428 1018 2487 addimus:
1049 2427 1137 2502 ,Soli‘
1158 2443 1217 2486 nou
1240 2425 1366 2486 excludit

147 2530 252 2590 futura
273 2548 370 2604 opera.
415 2533 522 2592 Verum
545 2533 619 2592 haec
640 2551 699 2592 non
722 2535 846 2607 exlege
868 2529 1010 2606 proficisci
1031 2531 1083 2592 sed
1106 2547 1142 2590 ex
1164 2531 1286 2590 caritate
1312 2547 1366 2603 per

148 2632 239 2694 iidem
260 2637 291 2694 in
314 2635 458 2696 Christum
480 2653 617 2712 accensa,
648 2655 713 2696 cum
735 2639 826 2696 Paulo
848 2639 941 2698 docet
986 2637 1026 2696 Et
1050 2637 1080 2694 in
1103 2636 1286 2709 ecclesiaste,
1316 2634 1366 2708 qui

146 2739 267 2798 libellus
298 2746 343 2800 est
370 2741 407 2800 de
437 2743 550 2802 ratione
578 2743 782 2816 concionandi,
812 2741 887 2801 hanc
917 2739 1011 2800 refert
1033 2739 1172 2814 Tychonii
1193 2739 1324 2813 regulam
1348 2754 1366 2796 a

147 2844 259 2903 Sancto
287 2844 448 2918 Augustino
475 2845 642 2920 probatam:
681 2845 883 2920 ,Evangelium
914 2850 959 2904 est
989 2844 1141 2917 promissio
1171 2843 1284 2917 malias
1312 2857 1366 2915 per

146 2947 239 3008 fidem
267 2949 375 3023 absque
402 2951 547 3025 operibus.
591 2951 654 3009 Lex
683 2949 826 3010 mandatis
856 2955 949 3009 terret
978 2965 1013 3008 ac
1042 2947 1143 3021 dejicit
1165 2945 1365 3018 conscientias,

147 3055 272 3130 exigens
299 3070 404 3130 opera,
433 3072 520 3128 quum
549 3056 673 3129 gratiam
704 3071 762 3114 nou
792 3053 889 3114 addat.
936 3054 1039 3112 Omnia
1060 3057 1157 3110 autem
1178 3051 1255 3109 bona
1275 3065 1365 3122 opera

147 3175 188 3216 ex
211 3157 267 3218 fide
289 3160 369 3218 velut
392 3176 408 3218 e
431 3159 529 3218 radice
551 3163 709 3218 nascuntur
731 3165 762 3218 st
784 3154 943 3220 aluntur.‘⁴

241 3263 321 3334 Quod
342 3265 367 3321 si
389 3263 526 3323 Erasmus
548 3265 595 3323 uel
616 3264 768 3338 evangelia
789 3263 836 3322 vel
858 3263 943 3321 Pauli
965 3260 1101 3334 epistolas
1122 3261 1155 3315 ut
1176 3255 1264 3315 libros
1286 3255 1364 3328 prin-

148 3368 261 3439 cipales
283 3369 390 3441 passim
413 3369 577 3442 praedicet,
600 3383 746 3440 nunquam
762 3372 859 3426 tamen
875 3365 1065 3438 obliviscitur,
1087 3367 1178 3420 totam
1193 3359 1364 3432 scripturam

148 3487 264 3531 sacram
300 3472 435 3530 divinitus
473 3473 570 3532 datam
610 3488 674 3530 csse
712 3472 869 3544 ecclesiae,
905 3475 938 3528 nt
972 3485 1044 3528 sana
1076 3467 1236 3526 diuinarum
1267 3481 1364 3523 rerum

148 3575 285 3634 doctrina
313 3577 382 3635 inde
412 3577 570 3636 hauriatur.
614 3576 716 3650 ltaque
746 3592 803 3634 non
830 3573 913 3633 modo
939 3575 1031 3632 Vetus
1054 3572 1272 3630 Testamentum
1301 3585 1364 3626 cnm

148 3697 226 3739 novo
249 3681 374 3755 confert,
396 3699 495 3740 verum
517 3682 605 3740 etiam
628 3683 659 3739 in
681 3681 751 3753 ipsis
774 3679 888 3752 scriptis
911 3677 1075 3752 apostolicis
1098 3676 1192 3733 varias
1215 3672 1363 3731 doctrinae

148 3783 259 3844 formas
287 3791 319 3845 st
348 3787 429 3858 quasi
457 3791 540 3860 typos
569 3785 795 3858 contemplatur,
828 3782 904 3857 qnod
927 3781 1027 3855 quanti
1049 3777 1185 3838 momenti
1207 3775 1244 3832 sit
1266 3777 1364 3831 nostra

150 3890 268 3950 demum
297 3897 380 3950 aetas
407 3892 512 3950 iterum
535 3889 692 3964 perspexit.
736 3888 843 3947 Micam
866 3892 896 3946 et
918 3885 1063 3946 excelsam
1085 3879 1227 3954 quandam
1249 3877 1363 3934 harmo-

149 3995 231 4052 niam
259 3994 371 4052 inveuit
400 3995 431 4052 in
459 3995 602 4068 scriptura
632 4000 661 4053 et
689 3993 810 4052 liberius
839 3995 870 4049 et
896 3991 983 4048 altius
1009 3989 1150 4060 spectata.
1191 3979 1274 4053 ·,Non
1296 3993 1363 4034 con-

148 4099 247 4159 fundit
279 4099 355 4157 hauc
388 4096 595 4172 hermoniem‘,
634 4097 741 4170 inquit,
775 4094 896 4171 ,Christi
929 4092 1069 4151 varietas:
1110 4087 1197 4144 immo
1234 4082 1308 4140 sicut
1346 4096 1362 4138 e

149 4205 274 4266 dirersis
304 4201 420 4262 vocibus
450 4209 517 4277 apte
551 4202 715 4274 compositis
747 4204 904 4258 concentus
933 4193 1115 4254 suavissimas
1145 4186 1290 4259 redditur,
1322 4186 1364 4242 ita

148 4308 259 4368 Christi
288 4308 417 4366 varietas
445 4307 607 4381 pleniorem
639 4303 727 4364 efficit
757 4305 936 4362 concentum.
997 4297 1044 4356 Sic
1071 4292 1169 4352 omnia
1197 4289 1291 4348 factus
1318 4291 1365 4346 est

241 4545 267 4612 1)
285 4546 359 4596 Rom.
379 4549 408 4608 3,
427 4549 468 4594 aa.
488 4549 528 4594 at.
636 4542 662 4608 2)
683 4543 749 4606 Opp.
767 4539 807 4589 lx
826 4554 851 4603 p.
869 4541 909 4585 ll.
1015 4529 1042 4596 a)
1062 4527 1161 4578 Ibidem
1178 4527 1277 4590 ptos.

239 4631 267 4700 4)
285 4633 335 4683 Est
350 4631 481 4700 Tycbcnis
497 4631 587 4695 regula
604 4629 654 4682 111.
673 4629 705 4680 oi.
723 4629 833 4690 August.
853 4623 883 4674 de
902 4621 982 4672 doctr.
1002 4616 1095 4668 Christ.
1113 4612 1169 4676 111,
1188 4615 1230 4666 ab.
