3134 5054
672 291 766 346 Carus
782 291 830 348 XL
1300 294 1350 353 271

136 510 247 569 dudum
281 528 351 571 nero
381 509 486 570 Curiae
521 509 736 582 corruptionem
767 517 957 584 perspexerat
988 512 1107 585 ejusque
1137 513 1293 586 superbiae
1323 520 1353 574 et

137 615 326 688 arrogantiae
344 615 499 688 impatiens
515 619 587 672 erat
631 613 752 672 Lntbari
770 613 949 686 praedicatio
970 615 1085 686 publica
1108 622 1139 674 et
1160 617 1219 674 vita
1240 619 1353 690 privata

137 735 206 776 cum
236 718 388 791 evangelio
418 733 578 792 congruere
606 719 634 776 ei
666 717 829 792 videbatur,
862 718 975 776 sciebat
1005 718 1179 778 horrendum
1213 720 1353 794 flagitium

138 838 206 881 esse
227 823 375 880 adversari
390 823 507 896 agnitae
523 823 657 894 veritati3
680 822 885 881 tumultuariae
909 821 1167 896 condemnatione,
1189 826 1355 896 quassatis

138 927 292 999 tyrannico
329 942 410 986 more
450 927 487 985 de
520 925 649 986 Lnthero
687 926 749 984 lata
792 931 873 1000 erat,
913 933 1112 986 exsecutorem
1144 943 1177 985 ee
1209 929 1353 1000 praebere

138 1030 319 1089 conscientia
333 1031 547 1102 prohibebatur.
593 1029 638 1088 De
657 1034 720 1088 tota
739 1045 827 1088 causa
843 1029 982 1102 judicium
1002 1031 1057 1089 sibi
1076 1031 1132 1104 ipsi
1151 1047 1209 1089 non
1224 1034 1353 1106 sumpsit,

139 1133 195 1192 sed
220 1139 252 1191 nt
274 1136 353 1207 juste
382 1135 597 1192 examinaretur
619 1139 650 1192 et
671 1132 880 1207 dijudicaretur
901 1133 1085 1193 desideravit.
1129 1135 1155 1192 A
1176 1135 1353 1208 probissimis

134 1237 365 1310 jurisconsultis
380 1239 439 1296 suis
455 1238 485 1294 in
500 1235 602 1296 eadem
623 1238 770 1296 sententia
792 1234 976 1296 confirmatus
995 1243 1048 1294 est.
1091 1237 1138 1295 Ex
1159 1239 1252 1296 altera
1269 1245 1353 1312 parte

138 1357 195 1414 pro
221 1341 330 1414 pietate
361 1357 413 1400 sua
443 1357 515 1415 erga
543 1341 642 1400 sedem
663 1339 823 1400 Romanam
845 1338 1013 1400 dubitanter
1034 1339 1129 1398 adbuc
1152 1341 1286 1417 timebat,
1313 1359 1352 1402 ne

138 1444 211 1517 quid
225 1445 256 1502 in
270 1445 393 1504 Lntheri
408 1445 589 1518 opinionibus
603 1446 714 1503 inesset
729 1444 874 1503 ecclesiae
889 1443 1084 1503 aduersarium
1100 1451 1132 1503 et
1150 1447 1353 1521 perniciosum,

137 1549 217 1622 quod
239 1549 332 1623 ipsum
352 1566 475 1624 suosque
496 1550 676 1608 consiliarios
698 1547 822 1608 fortasse
845 1547 967 1623 fugeret.
1012 1547 1139 1608 Dolebat
1160 1552 1269 1610 moveri
1289 1567 1352 1610 cer·

139 1654 267 1726 tamina;
288 1653 374 1726 longe
388 1655 568 1727 prospiciens
583 1670 641 1712 non
656 1653 825 1728 ignorabat,
846 1651 934 1711 facile
949 1651 1036 1710 latius
1058 1653 1156 1725 vagari
1179 1669 1262 1726 posse
1278 1655 1353 1713 banc

138 1754 318 1815 flammam.¹
370 1758 436 1817 Jam
466 1775 552 1831 quum
582 1757 702 1816 Carolus
721 1757 773 1830 V.,
806 1756 983 1830 Aquisgrani
1014 1763 1183 1830 coronatus,
1216 1756 1353 1816 Coloniae

141 1867 316 1919 conventum
345 1867 460 1937 ageret,
492 1862 587 1920 nuntii
610 1861 750 1935 Papalcs,
779 1860 928 1919 Aleander
957 1865 988 1918 et
1009 1860 1208 1935 caracciolus,
1239 1861 1276 1920 ad
1305 1879 1354 1920 ex·

140 1964 320 2037 sequendam
351 1965 459 2024 bullam
485 1965 695 2024 damnatoriam
726 1970 757 2024 et
786 1963 824 2023 ad
853 1964 1060 2023 comburendos
1094 1965 1201 2038 ubique
1230 1965 1354 2024 Lntheri

140 2067 230 2126 libros
259 2069 357 2142 misai,
390 2069 499 2128 acriter
527 2070 699 2128 institerunt
727 2073 759 2126 et
784 2069 1020 2144 postulaverunt,
1053 2073 1086 2126 nt
1106 2068 1274 2128 Friderious
1295 2085 1353 2128 non

140 2172 235 2230 solum
256 2172 334 2230 idem
355 2173 386 2231 in
406 2173 531 2232 Saxonia
551 2173 715 2232 iaciendum
738 2177 868 2246 curaret,
891 2173 1100 2230 verumetiam
1122 2172 1282 2232 Lntberum
1307 2175 1354 2232 vel

141 2275 282 2348 supplicio
306 2273 397 2350 affici,
424 2277 472 2336 vel
495 2277 560 2349 capi
582 2283 612 2334 et
634 2273 767 2335 Pontifici
790 2275 946 2334 transmitti
966 2275 1091 2348 juberet.
1137 2275 1246 2346 Quibus
1267 2293 1355 2338 vene·

140 2377 251 2437 raudus
284 2395 374 2438 senex
403 2379 568 2454 respondit,
599 2395 632 2437 se
654 2379 698 2454 id,
730 2379 786 2437 nisi
817 2379 953 2452 religiose
982 2379 1119 2452 inquisita
1146 2396 1180 2438 re
1209 2380 1354 2441 Lntherus

142 2485 291 2542 convictus
320 2489 413 2558 esset,
448 2501 506 2542 non
533 2482 693 2556 facturum,
728 2484 808 2541 illum
838 2483 915 2542 enim
945 2483 1093 2556 hucusque
1123 2500 1141 2542 a
1168 2485 1264 2543 multis
1286 2486 1354 2545 viris

140 2587 278 2660 piissimis
307 2587 565 2661 eruditissimisque
594 2588 735 2648 excusari.
779 2587 894 2646 Deinde
924 2587 1098 2662 Emsmnm,
1127 2586 1265 2648 Coloniae
1286 2595 1355 2648 tunc

140 2696 340 2766 praesentem,
373 2693 422 2764 qni
452 2698 540 2751 antea
566 2693 627 2765 jam
656 2691 687 2749 in
717 2691 843 2764 epistola
872 2707 960 2764 snpra
988 2699 1147 2752 memorata
1169 2691 1354 2753 honorificam

139 2793 265 2854 Lutberi
282 2796 457 2856 mentionem
473 2793 600 2870 fecerat,
623 2794 661 2854 ad
675 2811 707 2854 ae
722 2796 894 2854 arcessitum
909 2800 1043 2854 amanter
1057 2797 1150 2855 oravit
1166 2803 1195 2856 et
1211 2803 1353 2857 conteste-

140 2906 191 2958 tus
217 2905 278 2973 est,
307 2905 340 2958 nt
365 2917 446 2960 suum
477 2899 625 2958 liberrime
648 2898 685 2958 de
706 2903 770 2958 tota
790 2916 823 2958 re
843 2898 984 2972 judicium
1006 2899 1125 2958 diceret.
1171 2899 1225 2971 Qui
1247 2901 1354 2962 collisis

139 3003 225 3061 initio
252 3002 338 3062 labiis
366 3009 398 3063 et
424 3003 641 3062 cunctabundus
670 3002 825 3062 maerebat
843 3019 1022 3076 responsum.
1066 3003 1186 3062 Elector
1208 3020 1290 3079 vero,
1323 3011 1356 3063 nt

139 3107 174 3164 in
195 3122 274 3165 more
292 3105 434 3180 babebat,
466 3105 492 3164 si
514 3105 591 3164 serio
614 3121 678 3164 cum
701 3105 798 3178 aliquo
821 3104 849 3162 ei
872 3104 1016 3178 agendum
1038 3111 1129 3179 erat,
1148 3106 1257 3178 apertis
1288 3123 1354 3166 eum

141 3211 234 3269 oculis
248 3215 280 3270 et
294 3210 423 3282 graviter
436 3209 611 3269 intuebatur.
657 3209 731 3268 Tum
753 3208 790 3267 ab
812 3208 907 3268 ironia
929 3225 1048 3268 exorsus
1069 3209 1207 3268 Erasmus
1228 3210 1258 3268 in
1280 3211 1355 3270 haec

140 3315 232 3374 verba
246 3314 390 3387 prorupit:
412 3313 557 3372 Lntherus
577 3313 710 3386 peccavit
731 3313 762 3371 in
784 3312 908 3387 duobus,
931 3329 1037 3386 nempe
1059 3313 1135 3386 quod
1156 3315 1253 3388 tetigit
1274 3331 1357 3375 coro-

140 3433 210 3476 nam
232 3415 380 3478 Pontificis
401 3423 432 3476 et
454 3422 572 3476 ventres
593 3417 807 3476 monachorum.
851 3416 898 3476 Ad
920 3429 994 3490 quae
1016 3434 1104 3490 quum
1123 3417 1244 3478 Elector
1264 3419 1357 3480 subri-

140 3523 245 3596 sisset,
281 3523 332 3580 ille
364 3522 540 3582 sententiam
572 3537 653 3580 suam
679 3521 806 3596 gravitm
834 3526 865 3580 et
894 3536 945 3580 ore
974 3522 1135 3596 pertexuit,
1168 3529 1199 3582 at
1220 3525 1356 3598 scriptam

140 3625 304 3700 Spalatino,
334 3627 384 3700 qui
410 3625 560 3685 Fridarico
590 3640 609 3682 a
638 3626 760 3684 secretis
786 3630 863 3700 erat,
894 3625 1028 3700 protinus
1057 3625 1146 3686 dedit
1190 3627 1357 3688 Lenitatem

140 3731 173 3788 in
200 3730 328 3790 Lutbero
358 3729 550 3802 desideravit,
580 3734 711 3788 ceterum
741 3745 798 3786 non
827 3729 919 3787 solnm
944 3745 1084 3788 summam
1112 3729 1261 3789 doctrinae
1293 3732 1356 3802 elus

139 3835 288 3908 probavit,
318 3833 371 3894 sed
398 3834 487 3894 etiam
515 3849 659 3907 errorum,
688 3849 759 3905 quos
785 3837 927 3906 taxasset,
958 3831 1190 3890 emendationem
1213 3832 1356 3892 ecclesiae

139 3939 336 3998 necessariam
371 3954 435 3997 esse
469 3937 557 3996 dixit:
591 3936 744 4010 ‚optimum
775 3951 917 4009 quemque
952 3939 983 3993 et
1016 3934 1167 4008 evangelio
1195 3935 1356 4008 proximum

139 4043 258 4101 minime
286 4041 427 4103 offensum
457 4057 522 4101 esse
548 4039 692 4116 Lutbsro,
719 4039 816 4099 bullae
844 4055 914 4099 voro
943 4038 1095 4097 saevitiam
1120 4039 1226 4112 probos
1256 4055 1356 4100 omnes

140 4145 304 4221 offendere,
337 4144 471 4206 Pontifici
498 4146 626 4220 priorem
654 4161 720 4204 esse
750 4159 832 4204 suam
862 4159 949 4218 quam
979 4141 1085 4202 Christi
1116 4143 1254 4218 gloriam,
1285 4143 1358 4204 duae

140 4250 305 4311 academas
338 4249 491 4310 damnasse
525 4249 687 4309 Lntherum
721 4249 774 4308 aed
806 4263 864 4308 non
896 4246 1071 4322 convicisse,
1105 4263 1180 4320 qnae
1209 4247 1357 4320 hucusque

140 4359 243 4414 contra
268 4355 346 4414 bunc
374 4355 483 4428 scripta
512 4358 624 4430 essent,
655 4353 744 4413 etium
776 4368 795 4412 a
822 4351 965 4427 theologis
995 4350 1024 4410 ei
1052 4367 1111 4410 non
1139 4349 1358 4412 adsentantibns

225 4567 251 4635 1)
270 4568 323 4622 Cir.
343 4583 400 4618 cum
417 4565 460 4617 bic
478 4582 542 4632 quae
560 4565 720 4617 Sackandori
735 4563 758 4629 1,
773 4567 821 4614 126
840 4563 913 4614 affert
930 4578 962 4614 ex
978 4561 1185 4614 lislancbtbonia
1204 4561 1340 4616 Chronico.
