3156 5056
241 319 293 375 230
743 319 843 370 Pluris
862 318 978 369 Pmours

241 519 360 576 curavit.
407 517 488 590 Quod
510 533 634 590 quanam
664 517 712 576 via
740 515 848 576 factum
871 517 909 577 sit
934 518 1028 577 adbuc
1049 518 1081 576 in
1102 517 1224 578 obscuro
1247 523 1300 578 est.
1344 519 1453 580 ludicii

241 623 333 694 illius,
366 622 451 695 quale
483 621 676 692 wormatiae,
695 622 862 697 legebatur,
895 622 1002 696 duplex
1036 628 1101 683 erat
1133 623 1291 696 inscriptio.
1350 623 1453 683 Altera

239 727 328 800 ipsius
356 726 472 785 Erasini
503 732 582 800 erat,
612 725 686 785 haec
716 727 867 786 continens
897 727 1005 787 uerba:
1040 727 1211 802 ‚Consilium
1239 729 1386 803 enjusdam
1416 745 1453 788 ex

239 830 335 890 animo
356 831 500 904 cupientis
522 847 587 889 csse
609 832 770 890 consultum
792 836 823 890 et
844 831 967 890 Romani
989 829 1137 892 Pontificio
1159 833 1295 906 dignitati
1324 839 1355 891 et
1378 833 1452 891 cbri-

239 935 353 994 stianae
375 935 524 1008 religionis
547 935 768 1008 tranquillitati!
806 935 899 1010 Supra
919 936 994 995 banc
1017 938 1132 1012 ignotus
1153 937 1295 1012 quispiam
1315 943 1453 1012 posuerat

240 1040 362 1098 alteram
384 1039 430 1098 his
452 1038 548 1098 verbis
572 1033 753 1113 expressam:
776 1039 946 1115 ,Consilium
969 1041 1128 1102 doctissimi
1151 1041 1312 1116 cujusdam,
1334 1059 1452 1117 magno·

239 1161 303 1202 rum
336 1143 503 1219 Principum
531 1145 642 1204 monitu
674 1145 830 1220 praecipuo
864 1145 903 1205 ad
932 1145 987 1205 hoc
1019 1165 1122 1206 munus
1151 1147 1282 1223 invitati,
1311 1147 1452 1221 quomodo

240 1248 353 1308 sublato
375 1249 562 1308 imbecillium
584 1248 756 1310 offendiculo
779 1250 928 1310 commode
950 1250 1047 1310 sedari
1064 1256 1152 1324 queat
1165 1251 1326 1312 Lutberani
1342 1252 1453 1326 negotii

240 1349 419 1412 tumultus‘l
464 1354 546 1428 Quae
568 1356 659 1416 verba
679 1355 717 1415 ad
739 1371 927 1429 quorumnam
946 1356 1112 1430 Principum
1135 1359 1274 1417 monitum
1290 1360 1359 1432 jure
1376 1355 1453 1416 rele-

239 1460 343 1516 rantur
371 1458 517 1532 hucusque
547 1476 606 1518 non
635 1464 725 1533 patet.
780 1459 950 1520 Ponendum
980 1467 1024 1520 cst
1054 1459 1157 1521 Carolo
1185 1463 1369 1537 imperatori,
1404 1463 1453 1536 qui

240 1560 393 1620 Erasmum
414 1563 451 1622 ad
475 1562 598 1623 Comitia
612 1563 840 1624 wormatiensis
861 1565 1050 1640 invitaverat,
1072 1566 1223 1626 consilium
1244 1567 1316 1627 illud
1336 1569 1454 1642 ejusque

240 1671 388 1724 auctorem
408 1667 553 1741 cognitum
575 1668 674 1729 brisso.
720 1668 900 1742 Quamquam
921 1670 994 1728 nibil
1015 1670 1052 1730 de
1075 1687 1111 1730 ea
1131 1688 1164 1729 rc
1184 1671 1293 1730 diserte
1316 1671 1453 1731 traditum

240 1775 299 1842 est,
330 1770 400 1843 quin
420 1771 508 1830 immo
529 1773 620 1832 multo
642 1777 708 1847 post
729 1773 867 1832 Erasmus
890 1775 1020 1849 scripsit,
1049 1781 1178 1834 tentasse
1208 1793 1240 1834 se
1262 1792 1318 1850 per
1340 1776 1453 1836 litteras

240 1872 375 1935 Caesarie
403 1879 433 1934 et
463 1874 637 1936 Cancellarii
662 1877 820 1937 Gattinarii
846 1878 986 1954 animum,
1014 1880 1038 1938 si
1059 1885 1232 1954 paterentur
1255 1880 1370 1940 arcanis
1392 1879 1454 1954 epi·

240 1979 321 2039 stolis
354 1979 417 2040 dari
452 1980 575 2040 liberum
608 1983 775 2056 consilium3
809 1999 979 2058 responsum
1014 2001 1079 2044 esse
1113 1985 1151 2044 cd
1180 1990 1293 2060 cetera,
1328 1984 1366 2044 ad
1398 1985 1454 2044 boc

240 2100 430 2160 nequaquam.
474 2087 570 2160 Atque
597 2087 644 2147 vix
674 2087 801 2147 dubitari
829 2094 939 2163 potest,
970 2090 1039 2163 quin
1061 2090 1240 2150 Wormatiae
1264 2088 1360 2150 Caroli
1387 2105 1453 2148 con-

239 2189 342 2248 siliarii
368 2191 446 2252 idem
471 2191 586 2251 Erasmi
616 2193 765 2252 consilium
795 2192 866 2252 illud
896 2210 960 2252 cum
987 2193 1138 2253 Fridorico
1165 2194 1303 2268 Sapiente
1332 2194 1452 2267 aliisque

239 2293 422 2370 Principibus
444 2297 582 2370 scriptum
604 2298 894 2370 communicaverint3
917 2297 969 2356 sed
992 2314 1086 2371 neque
1105 2298 1274 2358 Fridcricus
1294 2315 1388 2372 neque
1403 2299 1452 2357 alii

240 2401 366 2459 auctoris
396 2415 501 2459 nomen
532 2400 676 2460 manasse
705 2401 849 2461 videntur.
907 2401 1058 2460 Invenitur
1090 2402 1152 2459 sinc
1181 2403 1308 2462 auctoris
1337 2403 1452 2462 nomine

239 2504 317 2562 inter
338 2519 428 2576 opera
446 2499 598 2564 Lutlreri.²
643 2504 740 2563 Etiam
762 2503 882 2563 Romam
905 2505 1005 2578 scripti
1027 2503 1130 2562 notitia
1151 2504 1292 2576 quaedam
1321 2508 1454 2580 pervenit

239 2604 338 2678 ibique
361 2608 506 2681 cognitum
529 2613 589 2682 cst‚·
608 2607 680 2666 illud
703 2609 791 2683 ‚clam
813 2609 850 2668 ab
874 2608 995 2667 Erasmo
1017 2609 1199 2668 elaboratum
1223 2605 1329 2668 esse.‘³
1373 2611 1453 2670 Idem

242 2709 365 2783 denique
396 2711 547 2770 consilium
577 2711 653 2786 apud
680 2711 829 2771 Helvetios
859 2729 971 2786 quoque
1001 2713 1065 2772 sine
1092 2713 1209 2772 nominc
1231 2731 1298 2774 mox
1320 2717 1455 2788 innotuit,

129 2799 132 2806 Δ
242 2815 319 2873 unde
334 2815 407 2873 miro
432 2831 530 2874 erroro
547 2815 728 2890 factumest,
749 2823 781 2874 ut
794 2817 902 2890 primus
915 2817 1063 2877 vadianus
1087 2823 1117 2877 et
1137 2825 1202 2892 post
1222 2835 1290 2879 eum
1305 2821 1388 2880 multi
1404 2821 1454 2880 alii

239 2919 400 2993 Zvinglium
423 2925 578 2997 ‘auctorem
606 2921 695 2980 luisse
725 2917 889 2995 putarent*
941 2921 986 2980 Ex
1008 2923 1053 2982 his
1075 2924 1207 2983 omnibus
1230 2941 1300 2984 vero
1322 2932 1455 3001 apparet,

240 3041 325 3099 quam
347 3025 533 3100 singulariter
554 3027 708 3086 multorum
727 3027 837 3087 animos
853 3028 1106 3087 commentariolus
1121 3029 1172 3088 illo
1187 3030 1326 3102 tetigerit.
1365 3029 1455 3104 (injus

239 3130 409 3204 gravissima
431 3135 602 3206 argumenta
623 3131 706 3190 nobis
728 3133 783 3191 hoc
805 3133 868 3192 loco
889 3131 1081 3191 exscribenda
1102 3138 1178 3192 sunt.

326 3235 533 3295 Reverentiam
556 3251 628 3310 erga
651 3237 750 3297 sedem
765 3237 923 3296 Romanam
940 3237 1090 3311 praefatus
1105 3236 1242 3296 Erasmus
1262 3254 1294 3296 so
1315 3239 1347 3295 in
1368 3253 1456 3311 prae-

240 3341 336 3398 sentia
365 3357 423 3398 non
452 3339 618 3414 expendere
647 3342 732 3417 dicit,
763 3343 861 3415 qualia
886 3341 945 3400 sint
970 3357 1044 3415 quoe
1074 3341 1182 3402 scribat
1209 3342 1368 3417 Lutbcrus,
1401 3343 1459 3402 sed

239 3449 352 3502 tanturn
373 3443 529 3504 admonere
552 3449 585 3504 ut
604 3445 818 3520 consideretur,
839 3445 908 3518 quid
924 3445 1066 3506 conducat
1081 3448 1223 3506 ecclesiae
1243 3447 1461 3522 tranquillitati.

329 3752 356 3820 1)
373 3753 449 3804 Hanc
467 3755 572 3805 alteram
590 3754 784 3818 inscriptionem
798 3753 851 3821 jam
862 3755 1020 3806 wormatiae
1036 3754 1103 3818 legit
1115 3753 1257 3807 Pantanus.
1284 3753 1322 3804 df.
1335 3754 1456 3804 Fcerste-

240 3859 316 3894 mnnn
334 3859 360 3908 p.
375 3844 417 3894 67.

330 3929 356 3998 2)
374 3931 423 3980 Ed.
441 3930 526 3983 Viteb.
545 3927 740 3993 1111111131.

329 4016 356 4084 3)
373 4017 549 4069 Pullaricinue
567 4017 684 4078 1,a³‚s.
716 4015 767 4071 Qui
786 4031 913 4081 perpauca
927 4031 958 4066 ex
976 4033 1006 4066 eo
1025 4015 1105 4068 effert.
1125 4015 1205 4066 Addit
1233 4015 1373 4067 Lutlrernm
1389 4015 1457 4067 illud

240 4103 359 4154 edidisse.

329 4192 356 4255 4)
375 4190 413 4240 De
431 4189 547 4241 Vediano
566 4189 711 4240 testimonio
731 4191 762 4241 cf.
778 4189 858 4253 wire,
878 4205 969 4240 uouere
981 4189 1073 4239 balcet.
1085 4191 1120 4240 Κ.
1135 4190 1225 4240 (iesch.
1239 4191 1261 4252 1,
1276 4195 1333 4243 185.
1359 4189 1457 4241 Vadin-

240 4293 299 4330 num
324 4277 401 4328 etiam
423 4277 550 4328 recentior
573 4293 677 4342 operum
700 4277 816 4344 Zvinglii
837 4277 920 4326 editor
944 4281 1045 4326 secatus
1067 4283 1106 4326 est
1129 4276 1207 4342 (Opp.
1224 4277 1277 4340 III,
1299 4277 1333 4340 1).
1368 4277 1458 4327 Etiam

241 4365 405 4428 Ssckendorl,
419 4380 570 4430 quamquam
581 4365 769 4416 Pallavicinum
780 4366 887 4432 legerat,
902 4379 954 4413 non
967 4364 1075 4428 agnouit
1086 4371 1212 4415 auctorem
1226 4363 1329 4414 consilii
1342 4365 1457 4430 (1115).

240 4453 298 4502 Hoc
314 4459 343 4503 ut
356 4451 535 4503 Eraemiaunm
553 4453 651 4518 primus
669 4451 751 4503 edidit
769 4452 803 4502 Η.
822 4468 871 4502 von
890 4451 934 4502 der
945 4451 1030 4502 Hardt
1042 4451 1102 4501 bist.
1121 4451 1170 4501 litt.
1184 4449 1227 4500 ref.
1247 4450 1272 4512 Ι,
1288 4455 1336 4501 103
1348 4467 1381 4500 es.
1400 4449 1458 4516 (qni

239 4541 305 4592 falso
324 4541 389 4591 illud
403 4559 425 4592 u.
442 4545 508 4591 1519
525 4541 649 4606 scriptum
663 4557 718 4590 esse
731 4541 850 4605 pulavit).
881 4539 921 4588 De
933 4540 1041 4588 Erasmo
1055 4545 1157 4590 auctore
1170 4537 1283 4588 dubitari
1295 4538 1368 4589 nullo
1380 4538 1457 4590 modo

241 4635 333 4694 potest.
369 4627 408 4680 Cf.
429 4628 557 4691 Giasaler‚
575 4628 724 4680 K.·Gesob.
743 4627 886 4692 111,1,sr.
965 4701 967 4704 Ι
