3176 5064
211 463 220 496 l

237 301 254 354 2
747 268 749 274 Α
787 298 875 354 Carne
887 297 909 352 1.

234 502 306 578 lem,
343 521 431 579 quern
466 501 697 578 praedicaverat,
733 499 969 560 catholicismum
1001 501 1184 560 atrocissimo
1215 501 1282 560 odio
1314 501 1461 578 persecuti

234 614 312 669 sunt
357 608 431 684 Ejus
458 608 550 668 libros
576 608 636 684 legi
662 607 724 684 jam
746 607 850 683 Lojola
876 607 978 666 vetuit
1024 607 1155 667 Jesuitae
1177 608 1307 667 maxime
1329 612 1363 666 ut
1385 607 1463 666 iuter

233 715 345 776 Indicis
367 722 501 776 auctores
524 716 732 776 condemnatos
750 715 921 790 referretur,
945 716 1113 775 effecenrnt.
1146 715 1240 775 Iidem
1259 721 1374 793 postea,
1397 713 1462 774 ubi-

233 842 350 901 cunque
376 823 460 883 illius
489 823 691 883 defensionem
719 823 877 882 sinceriore
903 809 938 882 ac
965 822 1131 883 liberaliore
1154 823 1263 900 pietate
1285 827 1385 882 motus
1406 822 1461 880 ali-

233 949 308 1008 quos
335 935 505 1008 susceperat
532 931 574 1010 (id
602 931 681 1008 quod
708 931 787 1007 apud
809 929 1016 1006 Francogallos
1044 935 1074 990 et
1100 949 1118 988 a
1141 929 1360 990 Gallicanorum
1388 935 1416 989 et
1443 949 1462 988 a

232 1037 466 1098 Jansenistarum
497 1043 581 1116 parte
612 1039 723 1098 factum
753 1055 819 1097 esse
845 1036 991 1116 videmus)
1019 1056 1108 1115 quam
1136 1037 1289 1097 celerrime
1316 1037 1461 1113 ejusmodi

232 1164 338 1206 ausum
361 1146 526 1223 opprimere
548 1146 735 1206 conabantur.
1217 1147 1221 1154 '

340 1251 470 1327 Quarum
492 1271 591 1313 rerum
614 1271 703 1314 causa
720 1252 808 1312 facilc
825 1251 1019 1329 cognoscitur.
1052 1252 1181 1328 Recens,
1205 1252 1284 1329 quod
1303 1252 1461 1329 inceperat,

184 1399 186 1402 -
232 1378 337 1422 aevum
364 1379 382 1419 a
408 1361 593 1421 resuscitatis
621 1359 761 1420 classicae
788 1359 974 1438 antiquitatis
1002 1359 1109 1418 studiis
1131 1377 1253 1437 prorsus
1276 1359 1378 1419 divelli
1399 1377 1461 1418 nen

231 1485 320 1544 posse
342 1468 430 1527 etiam
453 1467 583 1528 Jesuitae
605 1467 823 1543 intellegebant.
869 1466 1010 1526 Politiore
1033 1467 1161 1544 quodam
1183 1467 1362 1526 monachatu
1384 1484 1461 1543 opus

232 1591 298 1634 csse
320 1575 463 1651 putabant
486 1594 574 1652 quam
597 1575 830 1635 Mendicantium
853 1573 1017 1650 ordinibus,
1042 1593 1167 1652 querum
1191 1573 1306 1634 sodales
1328 1573 1460 1651 plurimi,

232 1682 422 1742 obscurorum
448 1682 579 1742 virerum
605 1683 724 1742 nomine
751 1683 869 1756 famosi,
897 1700 1011 1742 merum
1039 1700 1074 1740 ac
1100 1681 1221 1759 linguae
1246 1681 1376 1741 barbarie
1397 1699 1459 1740 nen

231 1789 331 1850 minus
353 1789 473 1850 ridiculi
496 1807 586 1867 quam
608 1789 692 1850 exosi
715 1795 806 1850 erant.
843 1789 907 1867 Ipsi
930 1788 1022 1866 igitur
1045 1807 1130 1848 suam
1152 1789 1321 1849 societatem
1343 1788 1381 1847 ad
1402 1788 1459 1846 hn-

230 1897 376 1958 maniores
398 1902 477 1958 artes
500 1896 635 1958 sollerter
656 1897 795 1958 accedere
817 1896 962 1957 volebant
1004 1895 1063 1957 Sed
1085 1915 1146 1956 non
1169 1903 1228 1956 tam
1248 1915 1348 1956 veram
1366 1895 1459 1954 animi

229 2004 377 2064 culturam
408 2005 586 2083 appetebant
616 2023 706 2083 quem
737 2004 896 2082 polituram
923 2005 1071 2082 quandam
1097 2003 1218 2080 Lojolae
1244 2003 1400 2063 fanatismo
1427 2008 1459 2062 et

229 2112 444 2189 phantasmatis
476 2112 556 2172 haud
587 2129 708 2190 prorsus
740 2112 901 2172 adversam.
952 2111 1100 2171 Externos
1130 2115 1246 2171 mntem
1273 2110 1458 2188 antiquitatis

229 2219 338 2280 formas
365 2221 404 2280 ad
430 2220 622 2281 excolendam
649 2219 818 2279 facundiam
844 2224 875 2278 et
900 2219 938 2278 ad
965 2219 1140 2280 erudiendos
1167 2237 1276 2296 pueros
1298 2219 1458 2279 scitissime

230 2331 260 2386 et
291 2327 483 2388 callidissime
516 2327 573 2388 sibi
605 2327 869 2388 accommodabant.
920 2324 1001 2400 Quae
1028 2327 1061 2385 in
1088 2327 1237 2386 veteribus
1265 2326 1458 2403 scriptoribus

229 2434 307 2494 levia
329 2453 363 2495 ac
386 2435 492 2495 frivola
514 2439 685 2511 occurrunt,
707 2433 887 2494 Jesuitarum
910 2434 1095 2494 multitudini
1118 2433 1237 2494 facilius
1261 2451 1377 2511 semper
1394 2433 1458 2511 pla·

230 2541 346 2617 cebant,
379 2560 468 2620 quarn
500 2560 576 2620 quae
607 2542 717 2602 serium
749 2559 784 2602 ac
814 2541 899 2601 virile
930 2541 1077 2619 quoddam
1104 2541 1297 2601 vindicandae
1323 2541 1457 2600 veritatis

227 2647 363 2725 jurisque
385 2648 539 2725 ingenium
561 2649 625 2709 illic
648 2648 768 2726 spirant.
806 2649 852 2708 Ab
875 2648 932 2708 hoc
954 2635 1033 2708 enim
1057 2649 1127 2709 orde
1148 2649 1321 2709 abhorrebat
1343 2647 1456 2724 videns,

230 2758 374 2832 quantum
396 2755 466 2815 inde
483 2755 608 2833 periculi
626 2755 795 2815 immineret
812 2755 904 2815 medii
921 2756 987 2816 aevi
1006 2755 1149 2817 fabulosis
1168 2755 1359 2835 quibusdam,
1382 2772 1459 2834 quae

229 2861 443 2940 pretiosissima
469 2863 535 2940 ipse
562 2864 696 2941 putabat,
724 2862 899 2924 commentis
921 2881 956 2923 ac
978 2863 1148 2924 mendaciis.
1195 2863 1321 2924 Mentori
1344 2863 1458 2923 scilicet

230 2969 319 3030 etiam
345 2970 477 3048 privatae
504 2971 740 3049 domesticaeque
767 2971 906 3031 utilitatis
933 2989 1022 3032 cansa
1049 2975 1203 3048 peccatum
1231 2971 1347 3031 veniale
1370 2951 1457 3030 habe

229 3077 344 3154 batur,¹
375 3082 456 3139 tanto
488 3078 630 3139 libentius
661 3078 814 3139 mendacia
845 3078 1073 3140 admittebantrr
1105 3097 1196 3156 regno
1228 3078 1340 3156 papali,
1372 3078 1458 3155 quasi

229 3185 342 3262 divino,
366 3185 565 3247 inservientia
599 3186 722 3248 Crassos
740 3186 859 3246 illorum
877 3191 1044 3264 temporum
1062 3203 1188 3261 errores,
1211 3187 1335 3261 abusus,
1355 3203 1457 3263 super-

230 3293 378 3370 stitiones,
401 3295 619 3372 phantasmata,
643 3312 718 3372 quae
740 3294 839 3354 omnia
860 3293 1016 3370 Erasmus,
1038 3294 1267 3372 adprobantibus
1285 3293 1457 3371 praeclaris-

230 3399 313 3460 simis
341 3400 489 3462 Romanae
521 3401 663 3462 ecelesiae
690 3401 776 3476 viris,
808 3407 949 3479 tanquam
975 3401 1184 3479 turpissimum
1211 3401 1302 3478 hujus
1329 3400 1456 3460 dedecus

229 3506 435 3584 castigaverat,
457 3507 588 3568 Jesuitac
610 3513 751 3586 tanquam
774 3525 925 3568 summum
948 3509 1081 3585 ejusdem
1103 3508 1207 3585 decus,
1231 3512 1375 3586 quantum
1392 3507 1456 3567 fieri

229 3614 339 3692 potuit,
366 3633 539 3676 conservare
566 3616 751 3693 summisque
777 3615 916 3676 laudibus
945 3617 1049 3676 efferre
1072 3616 1237 3677 studebant.
1283 3615 1457 3693 Papismum

229 3739 357 3800 eumque
387 3722 642 3798 irreformabilem,
673 3726 716 3786 ut¹
738 3723 923 3783 tutissimum
954 3723 1074 3783 illarum
1101 3741 1200 3784 rerum
1226 3723 1377 3800 refugium
1403 3740 1456 3800 pm

229 3847 345 3891 summo
377 3831 518 3892 ccclesiae
545 3831 633 3906 bono,
667 3829 852 3908 spiritualem
879 3831 1128 3907 catholicismum,
1160 3831 1330 3909 ubieunque
1356 3835 1457 3890 contra

228 3937 391 3998 inveterata
422 3938 500 3998 mala
526 3938 641 4000 hiscere
667 3955 759 3999 ausus
787 3943 845 4015 est,
877 3957 931 4016 pro
958 3938 1105 3999 haeretica
1131 3939 1275 4016 pravitate
1301 3937 1453 3998 habebant

228 4044 285 4104 Ubi
312 4063 381 4106 vere
408 4045 555 4122 ejusmodi
582 4045 779 4107 catholicismi
807 4049 964 4108 sectatores
987 4046 1024 4106 de
1046 4043 1134 4106 malis
1156 4045 1220 4105 illis
1242 4047 1377 4106 tacebant
1398 4043 1454 4118 vel,

228 4151 301 4212 dum
328 4153 530 4214 enthusiasmo
557 4154 684 4232 quodam
711 4153 953 4230 absorbebantur,
985 4152 1038 4212 illa
1065 4171 1125 4214 non
1152 4152 1302 4228 videbant,
1336 4149 1455 4212 Ordinis

228 4260 438 4337 gubernatores
460 4278 562 4322 eorum
584 4261 698 4322 viribus
720 4261 881 4340 prudenter
903 4261 1068 4321 utebantur
1103 4259 1209 4338 ltaque
1231 4240 1302 4320 huic
1324 4257 1454 4320 societati

228 4385 325 4446 neque
352 4368 467 4429 sodales
494 4368 615 4447 quidam
641 4369 708 4446 ipsa
734 4369 871 4430 meliores
898 4368 1139 4446 pharisaicaeque
1163 4367 1224 4428 luis
1247 4372 1384 4446 expertes
1405 4367 1455 4426 de·

338 4595 363 4661 l)
382 4593 489 4660 Pascal,
508 4593 601 4647 lettres
620 4592 802 4662 provenciales
821 4593 897 4662 ehap.
908 4593 970 4648 XV.
