3134 5054
654 310 745 362 Garun
763 310 834 362 xlv.
1299 311 1350 364 317

131 523 293 596 impiorum
320 527 471 598 petitarum
500 522 616 598 ducem,
650 539 707 583 non
740 523 927 582 christianum
958 523 1121 596 theologum
1151 539 1216 584 esse
1242 523 1356 598 jamdu-

133 627 212 686 dum
239 627 470 687 clamitaverant.

230 730 316 790 Hand
335 731 426 790 multo
447 737 513 804 post
533 732 597 804 ipse
619 730 782 805 Lutberus,
805 728 928 790 forsitan
951 731 1209 790 aMelanohtbone
1232 731 1354 804 aliisque

138 835 244 894 amicis
276 833 452 908 admonitus,
486 851 518 894 se
548 835 668 893 nimium
697 833 787 894 fuisse
816 835 848 893 in
880 834 1072 908 oppugnando
1095 833 1216 894 Erasmo
1239 837 1356 908 agnovit

139 940 263 1012 ejnsque
282 939 410 998 orimum
432 939 525 998 missis
548 939 655 998 litteris
679 937 844 998 demulcere
868 937 984 997 studuit
1023 938 1104 1010 Quae
1119 955 1206 1012 quum
1221 938 1355 1012 perditae

138 1043 216 1117 siut,
246 1058 345 1102 earnm
373 1049 575 1116 argumentum
602 1043 658 1102 nisi
688 1061 724 1102 ex
746 1042 861 1101 Erasmi
889 1040 1052 1117 respouso¹
1072 1043 1180 1117 iisqne,
1212 1059 1286 1116 qnae
1307 1043 1355 1101 hio

139 1147 251 1220 passim
273 1146 309 1205 de
332 1147 390 1206 illis
413 1153 568 1220 memorat,
589 1162 765 1220 cognoscere
789 1152 820 1205 et
842 1148 1008 1220 conjectare
1030 1163 1088 1206 non
1103 1161 1262 1220 possumus.
1298 1147 1357 1206 Lu·

140 1251 242 1310 therua
272 1267 304 1310 se
327 1257 510 1324 peccatorem
532 1249 675 1310 infirmnm
696 1266 760 1310 esse
784 1255 815 1308 et
836 1251 982 1309 hominem
1005 1251 1170 1310 vehementi
1192 1250 1355 1324 praeditum

140 1355 261 1428 ingenio
284 1353 431 1415 confessus
453 1360 506 1414 est.
551 1355 596 1414 De
619 1355 685 1414 aliis
709 1353 837 1428 ejnsdem
857 1355 954 1422 verbis
976 1354 1048 1414 dicit
1069 1353 1208 1413 Erasms
1228 1355 1354 1415 ironice:

143 1457 283 1533 ,Dejerat
312 1476 344 1518 se
371 1460 402 1518 in
431 1477 477 1518 me
501 1475 565 1520 esse
593 1461 690 1518 auimo
713 1457 917 1518 candidissimo
939 1474 974 1517 ac
992 1457 1199 1533 propemodum
1220 1461 1356 1534 postulat,

143 1569 178 1622 ut
199 1564 255 1637 ipsi
279 1565 387 1638 gratias
410 1581 508 1638 agam,
529 1563 604 1638 quod
626 1580 673 1622 me
694 1569 753 1622 tam
777 1564 902 1624 civiliter
917 1564 1105 1625 mactaverit!
1143 1563 1183 1622 Et
1205 1565 1263 1624 alio
1277 1565 1354 1624 loco:

145 1665 290 1740 ‚donatos
309 1673 354 1727 est
369 1669 483 1740 scriptis
496 1667 533 1726 ad
546 1683 592 1727 me
604 1669 710 1727 litteris
728 1667 798 1726 mihi
814 1665 1005 1741 persuadere,
1028 1683 1060 1726 se
1079 1667 1202 1726 cendido
1218 1675 1249 1726 et
1262 1669 1356 1727 amico

144 1787 209 1830 esse
238 1773 268 1830 in
297 1788 345 1831 me
374 1773 485 1846 animo,
519 1773 580 1830 sive
609 1771 760 1831 crederem
789 1773 849 1831 sive
879 1788 937 1831 non
967 1771 1126 1831 crederem.
1171 1771 1202 1832 Si
1229 1773 1271 1830 sic
1296 1772 1357 1832 vel·

141 1875 214 1934 licat
245 1877 368 1936 amicum
404 1876 624 1948 dormitantem,
659 1891 732 1949 quas
761 1877 862 1949 plagas
891 1873 1038 1951 infligeret
1069 1875 1094 1934 si
1128 1877 1218 1935 vellet
1242 1877 1355 1937 hostem

142 1979 312 2039 oeeiderel‘
345 1979 492 2038 Lutberns
507 1981 651 2053 nimirum,
674 1980 809 2039 similiter
823 1995 858 2038 ao
873 1984 976 2054 postea
990 1978 1221 2038 Lutheranornm
1243 1979 1356 2053 probis·

142 2083 207 2142 sirm
230 2078 377 2156 qnidam²
399 2087 508 2156 quanta
529 2084 638 2157 injnria
651 2083 804 2142 Erasmum
827 2083 1005 2141 edacissimo
1020 2087 1050 2141 et
1064 2079 1217 2141 falsissimo
1234 2083 1355 2143 crimine

146 2187 306 2262 affecisset,
338 2203 396 2246 non
425 2189 495 2246 satis
517 2187 725 2262 persentiebat
771 2187 892 2246 Scilicet
912 2184 1015 2244 falsam
1038 2186 1203 2259 opinionem
1225 2187 1262 2246 de
1285 2204 1357 2246 non·

142 2291 229 2351 nullis
251 2291 395 2365 primariis
418 2291 609 2350 Erasmianae
631 2291 795 2365 theologiae
817 2291 985 2363 sententiis,
1008 2305 1079 2363 quas
1094 2305 1161 2348 eum
1175 2295 1256 2349 recte
1271 2291 1357 2350 intel·

142 2395 242 2469 legere
266 2401 296 2454 et
316 2395 479 2470 ponderare
502 2411 560 2453 non
582 2395 710 2468 potuisse
733 2394 925 2468 ostendimus,
954 2395 1068 2453 interea
1091 2410 1148 2453 non
1171 2393 1355 2468 deposuerat

142 2498 268 2573 Propter
297 2501 438 2572 rejectum
464 2498 613 2558 absolutae
640 2499 914 2572 praedestinationis
944 2498 1048 2573 dogma
1070 2499 1158 2556 etiam
1180 2514 1255 2556 nunc
1277 2498 1356 2557 humi

141 2603 222 2661 illum
253 2607 370 2677 reptare
397 2601 603 2662 arbitrabatur.
647 2602 752 2662 Verbis
782 2619 840 2662 non
863 2619 895 2662 re
915 2603 946 2660 in
969 2601 1068 2662 libello
1087 2618 1140 2662 sno
1162 2618 1194 2662 se
1218 2618 1355 2677 peccasse

140 2705 270 2780 putabat
316 2706 499 2782 Quapropter
527 2707 649 2781 epistola
678 2709 752 2781 eJ'os,
783 2706 893 2766 infelici
919 2706 1039 2780 insuper
1065 2723 1134 2766 casu
1166 2707 1259 2766 serius
1288 2706 1356 2767 red·

143 2810 218 2884 dita,
242 2810 378 2884 Erasmo,
400 2810 473 2870 alias
494 2809 662 2870 inoffensis
684 2809 771 2870 facile
793 2811 942 2885 placabili,
972 2827 1029 2870 non
1052 2810 1201 2871 satisfecit.
1243 2809 1358 2870 Iulliota

142 2915 263 2974 vulnera
284 2915 349 2988 plns
372 2929 457 2988 qnam
480 2915 617 2988 capitalia
646 2915 785 2989 ejusmodi
808 2916 895 2990 palpo
914 2931 973 2973 non
996 2915 1119 2974 deleniri
1142 2917 1199 2989 ait,
1228 2915 1357 2989 quamvis

143 3017 207 3077 dira
242 3017 293 3077 illa
320 3019 448 3078 convicia
489 3034 524 3077 eo
552 3019 646 3076 levius
676 3017 764 3091 ferat,
794 3017 869 3090 qnod
896 3018 967 3076 nihil
987 3017 1086 3076 borum
1110 3019 1160 3092 sit,
1194 3019 1225 3076 in
1247 3034 1303 3090 qno
1325 3033 1357 3076 ae

143 3137 196 3180 sna
213 3121 381 3182 remordeat
408 3123 599 3194 conscientia;
626 3121 682 3180 nisi
712 3121 788 3179 enim
811 3121 967 3180 christiane
986 3121 1023 3180 de
1046 3121 1110 3180 Deo
1132 3121 1226 3194 deque
1250 3120 1354 3180 divinis

143 3227 249 3286 litteris
271 3227 408 3302 sentiret,
437 3243 496 3286 nou
519 3231 684 3300 optaturum
706 3241 738 3284 se
762 3241 826 3284 esse
849 3225 895 3285 vel
917 3225 948 3282 in
971 3225 1129 3284 crastinum
1151 3224 1207 3283 sibi
1228 3223 1353 3298 proferri

142 3331 239 3389 vitam
292 3329 503 3405 Recordemur,
535 3347 610 3404 qnae
640 3328 783 3404 quondam
813 3329 982 3402 scripserat:
1013 3327 1122 3402 ,Medis
1145 3329 1276 3388 omuibus
1296 3331 1356 3388 enl-

143 3433 254 3507 pandns
285 3449 396 3508 essem,
421 3435 446 3493 si
476 3433 513 3494 ed
533 3435 691 3508 impietatis
714 3434 825 3492 odmen
846 3433 1067 3508 obmutuissem,
1098 3434 1147 3506 qui
1167 3432 1226 3492 tale
1249 3433 1358 3508 aliquid

143 3537 293 3597 moderate
315 3535 394 3597 ferre
417 3543 526 3611 potest,
546 3538 570 3596 is
593 3537 699 3598 leviter
720 3539 783 3612 pius
804 3537 866 3597 est‘
904 3537 977 3596 Tum
997 3538 1136 3597 leniorem
1153 3538 1355 3616 suspicionem,

144 3657 162 3698 a
190 3640 287 3700 Fabro
316 3641 482 3716 Stapulensi
513 3641 550 3700 de
581 3658 615 3702 co
638 3648 761 3716 motum,
796 3642 946 3702 acerrimis
968 3642 1065 3702 verbis
1087 3641 1230 3718 diluerat,
1263 3644 1356 3717 ipsum

143 3743 219 3803 hunc
252 3745 344 3803 virum
379 3744 575 3805 venerandum
608 3762 674 3806 mox
707 3745 762 3804 sibi
793 3747 1005 3805 conciliaverat.
1059 3745 1124 3804 Non
1147 3747 1251 3804 mirum
1280 3744 1357 3819 quod

144 3847 228 3922 longe
257 3849 372 3921 muns
403 3851 530 3924 crimen,
560 3849 637 3923 quod
658 3848 804 3908 Lutberna
831 3865 929 3908 coram
948 3848 1017 3908 orbe
1040 3850 1071 3907 in
1094 3865 1161 3908 enm
1182 3848 1357 3923 intenderat,

144 3967 236 4024 aequo
268 3953 364 4011 animo
392 3969 450 4012 non
472 3953 547 4012 tnlit.
592 3952 718 4024 Questus
745 3957 790 4010 est
813 3969 844 4010 se
867 3951 953 4025 objici
976 3952 1013 4010 ab
1032 3951 1082 4010 illo
1104 3949 1220 4010 furiosis
1241 3950 1358 4025 quibus·

143 4054 208 4114 dam
236 4055 414 4129 pharisaeis,
447 4057 559 4116 scilicet
588 4055 791 4129 stupidissimis
823 4055 887 4114 istis
917 4055 1080 4128 monachis,
1119 4055 1168 4128 qui
1190 4054 1358 4127 jamdudum

143 4157 296 4218 Erasmnm
317 4152 406 4240 (adde
429 4153 602 4240 Lntberum)
626 4176 690 4218 cnm
712 4159 806 4218 atheis
830 4164 1037 4232 aequaverant.

230 4262 332 4336 ltaque
355 4263 493 4323 Ermmus
510 4263 595 4323 valde
617 4264 731 4322 irritato
754 4263 849 4326 animo
868 4263 1106 4336 Hyperaspistem
1128 4277 1210 4321 annm
1233 4265 1358 4338 scripsit,

144 4366 225 4439 cnjus
239 4366 320 4440 prior
334 4383 415 4443 pars,
436 4385 522 4441 quum
536 4367 659 4431 Lntheri
674 4368 796 4442 epistola
810 4367 838 4424 ei
854 4365 1042 4440 redderetur,
1054 4367 1116 4440 jam
1131 4366 1205 4440 typis
1220 4381 1358 4442 expressa

235 4587 261 4651 l)
281 4586 350 4651 Epp.
368 4585 447 4654 xxi,
469 4549 523 4639 28.¹
627 4586 654 4653 2)
677 4585 717 4640 (li.
736 4585 901 4637 Seokeudorff
915 4585 934 4636 1.
953 4602 975 4636 o.
992 4583 1029 4638 11.
1048 4601 1075 4649 p.
1087 4587 1129 4634 29.
