3156 5056
243 277 294 333 ΠΒ
729 279 831 330 Passus
851 280 968 329 Pavoavs

241 491 428 564 praemissae.
471 492 537 565 lpse
560 492 715 565 aliqnando
741 493 820 550 inter
841 493 1011 565 gravissima
1034 493 1151 565 negotia
1170 492 1299 551 libellum
1322 492 1360 550 de
1383 492 1460 550 Ger·

243 612 392 654 manorum
414 597 577 654 nominibus
598 597 723 669 propriis
742 596 832 654 latine
856 593 1054 669 conscripsit¹

329 699 428 759 Edam
452 702 482 758 in
511 702 719 774 amplectendis
749 703 838 760 variis
863 699 1012 774 perlectae
1035 701 1257 774 pulchrItudiuis
1284 702 1459 774 simulacris,

242 821 318 880 quae
348 804 487 880 effingere
514 807 644 866 homines
675 807 827 880 multiplici
853 807 999 865 variarum
1021 807 1128 864 artium
1150 806 1295 864 inducitis
1316 807 1458 880 nituntur,

243 910 345 970 eadem
359 909 426 982 ille,
448 927 533 984 quam
548 911 685 985 diximus,
708 912 818 985 ingenii
838 910 1029 984 amplitudine
1050 916 1123 970 erat
1167 910 1304 970 Picturae
1326 928 1457 986 operum,

242 1019 382 1089 quotquot
415 1014 573 1088 dabuntur,
610 1015 688 1073 hand
726 1016 900 1074 incuriosum
934 1032 966 1074 sc
996 1015 1147 1089 praebuit,
1177 1015 1226 1088 iis,
1258 1017 1307 1088 qui
1336 1021 1458 1089 propter

241 1119 430 1178 iconolatriae
457 1118 563 1178 abusos
587 1137 689 1178 omnes
715 1121 808 1193 pictos
836 1121 951 1179 tabulas
974 1121 1094 1180 aedibus
1117 1122 1207 1180 sacris
1230 1123 1338 1194 ejicere
1358 1121 1458 1179 volue-

241 1230 323 1299 runt,
344 1223 459 1284 fortiter
478 1225 593 1283 restitit.
638 1225 769 1285 Musicae
800 1227 884 1298 artis,
907 1227 1037 1298 inprimis
1059 1242 1173 1297 sacrae,
1202 1242 1335 1300 apuero
1358 1241 1457 1284 amau-

241 1331 369 1388 tissimns
402 1335 474 1388 erat.
540 1329 585 1388 De
616 1332 697 1403 cujns
727 1329 824 1388 indole
855 1335 886 1388 et
915 1331 1015 1388 formis
1044 1331 1111 1404 plus
1140 1330 1232 1389 semel
1262 1337 1321 1389 tam
1352 1331 1457 1388 ardeu-

241 1433 317 1492 tibus
347 1433 508 1507 iisdemque
533 1439 593 1492 tam
615 1435 692 1508 aptis
713 1434 809 1492 verbis
832 1435 974 1509 loquitur,
1004 1440 1037 1493 ut
1060 1451 1126 1492 eum
1147 1437 1355 1509 peritissimum
1377 1435 1456 1494 illins

241 1538 331 1597 fnisse
354 1539 416 1611 jam
442 1538 509 1596 iude
538 1545 686 1611 appareat.
731 1538 943 1598 Delectabatur
964 1537 1145 1613 Gregoriano
1167 1541 1218 1612 qui
1240 1539 1346 1598 dicitur
1367 1547 1456 1599 cantu

242 1647 272 1703 ct
304 1643 417 1716 hymnis
447 1659 482 1700 ac
513 1645 703 1716 responsoriis
731 1643 768 1702 ad
797 1642 913 1718 figurati
940 1645 1001 1702 toni
1031 1644 1113 1718 leges
1141 1644 1276 1703 redactis.
1327 1644 1395 1718 Ipse
1423 1647 1456 1702 in

241 1747 334 1809 lineas
351 1749 411 1806 sive
426 1752 510 1806 notas
526 1765 698 1821 componere
714 1747 846 1808 cauenda
861 1754 912 1807 aut
927 1749 1085 1822 composita
1100 1751 1248 1822 corrigere
1262 1749 1363 1808 doctus
1377 1755 1456 1822 erat,

242 1869 304 1928 eos,
332 1855 381 1927 qni
402 1853 458 1912 hac
480 1858 544 1912 arte
567 1869 638 1926 prae
661 1855 768 1912 ceteris
789 1859 858 1912 tunc
879 1854 1076 1928 excellebant,
1106 1855 1207 1912 summi
1229 1854 1364 1913 faciebat
1409 1853 1458 1912 Sic

241 1960 407 2034 impetravit
431 1958 586 2033 aliquando
606 1975 624 2017 a
646 1959 894 2032 praestantissimo
910 1959 1053 2017 Bavariae
1068 1959 1159 2018 Ducis
1175 1961 1295 2032 musico,
1318 1965 1351 2017 ut
1367 1959 1457 2017 verba

240 2066 343 2139 psalmi
372 2065 469 2138 quarti
503 2066 551 2138 ,In
580 2081 654 2138 pace
682 2064 823 2122 dormiam
853 2069 883 2122 et
910 2064 1105 2136 requiescam‘
1134 2070 1165 2122 et
1194 2079 1268 2138 qnae
1297 2071 1457 2137 sequuntur

242 2171 396 2230 artificiose
420 2171 577 2244 composita
599 2171 655 2228 sibi
678 2171 815 2228 mitteret.
860 2167 904 2226 Ex
928 2168 1068 2244 ejusmodi
1091 2170 1212 2228 canticis
1234 2171 1338 2243 sacris,
1368 2186 1455 2240 quum

241 2275 361 2334 tristitia
383 2280 414 2334 et
436 2275 645 2334 tentationibus
667 2273 861 2348 affligeretur,
891 2275 1024 2332 solatium
1049 2273 1187 2347 petebat3
1214 2274 1286 2332 talia
1310 2289 1455 2332 unacum

243 2378 455 2439 convictoribus
481 2385 511 2438 et
533 2377 599 2437 filiis
621 2383 686 2452 post
708 2395 829 2437 coenam
851 2377 1068 2452 modulabatur;
1099 2379 1236 2436 musicam
1259 2383 1354 2436 artem
1375 2378 1456 2451 qnasi

241 2485 364 2542 alteram
387 2483 561 2556 theologiam
584 2499 648 2541 esse
671 2483 868 2556 praedicabat.
885 2513 926 2524 -
949 2483 1098 2542 Interdum
1118 2483 1205 2557 jussit
1222 2483 1346 2541 musicos
1368 2483 1453 2541 etiam

242 2605 278 2647 ex
308 2587 456 2646 veteribus
484 2587 576 2659 poetis
607 2589 736 2645 carmina
766 2603 881 2646 cauere.
927 2585 975 2645 Sic
1002 2588 1168 2661 aliquando,
1197 2588 1227 2645 id
1252 2587 1329 2660 quod
1356 2591 1456 2645 narrat

241 2690 430 2764 Matthesius,
457 2691 508 2763 qui
538 2706 634 2748 coram
662 2690 808 2764 audierat,
836 2693 987 2750 accinoute
1016 2691 1148 2764 Philippo
1178 2707 1313 2765 suprema
1334 2691 1454 2750 Didonis

241 2797 331 2854 verba
355 2799 473 2853 commta
495 2800 569 2852 sunt
614 2794 696 2852 Tunc
719 2795 791 2853 dixit
811 2795 970 2854 Lutherns:
994 2796 1087 2870 ,Bone
1110 2797 1204 2870 Deus,
1226 2811 1313 2868 quam
1337 2803 1382 2856 est
1403 2799 1454 2854 mi-

241 2899 374 2960 serabilis
396 2899 526 2959 condicio
547 2915 725 2974 paganorum
747 2900 905 2974 hominum,
928 2901 977 2974 qui
999 2902 1041 2958 sic
1064 2903 1198 2959 misorum
1221 2901 1346 2959 animam
1369 2903 1454 2959 enha-

241 3008 317 3079 lant3
339 3006 381 3064 uti
402 3009 489 3080 poeta
510 3009 636 3064 exeunte
659 3005 733 3064 libro
752 3011 874 3063 mortem
896 3006 987 3064 Turni
1009 3005 1054 3063 his
1076 3004 1171 3064 verbis
1193 3005 1348 3064 describit:

423 3112 548 3185 Vitaque
571 3128 636 3170 cum
658 3111 775 3170 fremitu
797 3111 871 3186 fugit
893 3109 1044 3184 indignata
1066 3112 1118 3170 sub
1141 3111 1274 3169 umbrea‘

240 3221 342 3293 Neque
365 3225 476 3292 tamen,
502 3233 576 3291 quae
599 3233 668 3274 vore
689 3217 817 3276 humana
840 3221 871 3274 et
894 3215 1010 3275 excelsa
1035 3217 1111 3289 apud
1137 3221 1267 3275 veterum
1289 3223 1389 3291 poetas
1410 3217 1455 3273 iu·

241 3325 409 3396 veniuntur,
437 3323 520 3396 parvi
550 3320 685 3380 iaciebat.
729 3321 850 3380 Juveuis
878 3319 998 3393 Virgilio
1027 3327 1057 3380 et
1085 3321 1188 3380 Plauto
1218 3323 1329 3394 priores
1356 3326 1455 3395 partes

241 3426 359 3500 detulit3
396 3433 499 3498 postea
526 3425 750 3499 Melanchtlrone
785 3426 859 3484 duce
891 3425 1048 3483 Homerum
1082 3427 1182 3501 legere
1210 3443 1321 3485 summo
1351 3425 1455 3500 gaudio

242 3531 353 3604 eoepit;
385 3529 460 3602 quod
482 3530 513 3586 in
535 3529 580 3587 his
610 3529 712 3588 studiis
740 3530 852 3601 longius
881 3528 1017 3602 progredi
1043 3531 1219 3603 gravissimis
1241 3530 1367 3604 negotiis
1389 3546 1456 3604 pro-

241 3634 403 3708 hiberetur,
426 3632 509 3692 valde
533 3633 631 3694 doluit.

327 3738 418 3798 Simul
448 3739 570 3797 meliora
600 3737 792 3798 Germanicae
823 3745 945 3814 poeseos
974 3741 1147 3814 specimina,
1180 3757 1254 3814 quae
1285 3742 1356 3798 satis
1386 3755 1456 3798 rara

242 3851 343 3905 nactus
374 3849 418 3904 est
444 3837 592 3926 (quoniam
615 3844 845 3917 splendidissima
867 3845 956 3904 medii
979 3846 1044 3904 aevi
1067 3845 1196 3904 carmina
1218 3851 1287 3904 tunc
1309 3845 1455 3904 oblivione

240 3952 344 4010 obruta
371 3942 469 4030 erant)
498 3950 616 4008 minime
647 3949 784 4024 neglexit.
830 3951 895 4022 lpse
926 3950 1054 4008 classicis
1084 3929 1189 4008 uostris
1216 3950 1308 4022 poetis
1336 3955 1457 4023 propter

239 4055 393 4128 praeclara
415 4056 529 4113 cantica
544 4054 686 4128 quaedam
701 4071 799 4129 sacra,
822 4070 966 4127 uunquam
989 4054 1134 4128 peritura,
1154 4055 1221 4127 jure
1238 4053 1455 4113 adnumeratur.

168 4135 171 4142 ¹
241 4157 400 4216 Praeterea
423 4176 488 4216 cum
510 4160 542 4216 in
564 4159 613 4232 iis,
637 4173 711 4232 qnae
731 4159 862 4232 pedestri
883 4175 1016 4218 sermone
1037 4159 1210 4232 composuit,
1232 4159 1314 4216 multi
1334 4159 1390 4219 loci
1410 4159 1455 4216 in-

240 4269 307 4322 sunt
328 4261 503 4322 uberrimum
516 4263 665 4336 ingenium
681 4265 824 4337 poeticum
840 4265 997 4338 spirantes,
1016 4269 1077 4322 tum
1092 4264 1122 4322 in
1137 4281 1285 4323 sacrorum
1299 4263 1454 4323 bibliorum

240 4371 372 4429 versione
400 4368 478 4427 haud
507 4370 602 4428 minus
634 4369 761 4430 feliciter
790 4370 963 4430 tenerrimos
986 4386 1072 4443 quam
1096 4371 1304 4431 excelsissimos
1332 4373 1455 4444 poeseos
1569 4395 1570 4434 v

251 4503 503 4512 u-——n-...ua—

333 4581 357 4648 r)
376 4583 453 4634 nune
471 4582 553 4632 sorum
572 4583 665 4632 irarum
684 4582 832 4652 ιἰνωνύμως
850 4583 930 4634 esron
948 4585 981 4650 (a.
997 4547 1084 4650 isar).
