3134 5054
245 297 297 360 256
623 357 627 366 ,
731 299 837 356 Planus
855 303 973 356 Pnronrs

243 527 357 581 contra·
374 522 468 595 ipsum
498 538 596 581 coram
625 523 737 595 jactata
767 523 869 581 audire
901 539 959 582 non
985 521 1141 596 poterat‘¹
1185 523 1299 584 Eodem
1328 531 1463 598 tempore

243 627 425 685 Dominicani
448 627 660 699 Francogallici
683 627 833 702 dicebant,
855 633 980 700 quatuor
1002 628 1187 688 antichristos
1207 645 1271 688 csse
1293 629 1324 687 iu
1340 630 1462 688 mundo:

244 731 412 806 Erasmum,
430 731 602 805 Lutberum,
618 731 823 806 Reucblinum,
842 732 969 791 Fabrum
989 729 1220 806 stapulensem*
1255 733 1354 792 Etiam
1373 734 1463 793 Saua-

243 837 344 894 narola
371 853 428 894 nna
456 852 520 894 cnm
550 836 595 894 his
623 836 831 896 nominabatur.
891 837 975 895 Talia
995 836 1118 895 Erasmo
1149 838 1187 896 ab
1208 839 1310 897 amicis
1331 838 1462 897 Franco-

244 942 356 1014 gallicis
377 942 512 1000 nuntiata
529 947 603 1000 sunt.
641 941 721 998 Idem
740 942 874 999 similiter
893 941 924 998 in
939 941 1113 1014 Brabantia,
1136 943 1185 1001 ubi
1209 942 1348 1016 degebat,
1371 944 1460 1001 otiam

244 1051 420 1118 asuggestu
443 1061 526 1102 sacro
549 1041 780 1103 u·aducenatur.³
832 1045 922 1104 Simul
946 1046 1067 1104 aliorum
1090 1047 1248 1104 amicorum
1272 1047 1380 1106 litteris
1398 1049 1462 1120 jam

243 1156 311 1208 tune
335 1151 443 1208 certior
465 1148 557 1208 lactus
578 1155 637 1223 est,
668 1166 700 1207 se
731 1165 749 1208 a
776 1149 951 1208 Lutheranis
972 1151 1130 1224 perstringi
1154 1155 1185 1208 et
1207 1151 1350 1210 clamitari
1373 1151 1461 1210 Pela·

243 1250 388 1327 glanum.⁴

331 1361 411 1431 Quae
423 1359 519 1417 omnio
531 1360 554 1416 si
573 1363 668 1418 tantus
682 1358 732 1417 ille
744 1359 788 1416 uir
805 1361 943 1432 aequiore
956 1359 1052 1418 animo
1066 1349 1190 1434 tulisset,
1213 1361 1237 1418 si
1255 1359 1358 1418 lortius
1373 1361 1459 1418 simul

244 1471 331 1536 atque
350 1465 542 1536 constantius,
566 1479 641 1536 quae
665 1464 695 1521 iu
715 1463 844 1522 Lutlrero
867 1463 1020 1538 probaret,
1043 1479 1117 1536 quae
1140 1479 1197 1522 non
1218 1465 1368 1538 probaret,
1392 1481 1461 1538 pro-

243 1568 319 1626 fiteri
347 1569 442 1640 palam
472 1583 559 1625 ausus
590 1573 681 1640 esset,
713 1583 770 1624 non
793 1567 884 1626 solum
906 1567 1055 1626 sublimior
1077 1569 1140 1640 ejus
1162 1569 1302 1626 memoria
1324 1575 1460 1626 maneret

243 1671 319 1745 apud
349 1677 495 1744 posterae,
526 1669 578 1729 sod
611 1673 699 1730 etiam
728 1672 845 1730 veritati
879 1672 1079 1746 evangelicae,
1110 1689 1196 1744 quam
1225 1688 1341 1746 semper
1369 1689 1458 1731 curae

243 1777 382 1850 babebat,
414 1778 477 1849 plus
499 1775 664 1850 profuisset.
711 1775 769 1833 sed
795 1793 853 1834 non
880 1778 998 1850 mirum,
1029 1777 1054 1835 si
1076 1775 1120 1850 id,
1151 1777 1228 1850 quod
1250 1783 1338 1837 antea
1360 1777 1458 1852 palam

242 1881 340 1941 lacere
361 1898 419 1939 non
434 1896 519 1938 ansus
535 1887 613 1955 erat,
636 1896 712 1938 nunc
733 1879 896 1953 desperatis
911 1879 973 1940 fere
988 1881 1075 1939 rebus
1091 1882 1182 1940 multo
1204 1882 1298 1940 minus
1322 1881 1459 1941 audebat.

242 1985 387 2059 Quidquid
416 1985 514 2044 debile
544 1991 631 2058 atquo
663 1984 793 2043 timidum
815 1985 845 2044 in
868 2002 938 2044 seue
961 1983 1050 2044 fuisse
1074 1985 1210 2060 vidimus,
1242 1993 1310 2044 tuno
1333 1987 1457 2044 maxime

243 2093 426 2164 conspicuum
450 2096 521 2149 erat.
566 2090 688 2149 lutheri
709 2105 813 2148 nomen
837 2090 918 2162 quusi
940 2088 1029 2149 fatale
1053 2091 1080 2148 ei
1103 2088 1226 2162 lactum3
1255 2107 1330 2162 quae
1353 2092 1384 2148 iu
1405 2091 1458 2148 illo

240 2196 462 2270 displicuerant,
492 2196 529 2253 de
561 2195 664 2268 quibus
691 2194 888 2266 dubitaverat,
918 2193 1071 2254 immodice
1102 2200 1190 2252 aucta
1220 2199 1310 2254 totam
1342 2193 1456 2252 Erasmi

242 2309 368 2359 mentem
396 2317 540 2374 occupare
568 2299 712 2357 interdum
729 2299 923 2359 uidebantur.
968 2301 1102 2358 Accessit
1123 2299 1238 2358 mobilis
1261 2299 1311 2358 ille
1339 2305 1369 2358 et
1390 2300 1457 2357 irri-

240 2407 337 2464 tabilis
363 2406 489 2479 animus,
517 2421 572 2476 quo
593 2405 671 2476 justo
695 2405 808 2477 longius
833 2402 919 2462 facile
942 2404 1066 2476 cujusvis
1087 2405 1226 2462 momenti
1249 2404 1357 2477 impetu
1378 2403 1457 2462 abri-

241 2509 383 2582 piebatur.
440 2509 537 2580 Quare
558 2525 642 2580 quum
666 2512 855 2580 quaecunque
878 2508 1025 2567 sentiebat
1052 2511 1148 2567 statim
1167 2508 1273 2568 litteris
1292 2509 1456 2583 exprimere

241 2613 363 2688 soleret,
387 2612 527 2686 epistolae
551 2627 620 2670 vcro
640 2613 686 2669 vol
709 2613 747 2671 ad
769 2614 884 2671 intimos
905 2611 1065 2672 familiares
1080 2613 1166 2672 datae
1183 2614 1354 2687 saepissime
1377 2613 1457 2671 evul-

241 2723 391 2791 garentur,
415 2718 505 2776 multa
524 2718 586 2788 ejus
602 2717 690 2774 verba
705 2716 825 2776 Lutberi
842 2719 999 2776 amicorum
1014 2719 1088 2776 iram
1104 2720 1313 2776 excitaverunt.
1351 2718 1455 2790 Neque

242 2827 339 2879 tamen
361 2822 438 2880 illius
461 2822 634 2880 adversariis
656 2822 773 2894 placere
795 2827 920 2894 poterat.
955 2821 1127 2896 Ubicunque
1145 2823 1222 2881 enim
1241 2821 1351 2896 aliquid
1365 2822 1456 2880 illius·

241 2925 319 2984 modi
341 2929 485 3000 peccavit,
508 2943 539 2983 se
562 2925 625 2998 ipse
647 2931 750 2998 postea
773 2927 884 3000 colligit
900 2933 988 2998 atque
1004 2927 1134 3001 corrigit,
1158 2926 1235 2985 haud
1256 2943 1323 2984 raro
1341 2927 1455 3000 jamin

241 3047 299 3089 una
319 3031 479 3106 eademque
502 3031 632 3104 epistola
679 3030 798 3102 Quoties
820 3031 919 3104 lapsus
942 3037 997 3106 eat,
1022 3032 1108 3090 toties
1133 3030 1209 3105 foro,
1233 3031 1361 3105 agnitam
1380 3031 1457 3088 reri·

239 3143 330 3196 tatem
358 3138 403 3196 vel
434 3137 547 3196 cautius
575 3137 621 3195 vel
650 3135 786 3194 audacius
815 3136 1001 3209 praedicans,
1033 3137 1183 3194 meliorem
1211 3136 1294 3208 quasi
1321 3141 1455 3194 naturam
1486 3141 1490 3146 '

241 3258 322 3300 suam
345 3244 506 3301 resuscitat.
544 3240 625 3312 Quae
649 3241 717 3313 quin
740 3241 843 3299 victrix
865 3239 990 3313 denique
1013 3239 1116 3314 luerit,
1139 3240 1264 3313 diligens
1286 3240 1363 3298 illius
1383 3245 1457 3298 tem-

240 3347 318 3420 poris
348 3363 444 3405 rerum
474 3351 618 3404 scrutator
648 3361 706 3403 nou
735 3343 888 3404 dubitabit.
932 3345 967 3403 ld
996 3345 1085 3418 igitur
1112 3344 1207 3404 allatis
1230 3343 1369 3418 exemplis
1392 3344 1457 3416 qui-

239 3450 360 3508 busdam
378 3449 607 3508 monstrabimus.

328 3553 482 3612 Terrorem
515 3569 570 3626 quo
593 3552 730 3611 Erasmus
762 3553 885 3614 detectis
915 3553 1133 3613 incredibilibus
1155 3552 1295 3613 Aleandri
1325 3550 1455 3626 perfidiis

239 3675 393 3734 percussus
416 3663 473 3733 est,
501 3658 575 3716 baec
595 3659 708 3730 spirant
728 3657 818 3715 verba
840 3659 877 3718 ad
898 3675 1038 3717 summum
1060 3660 1150 3718 virum
1174 3657 1347 3718 Hollandiae
1369 3673 1456 3730 prae·

239 3765 330 3824 sidem
354 3761 532 3822 Everardum
554 3763 678 3835 scripta:
703 3761 776 3836 ,Res
798 3769 830 3822 ut
852 3762 937 3822 audio
960 3780 1036 3821 nunc
1058 3765 1154 3836 agitur
1176 3763 1311 3822 venenis:
1334 3761 1454 3820 Parisiis

239 3871 345 3929 sublati
375 3875 442 3928 sunt
470 3868 593 3940 aliquot,
621 3867 669 3938 qui
693 3867 852 3926 Luthorum
880 3869 1032 3926 manifesto
1059 3866 1262 3927 defendebant.
1309 3867 1454 3924 Fortassis

238 3975 294 4033 boo
317 3977 347 4034 in
371 3971 514 4032 mandatis
538 3977 594 4044 est,
617 3977 650 4030 ut
672 3973 805 4045 quoniam
829 3975 917 4032 aliter
938 3973 1015 4031 uinci
1038 3989 1095 4032 non
1117 3979 1238 4046 possunt
1255 3973 1352 4031 hostes
1370 3970 1454 4030 Sedis

239 4079 386 4137 Romanae
416 4069 471 4158 (sic
492 4077 570 4136 enim
592 4076 634 4134 illi
658 4083 775 4152 vocant,
805 4080 854 4151 qui
875 4079 991 4152 harpyis
1013 4079 1071 4136 illis
1094 4093 1151 4136 non
1174 4094 1229 4151 per
1251 4077 1348 4134 omnia
1370 4076 1454 4134 obse-

328 4339 353 4409 1)
372 4339 549 4408 Hermiujurd,
573 4344 788 4410 correspondemus
805 4344 849 4394 dos
867 4345 1046 4395 reformateurs
1064 4343 1077 4393 I
1096 4360 1122 4409 p.
1137 4348 1178 4394 il.

327 4427 354 4492 2)
373 4427 470 4479 Ibidem
489 4445 514 4495 p.
530 4435 561 4481 ill
581 4431 618 4494 (in
635 4431 744 4496 epistola
761 4433 879 4482 monachi
892 4431 1047 4482 Auueeensis
1065 4431 1097 4481 ud
1114 4429 1194 4481 Henr.
1204 4425 1456 4494 Corndgrippsm).

326 4515 354 4576 3)
373 4516 417 4565 Er.
437 4531 497 4581 opp.
517 4517 568 4580 111,
581 4519 641 4571 646.
656 4523 722 4568 169⁵
735 4533 755 4572 s.
942 4517 945 4526 ’

328 4599 356 4670 4)
374 4600 471 4652 Ibidem
491 4619 516 4668 p.
530 4609 588 4661 658.
