3156 5056
643 286 736 338 Osrur
752 286 800 340 IX.
1274 285 1325 340 221

111 497 202 558 Simul
232 509 306 559 vero·
328 516 381 573 pro
410 499 501 574 ipsius
530 499 631 575 Papae
654 499 909 575 Cardinsliumque
939 501 1072 574 personis
1098 499 1201 559 intimo
1229 501 1326 558 auimo

110 602 205 662 Deum
239 602 355 678 orabat,
392 609 426 663 nt
458 605 639 678 poenitentia
674 607 794 680 propter
826 603 931 665 Cumae
963 603 1129 678 mendacia,
1166 604 1327 680 asadiam,

112 706 234 767 effusum
257 709 426 784 sanguinem
449 710 507 768 illis
529 708 600 770 data
623 727 673 769 eos
696 715 835 770 servaret.
873 709 1014 768 Nimirum
1029 709 1105 783 quod
1118 709 1150 767 in
1164 709 1201 767 iis
1216 708 1327 784 oderat,

110 813 183 872 nihil
207 818 272 872 erat
293 814 349 874 nisi
376 813 651 874 conciliatissimus
676 821 706 874 et
728 815 834 874 sinceri
859 814 1002 888 evangelii
1025 813 1185 873 inimicitia
1230 813 1327 886 Quare

110 918 195 977 valde
216 923 331 994 errant,
353 919 403 992 qui
424 917 584 978 Lutherum
607 919 712 992 puerili
734 918 852 979 ultionis
871 918 966 978 studio
986 917 1095 978 bullam
1109 917 1327 992 decretaliaque

110 1037 256 1082 cremasse
280 1039 344 1082 oum
364 1023 479 1083 lesuita
500 1022 623 1096 quodam
645 1023 785 1098 garriunt
829 1023 864 1082 Iu
892 1028 1015 1097 eumue
1041 1028 1127 1096 parte
1152 1023 1327 1082 exteriorem

111 1126 299 1187 comburendi
329 1129 417 1188 libros
447 1133 544 1188 actum
575 1127 700 1188 eundem
726 1125 829 1202 fuisse,
859 1129 1029 1188 interiorem
1051 1124 1189 1187 facinoris
1210 1129 1269 1187 vim
1291 1144 1326 1187 eo

109 1229 351 1305 significationem
379 1248 497 1306 prorsus
524 1233 681 1308 dicerem,
718 1248 806 1307 supra
835 1230 1022 1292 ostendimus.
1074 1231 1220 1290 Lutherus
1247 1248 1327 1307 vero,

108 1336 161 1409 qui
183 1337 215 1395 in
236 1336 380 1396 heroismo
404 1353 455 1396 suo
475 1337 631 1397 christiano
653 1338 768 1411 lepores
795 1341 825 1394 et
850 1337 927 1396 sales
948 1352 1006 1395 non
1028 1336 1199 1409 spernebat,
1230 1341 1326 1396 exter-

109 1457 178 1500 nam
199 1441 279 1502 illam
302 1441 520 1502 similitudinem
542 1443 651 1502 ironice
674 1457 745 1516 prae
768 1457 799 1502 se
822 1442 897 1500 tulit.
942 1441 989 1500 Ad
1010 1441 1107 1500 oculos
1127 1439 1326 1500 demonstrare

108 1562 142 1604 se
177 1546 299 1606 voluisse
334 1547 521 1606 incendiariis
553 1546 679 1620 Papistis
712 1545 799 1620 dixit,
835 1561 892 1605 non
926 1561 991 1604 esse
1023 1559 1193 1618 magnarum
1223 1544 1327 1604 virium

109 1649 199 1709 libros
229 1666 352 1710 exurere
379 1666 451 1725 quos
479 1649 629 1711 confutare
658 1667 715 1710 uon
744 1647 887 1724 possent.l
930 1648 971 1708 Et
996 1649 1232 1708 commentariolo
1255 1646 1328 1709 Ger-

109 1754 237 1830 manico,
266 1772 323 1830 quo
353 1756 397 1815 rei
425 1761 527 1830 gestae
555 1771 657 1814 causas
681 1755 798 1815 intimas
820 1761 880 1814 tam
903 1755 980 1814 serlo
1002 1769 1087 1827 quam
1109 1752 1224 1812 lortiter
1245 1753 1327 1812 brevi

110 1859 279 1932 explicavit,
301 1857 405 1918 festiae
428 1860 503 1919 hece
523 1858 663 1918 Simeonis
684 1859 776 1920 serbe
797 1858 982 1931 subscripsit:
1005 1855 1087 1916 Sicut
1101 1853 1235 1916 iecerunt
1248 1856 1327 1931 mihi,

108 1963 153 2022 sio
175 1961 233 2023 ieci
256 1963 307 2022 eis.
352 1961 489 2023 Ceterum
513 1979 570 2022 non
592 1963 766 2036 Martiuum,
793 1963 929 2023 humilem
951 1967 1150 2036 peccatorem,
1171 1959 1224 2020 ssd
1247 1959 1329 2020 Obri-

108 2073 200 2142 stum,
230 2074 375 2140 ‚seuctum
401 2064 502 2142 Dei‘2,
532 2069 607 2127 male
638 2067 675 2128 ab
705 2067 880 2127 adversariis
909 2071 1066 2126 tractatum
1095 2065 1224 2139 graviter
1252 2065 1328 2125 tulit.

109 2171 220 2232 Contra
241 2173 317 2232 benc
338 2189 438 2234 verum
462 2178 493 2232 et
513 2172 659 2238 sincerum
680 2169 841 2246 Christum,
864 2187 949 2245 quem
972 2171 1034 2244 ipse
1057 2169 1138 2229 libris
1161 2169 1220 2228 suis
1241 2184 1327 2243 prae-

108 2277 250 2352 dicasset,
280 2277 346 2336 illos
375 2278 443 2352 igne
474 2293 509 2336 ao
537 2276 632 2351 gladio
655 2275 772 2336 saevire
795 2280 920 2335 testatus
943 2279 995 2334 est
1041 2273 1075 2332 ld
1098 2278 1131 2332 ut
1150 2273 1328 2332 sollemniter

108 2381 289 2456 declararet,
314 2380 422 2440 bullam
451 2378 627 2454 ponticlum
656 2381 688 2439 in
717 2380 815 2455 ignem
841 2379 959 2439 mittens
985 2379 1059 2438 haec
1086 2377 1176 2438 verba
1202 2375 1327 2436 eddidit:

108 2485 185 2557 Quia
207 2490 239 2544 tu
262 2485 439 2545 conturbasti
460 2485 597 2545 Sanctum
618 2484 749 2559 Domini,
771 2483 839 2544 ideo
861 2489 891 2543 te
914 2482 1069 2543 conturbet
1088 2482 1163 2557 ignis
1182 2485 1328 2542 aeternus.

197 2588 350 2650 Judicialis
372 2589 461 2662 igitur
483 2590 560 2648 sotio
584 2595 661 2663 eret,
692 2603 750 2650 non
778 2591 810 2648 in
839 2589 967 2664 singulos
989 2588 1135 2666 homines,
1164 2585 1327 2660 dequibus

108 2693 257 2754 Lutberus
286 2693 426 2768 judicium
461 2693 516 2754 deo
548 2693 731 2768 remittebat,
764 2692 817 2753 sed
849 2693 880 2752 in
915 2692 1164 2752 antichristianum
1197 2690 1328 2764 spiritum

107 2797 221 2858 Romae
249 2797 445 2858 dominantem
475 2799 630 2858 intentata.
681 2797 772 2857 Pauci
801 2795 925 2858 fortasse
954 2797 1017 2870 eius
1047 2796 1183 2868 aequales
1211 2799 1329 2869 propter

107 2903 228 2964 insitam
241 2901 389 2962 Rommae
414 2903 557 2962 ecclcsiae
580 2903 721 2976 pietatem
743 2908 803 2961 tem
825 2905 1024 2976 repugnanter
1047 2905 1077 2959 et
1095 2899 1229 2958 dolenter
1242 2913 1329 2973 quem

106 3009 172 3082 ipse
215 3006 292 3066 illius
335 3007 490 3080 primatum
533 3023 587 3080 pro
628 3005 784 3066 insanabili
826 3007 890 3079 ejus
933 3005 1114 3077 corruptione
1157 3004 1328 3077 impugnare

107 3113 240 3188 aggressi
263 3117 338 3172 suut
383 3111 479 3184 Quare
508 3111 596 3186 paulo
626 3116 692 3185 post
721 3126 805 3183 quam
834 3109 948 3168 actione
976 3109 1029 3166 illa
1050 3107 1185 3166 universo
1207 3105 1329 3179 imperio

106 3217 208 3293 papali
248 3221 349 3291 aperte
387 3216 495 3276 bellum
534 3215 687 3290 indicavit,
726 3214 870 3288 Staupitio
903 3210 1068 3286 confitetur,
1108 3209 1266 3285 ‚trepidum
1299 3213 1330 3268 et

107 3326 242 3382 orantem
275 3337 308 3382 sa
341 3321 379 3380 ed
411 3337 511 3380 ausum
541 3320 613 3380 illud
647 3320 820 3393 accessisse,
853 3318 905 3378 sed
932 3321 1035 3392 postea
1062 3315 1215 3375 laetiorem
1239 3313 1329 3374 inisse

107 3443 197 3502 quem
226 3426 285 3486 ello
317 3426 376 3485 alio
397 3426 487 3485 totius
509 3427 587 3484 vitae
610 3441 681 3485 suae
705 3422 800 3484 facto!
844 3422 986 3482 Nimirum
1006 3421 1161 3495 judicium,
1192 3419 1269 3494 qnod
1290 3419 1328 3479 de

108 3531 242 3590 Romana
264 3530 345 3589 curia
367 3529 593 3604 augustinianus
617 3529 774 3589 monachus
796 3543 894 3588 coram
909 3525 979 3588 orbe
995 3527 1119 3601 tulerat,
1139 3541 1196 3585 non
1209 3522 1329 3584 fortuita

109 3637 198 3694 unius
219 3635 342 3694 hominis
365 3635 503 3709 cogitatio
526 3639 603 3710 erat,
625 3632 677 3694 sed
699 3632 831 3692 scitatis
849 3631 1025 3690 christianae
1040 3644 1076 3687 ex
1091 3627 1220 3689 tenebris
1236 3643 1328 3688 emer-

112 3740 209 3815 gentis
234 3738 374 3814 iudicium
404 3737 593 3812 sequentibus
624 3737 703 3798 aevis
733 3735 966 3796 confirmandum.
1012 3733 1077 3793 Jam
1107 3732 1203 3792 medio
1232 3729 1330 3790 seculo

111 3845 272 3918 praeterito
293 3844 470 3904 Moshemius
493 3843 620 3916 scripsit,
643 3841 771 3915 quisquis
791 3840 938 3898 hemioem
952 3838 1032 3896 illam
1047 3837 1171 3896 Lutheri
1186 3834 1329 3894 achonem

113 3949 312 4024 animumque,
350 3964 406 4022 quo
439 3963 503 4008 eam
537 3943 722 4022 perfecisset,
759 3943 849 4018 probe
882 3941 1125 4013 consideraverit,
1163 3953 1229 3997 eum
1262 3953 1329 4011 per·

113 4058 280 4128 specterum
300 4070 380 4127 esse,
403 4069 455 4111 our
467 4068 533 4112 eam
547 4052 602 4111 viri
618 4051 764 4125 sapientes
782 4053 812 4108 et
831 4047 976 4107 libertatis
991 4043 1181 4104 Germanicae
1198 4048 1329 4102 amantes

115 4175 153 4217 ex
173 4157 243 4232 ipsis
265 4156 546 4217 Romenooathohcis
570 4172 663 4229 aequo
686 4154 782 4212 auimo
804 4152 949 4210 tulissent
993 4150 1077 4209 Nunc
1099 4149 1177 4208 inter
1198 4147 1250 4206 hos
1271 4163 1329 4207 nou

116 4261 233 4338 desum,
255 4264 305 4337 qui
326 4262 404 4321 illius
429 4261 550 4322 achonis
571 4262 619 4320 vel
645 4264 728 4334 grato
752 4257 849 4316 animo
872 4255 1047 4315 mentionem
1069 4252 1169 4313 iacere
1192 4252 1329 4312 audeaut

116 4365 157 4425 Et
176 4368 275 4443 plures
299 4367 421 4442 posthae
444 4371 537 4427 erunt
581 4365 640 4426 Sed
663 4364 700 4424 ad
719 4359 879 4424 nemaudas
901 4375 949 4420 res
972 4365 1069 4434 gestes
1091 4356 1254 4418 redeamus.

206 4593 233 4658 1)
251 4591 339 4644 esse
358 4599 381 4653 1,
397 4596 455 4642 sse.
563 4589 590 4655 a)
608 4588 687 4639 nere.
703 4593 727 4650 ι,
741 4591 782 4637 es.
