3188 5086
219 295 269 353 138
705 297 808 347 Pnams
826 296 943 347 Puroms

217 513 470 588 pascatur31egat
498 513 722 587 eruditissimus,
754 513 811 571 orit
837 511 913 585 qnod
940 511 1039 570 discat.
1092 510 1259 583 Postremo,
1286 526 1344 570 non
1375 513 1435 567 tam

216 619 335 692 ingenio
357 635 443 690 quam
464 619 576 693 pietate
597 619 803 693 percipiuntur.
849 617 973 690 Spiritus
995 634 1032 676 ea
1052 617 1150 690 docet,
1172 633 1230 674 non
1246 614 1434 674 Aristoteles:

218 723 321 797 gratia,
344 738 402 782 non
423 723 513 782 ratio:
537 722 668 796 afflatus,
691 740 749 781 non
770 721 958 795 syllogismus.
1003 720 1033 780 Si
1054 721 1167 794 mystici
1182 736 1285 778 sensus
1310 719 1434 793 cognitio

217 825 315 884 Divini
331 825 455 900 Spiritus
477 843 597 886 munere
618 828 772 901 contingit,
796 825 871 899 quod
887 825 995 884 Paulus
1017 825 1186 898 prophetiae
1209 823 1314 882 donum
1337 823 1436 896 appel-

217 933 273 1004 lat,
308 947 360 989 cur
390 931 505 1004 plebem
541 932 726 990 christianam
761 931 925 990 universam
959 930 996 988 ab
1023 930 1107 1002 hujus
1135 928 1262 987 muneris
1292 928 1435 986 consortio

218 1034 410 1094 secludimns?
453 1037 499 1092 An
520 1052 577 1092 non
598 1040 694 1108 potest
717 1033 823 1094 Christi
847 1035 970 1106 Spiritus
992 1034 1141 1106 impertire
1165 1033 1368 1105 semetipsum
1389 1031 1435 1088 cui

217 1139 310 1197 velit?
354 1137 444 1196 Immo
473 1139 503 1197 in
531 1157 615 1212 quem
641 1140 735 1212 potius
765 1140 839 1198 solet
862 1137 1055 1211 descendere,
1084 1155 1170 1210 quam
1192 1138 1222 1194 in
1244 1136 1382 1194 humilem
1405 1142 1436 1192 et

218 1242 439 1301 mansuetumr‘
454 1240 464 1276 ¹

305 1347 410 1407 Fusius
436 1347 538 1407 eadem
569 1349 696 1422 explicat
723 1348 754 1406 iu
788 1347 982 1420 pulcherrima
1009 1345 1189 1420 praefatione
1218 1346 1255 1404 ad
1284 1345 1435 1419 lectorem,

218 1467 305 1524 quam
326 1457 394 1525 post
416 1451 568 1525 epistolam
598 1453 678 1510 illam
701 1452 737 1510 ad
761 1450 916 1511 Caesarem
939 1452 1091 1524 evangelio
1111 1449 1255 1509 Matthaei
1277 1449 1435 1521 praemisit

219 1555 298 1628 ,Non
325 1554 408 1614 video
436 1572 487 1614 cur
514 1557 620 1615 idiotae
642 1557 700 1614 sint
731 1557 768 1614 ab
792 1556 967 1628 evangelicis
988 1555 1145 1629 praecipua
1168 1555 1274 1612 litteris
1297 1569 1351 1611 ceu
1371 1569 1437 1626 pro·

219 1657 280 1717 fani
303 1675 321 1716 a
341 1660 431 1718 sacris
452 1659 654 1734 submovendi,
685 1677 759 1732 quae
783 1660 876 1719 doctis
897 1661 1009 1732 pariter
1032 1665 1063 1716 et
1084 1658 1222 1733 indoctis,
1249 1674 1323 1730 quae
1346 1655 1437 1714 Grae-

220 1763 261 1820 cis
283 1779 375 1835 aeque
398 1779 433 1822 ac
449 1764 576 1841 Scythis,
600 1779 674 1836 quae
697 1765 787 1823 servis
809 1764 910 1822 itidem
934 1769 964 1822 et
984 1763 1098 1836 liberis,
1121 1779 1195 1836 quae
1215 1760 1329 1820 feminis
1352 1761 1438 1819 simvrl

220 1871 251 1924 et
269 1867 352 1942 viris,
382 1883 456 1938 quae
485 1866 607 1940 plebeiis
635 1884 693 1926 non
715 1870 810 1926 minus
831 1873 917 1940 atque
940 1868 1057 1939 regibus
1079 1865 1211 1940 proditae
1235 1871 1309 1924 suut.
1354 1864 1435 1936 Quod

219 1970 337 2040 docent,
368 1971 444 2043 quod
470 1972 658 2046 pollicentur,
698 1990 733 2031 ex
762 1989 855 2046 aequo
883 1972 920 2030 ad
948 1988 1046 2030 omnes
1073 1973 1207 2044 pertinet
1257 1970 1435 2030 iudaeorum

219 2079 264 2132 cst
283 2075 419 2148 populum
440 2077 537 2134 celare
560 2093 614 2135 sua
635 2078 790 2150 mysteria,
815 2079 864 2149 qui
886 2079 917 2135 in
934 2077 1042 2134 umbris
1058 2074 1257 2135 versabantur.
1301 2075 1434 2146 Evange-

218 2179 276 2238 lica
302 2180 351 2238 lux
377 2182 471 2252 premi
499 2197 556 2239 nou
583 2183 715 2240 sustinet.
765 2181 840 2240 Olim
869 2182 899 2238 in
929 2187 1030 2239 sancta
1057 2186 1221 2239 sanctorum
1243 2196 1316 2238 unus
1337 2181 1433 2251 ingre·

219 2282 354 2342 diebatur
375 2285 518 2344 sacerdos.
565 2285 605 2343 At
627 2285 676 2344 ubi
698 2285 798 2359 templi
820 2287 914 2344 velum
934 2286 964 2344 in
986 2291 1077 2344 morto
1098 2284 1214 2342 Domini
1237 2285 1356 2343 scissum
1379 2289 1433 2354 est,

219 2387 256 2446 ad
283 2389 375 2461 ipsum
397 2405 488 2460 usque
510 2388 670 2463 Christum,
696 2390 745 2462 qui
772 2407 841 2448 vare
871 2396 988 2448 sanctus
1019 2394 1063 2448 est
1090 2393 1254 2447 sauctorum
1275 2394 1306 2446 et
1328 2387 1433 2446 sancti-

219 2488 320 2548 ficator
350 2491 491 2564 omnium,
522 2491 605 2550 datus
635 2497 680 2551 est
709 2493 840 2551 omnibus
862 2494 957 2552 aditus
980 2499 1010 2552 et
1032 2495 1174 2551 exaltatus
1196 2509 1214 2550 a
1237 2498 1316 2551 terra
1337 2492 1434 2550 omnia

219 2593 310 2652 trahit
331 2594 369 2652 ad
390 2611 439 2668 se,
461 2595 510 2666 qui
533 2596 614 2668 cupit
636 2611 735 2654 omnes
757 2597 851 2654 salvos
872 2597 980 2657 facere.
1014 2597 1185 2656 Exclamant
1199 2597 1348 2671 indignum
1363 2595 1434 2654 iaci·

219 2713 290 2772 nus,
320 2699 345 2756 si
368 2699 472 2756 mulier
495 2705 545 2756 aut
566 2700 706 2758 coriarius
729 2701 862 2773 loquatur
885 2702 921 2761 de
943 2702 1034 2760 sacris
1057 2702 1172 2762 litteris.
1217 2701 1256 2758 At
1278 2717 1331 2773 ego
1354 2701 1435 2772 puel-

219 2802 263 2860 las
285 2802 422 2875 quasdam
444 2802 561 2862 mallem
583 2803 685 2863 audire
708 2804 744 2863 de
768 2804 883 2864 Christo
905 2807 1068 2880 loquentes,
1090 2822 1176 2878 quam
1198 2806 1336 2879 quosdam
1358 2821 1434 2862 sum-

220 2923 281 2966 mos
321 2907 399 2980 vulgi
439 2908 575 2980 opinione
616 2908 761 2969 rabbinos.
818 2911 954 2983 Increpat
993 2911 1043 2969 ille
1077 2911 1234 2984 discipulos
1267 2926 1351 2984 suos,
1384 2910 1435 2982 qui

219 3011 408 3084 prohiberent
428 3029 534 3085 pueros
558 3012 640 3072 adire
661 3031 710 3073 se:
741 3015 853 3074 Talium
877 3021 922 3072 ost
945 3017 1038 3089 enim,
1068 3016 1177 3089 inquit,
1199 3030 1321 3088 rognum
1341 3015 1436 3072 coelo-

218 3132 291 3177 rum.
335 3116 439 3190 Neque
468 3134 520 3176 nos
548 3117 637 3192 igitur
672 3135 823 3178 arceamus
860 3120 995 3194 parvulos
1034 3119 1070 3178 ab
1100 3119 1272 3195 evangelica
1299 3119 1434 3177 lectione.

219 3220 356 3280 Fortasse
378 3221 507 3282 Christum
535 3227 566 3282 et
591 3223 656 3282 illos
684 3225 836 3297 complecti
859 3224 1025 3297 dignabitur
1052 3225 1198 3296 sacrisque
1222 3225 1280 3282 suis
1302 3223 1435 3282 manibus

220 3325 387 3398 contingere
408 3329 442 3384 ac'
465 3326 651 3386 benedicere.
696 3327 778 3386 Haec
797 3333 880 3385 aetas
895 3328 1057 3400 pharisaeis
1072 3327 1300 3386 obtrectantibus
1319 3326 1435 3386 domino

221 3427 328 3484 cecinit
354 3434 468 3499 gratum
500 3429 623 3490 Osanna.
675 3430 720 3487 Ex
749 3431 804 3488 hoc
834 3447 942 3502 genere
973 3430 1081 3504 delegit
1104 3432 1289 3504 evangelicae
1312 3431 1438 3503 pbiloso-

220 3529 306 3601 phiae
333 3529 501 3605 discipulos,
528 3534 687 3605 piscatores
716 3539 746 3591 et
775 3533 888 3592 idiotas.
934 3535 990 3592 Pr'o
1021 3535 1066 3592 his
1095 3535 1222 3606 parvulis
1244 3535 1353 3609 gratias
1374 3535 1437 3606 agit

220 3634 311 3707 patri:
343 3632 487 3694 Confiteor
513 3636 584 3710 tihi,
617 3635 697 3694 Deus
732 3638 806 3695 coeli
835 3643 866 3694 et
894 3643 1003 3713 terrae,
1040 3639 1116 3712 quod
1146 3639 1331 3698 absconderis
1361 3639 1436 3696 haec

218 3754 237 3797 a
255 3737 435 3811 sapientibus
457 3755 492 3796 ac
514 3738 704 3812 prudentibus
726 3746 757 3798 et
779 3741 954 3800 revelaveris
977 3759 1013 3802 ea
1035 3744 1179 3818 parvulis,
1202 3744 1256 3802 hoc
1278 3749 1331 3817 est,
1352 3745 1436 3816 juxta

221 3841 321 3902 mundi
346 3841 487 3916 judicium
509 3845 611 3902 stultis.
657 3844 873 3918 Saepenumero
895 3847 943 3919 qui
965 3847 1070 3906 mundo
1096 3847 1333 3921 contemptissimi
1359 3853 1437 3920 sunt,

220 3947 296 4020 apnd
326 3946 469 4006 Christum
500 3963 609 4006 summo
640 3949 671 4006 in
703 3951 799 4022 pretio
834 3955 915 4024 sunt,
950 3957 980 4009 et
1013 3967 1084 4024 quos
1112 3950 1233 4009 mundus
1264 3951 1353 4009 habet
1380 3967 1435 4022 pro

221 4050 408 4126 doctissimis,
431 4049 545 4110 Christo
568 4059 634 4111 sunt
655 4053 773 4113 idiotae.
817 4055 863 4114 De
886 4055 988 4128 quibus
1010 4055 1136 4128 loquitur
1157 4054 1278 4128 Paulus,
1305 4055 1436 4113 scribens

220 4152 372 4211 Romanis:
414 4154 603 4214 Evanuerunt
632 4159 663 4214 in
695 4157 917 4230 cogitationibus
950 4159 1019 4216 suis.
1051 4189 1092 4198 -
1124 4159 1227 4232 Neque
1261 4175 1329 4218 vero
1361 4158 1435 4216 haec

220 4256 358 4332 dixerim,
388 4274 443 4330 quo
471 4259 554 4318 bonis
577 4260 741 4320 doctoribus
764 4262 889 4320 adimam
919 4263 1121 4321 auctoritatem
1144 4279 1238 4336 suam,
1267 4267 1316 4320 aut
1337 4261 1438 4320 idiotis

220 4361 395 4434 quibuslibet
413 4362 518 4424 addam
541 4366 660 4426 animos.
705 4365 803 4425 Habet
822 4366 948 4426 humana
970 4367 1114 4440 sapientia
1135 4367 1321 4441 supercilium
1344 4383 1438 4441 suum,

310 4579 335 4647 1)
354 4581 419 4648 opp.
438 4582 462 4633 V
484 4587 541 4634 iss.
