3156 5056
662 321 753 371 Ceron
772 319 804 370 X.
1287 321 1339 374 233

640 409 793 418 .--.

123 536 213 608 dique
242 535 313 594 estis
342 533 446 594 dubiae
478 535 550 607 sint,
581 539 694 593 utnon
718 535 854 608 expediat
875 535 985 595 addere
1008 552 1145 595 novorum
1168 535 1340 594 tumultuum

124 640 286 698 materiam.
338 637 499 696 Praeterea
528 638 698 712 convenire,
725 643 758 697 ut
786 639 859 698 baec
889 657 966 698 nova
994 639 1128 699 Caesaris
1157 641 1341 712 inauguratio

124 742 230 801 seusus
252 741 394 801 ominibus
417 745 587 816 peragatur,
610 758 647 800 ne
665 741 827 815 hujusmodi
847 743 934 802 rebus
951 743 1058 802 odiosis
1073 743 1211 802 reddatur
1225 741 1342 802 funesta

125 851 159 905 et
177 845 375 920 inauspicata‘
419 843 553 918 Denique
572 843 660 904 finem
680 846 791 905 faciens
807 847 925 923 judicii,
948 847 1023 922 ,Hoc
1044 847 1216 920 eonsilium,
1240 848 1341 921 inquit,

125 951 209 1023 ,nolo
231 951 363 1023 cuiquam
385 948 581 1022 praejudicet,
611 955 724 1008 tautum
746 951 843 1009 animo
865 951 1003 1026 simplici,
1033 952 1109 1024 quod
1134 951 1204 1010 mibi
1226 949 1342 1008 videtur

125 1053 263 1126 optimum
286 1052 380 1127 factu,
402 1052 469 1112 dini.
515 1053 693 1112 Praesertim
715 1071 802 1127 quum
825 1054 863 1114 ad
885 1056 915 1114 id
936 1073 954 1114 a
976 1056 1093 1114 summis
1115 1053 1292 1128 principibus
1310 1057 1342 1112 ot

124 1157 257 1231 profanis
285 1163 315 1216 et
344 1155 548 1216 ecclesiasticis
572 1155 677 1216 fuerim
704 1159 848 1218 invitatus.
898 1159 973 1234 Opto
999 1165 1030 1218 ut
1052 1161 1149 1218 vincat
1171 1157 1340 1230 evangelica

124 1263 235 1320 veritus
257 1267 288 1319 et
309 1261 406 1320 omnia
427 1259 534 1320 cedant
554 1263 585 1320 in
607 1262 729 1334 gloriam
748 1263 819 1322 Jesu
842 1261 956 1323 Christi.
1001 1263 1113 1324 Amen}

215 1365 298 1424 Haec
319 1365 408 1439 igitur
430 1366 528 1424 omnia
548 1365 687 1424 Erasmus
708 1383 727 1425 a
747 1366 872 1426 Caesare
894 1368 1071 1442 imperiique
1091 1366 1240 1426 ordinibus
1257 1365 1341 1424 Wor-

125 1469 235 1528 matiae
262 1470 445 1542 cougregatis
467 1469 604 1542 religiose
629 1471 757 1543 reputari
780 1471 879 1529 voluit.
926 1471 981 1530 Vix
1003 1469 1064 1530 illic
1087 1471 1161 1529 elius
1181 1470 1340 1543 quisquam,

124 1572 185 1630 nisi
214 1571 289 1632 torte
320 1577 398 1631 totus
420 1571 549 1630 Lutbero
578 1575 742 1634 assentiens
770 1579 856 1648 atque
883 1574 1012 1648 deditus,
1042 1574 1198 1648 grandiora
1219 1573 1341 1632 nobilio-

125 1692 220 1749 raque
242 1677 278 1736 de
302 1695 337 1736 eo
359 1677 529 1750 praedicare
552 1683 676 1751 poterat.
712 1679 815 1752 Neque
838 1680 1004 1754 quisquam,
1026 1695 1064 1738 ne
1079 1678 1208 1737 Lutbero
1224 1676 1340 1750 qnidam

127 1787 265 1856 excepto,
288 1787 346 1840 tam
370 1782 510 1840 audacter
528 1787 559 1840 et
581 1789 717 1841 accurate
740 1783 778 1842 de
796 1785 962 1844 necessaria
976 1785 1118 1844 ecclesiae
1133 1782 1340 1842 reformatione

126 1884 238 1942 ibidem
259 1886 372 1944 locutus
395 1891 447 1944 est.
484 1887 573 1944 Immo
596 1885 734 1946 Erasmus
755 1905 808 1960 per
823 1889 937 1948 litteras
955 1889 1112 1948 lectoribus
1133 1888 1193 1946 suis
1207 1886 1340 1945 Worma-

127 1989 269 2048 tiensibus
297 1989 370 2048 talia
398 1989 484 2063 dixit,
512 1991 610 2063 qualia
631 1991 810 2051 wormatiae
841 2009 899 2051 non
924 1993 1031 2052 dixism
1053 1991 1213 2051 Lutberum
1239 1993 1341 2062 postea

125 2094 303 2166 poenituisse
331 2093 454 2152 videbar,
507 2093 624 2153 Etenim
654 2095 777 2154 timebat
806 2112 857 2170 ,ne
887 2097 1044 2155 amicorum
1074 2095 1201 2154 consiliis
1232 2093 1340 2154 cedens

126 2197 260 2270 spiritum
286 2213 368 2256 suum
397 2199 481 2257 nimis
509 2197 569 2256 illie
592 2201 752 2259 remisisset
778 2206 809 2258 et
830 2202 983 2274 pressisset
1006 2217 1080 2260 neve
1103 2199 1188 2258 idolis
1209 2197 1269 2256 illis
1292 2213 1340 2255 ex-

125 2301 269 2360 hibuisset
296 2300 392 2360 Ellam
421 2300 605 2375 quendam.‘¹
649 2303 749 2362 Talem
772 2303 911 2362 Erasmus
940 2321 1010 2363 saue
1040 2304 1154 2376 seriptis
1176 2302 1234 2360 suis
1255 2304 1341 2359 caute

125 2405 292 2479 compositis
326 2421 357 2464 se
391 2423 450 2465 non
482 2406 627 2479 praebuit.
686 2407 894 2466 Verumtamen
924 2407 1030 2468 abusus
1059 2408 1089 2465 in
1120 2405 1260 2480 ecclesia,
1291 2405 1341 2477 qui

126 2508 223 2568 Elium
254 2509 397 2582 quendam
430 2509 650 2570 reformatorem
683 2513 883 2586 requirerent,
918 2513 989 2572 satis
1022 2512 1160 2571 audacter
1189 2507 1339 2584 significat

125 2615 193 2673 Non
223 2619 335 2673 tantum
364 2631 475 2674 morum
506 2621 537 2674 et
566 2617 812 2676 caeremoniarum
842 2617 1044 2678 emendations
1073 2633 1145 2691 opus
1175 2631 1253 2689 esse,
1289 2613 1342 2674 sed

125 2717 279 2777 mutandas
306 2719 394 2776 etiam
422 2720 503 2791 leges
534 2720 677 2779 eeclesiae
707 2725 738 2778 et
765 2722 916 2780 universas
946 2721 1096 2780 doctrinas
1124 2721 1341 2780 ecclesiastieae

125 2823 255 2882 rationes
285 2823 411 2895 ingenuo
440 2839 475 2882 se
504 2822 597 2882 bbere
621 2825 796 2899 proclamat,
823 2825 984 2885 Lutbemm
1003 2831 1106 2884 eontra
1128 2840 1177 2898 oa,
1207 2839 1282 2898 quae
1303 2823 1340 2882 de

124 2926 315 3002 indulgentiis
342 2931 373 2984 et
400 2925 523 2986 Romani
551 2927 697 2986 Pontifiois
725 2935 871 3002 potestate
901 2945 1019 3002 prorsus
1047 2926 1244 2988 intolerabilia
1266 2925 1341 2984 ebri-

125 3031 222 3089 stiano
252 3031 349 3088 suimo
373 3030 561 3104 docerentur,
593 3047 645 3090 sno
668 3033 734 3104 jure
755 3033 888 3105 bonoque
912 3033 1006 3090 animo
1028 3033 1202 3104 surrexisse,
1233 3030 1341 3088 diserte

125 3133 287 3194 confitetur.
334 3133 457 3208 Siquid
485 3135 578 3195 minus
608 3136 682 3194 recti
707 3135 852 3194 Lutberus
881 3135 1008 3208 egregiis
1030 3135 1144 3207 scriptis
1167 3135 1227 3191 suis
1249 3132 1341 3191 admi·

126 3241 253 3312 sonarit,
278 3238 332 3297 boo
355 3238 458 3298 iisdem
479 3239 633 3312 praesidiis
656 3239 816 3298 examinari
836 3238 910 3310 vult,
934 3237 971 3296 ad
994 3253 1067 3310 quse
1091 3238 1141 3296 ille
1163 3238 1251 3296 toties
1273 3252 1341 3310 pro-

121 3348 292 3416 vocaverat,
327 3343 462 3401 nimirum
492 3343 620 3402 solidis
655 3343 876 3418 argumentis
907 3347 949 3401 et
977 3357 1103 3401 sacrae
1138 3342 1341 3416 scripturae

123 3448 357 3506 testimoniis.
403 3446 448 3506 Ne
471 3447 544 3506 baec
566 3463 655 3506 causa
677 3448 784 3521 injuste
808 3452 838 3506 et
855 3446 952 3520 inique
968 3451 1070 3505 contra
1084 3446 1237 3506 veritatem
1254 3462 1342 3506 even·

42 3568 46 3574 ·
123 3553 247 3625 gelisam
271 3551 436 3624 dirimetur,
459 3553 612 3611 universae
636 3553 814 3626 reipublicae
838 3552 1014 3612 christianae
1028 3551 1183 3625 plurimum
1197 3554 1341 3611 iuteresse

123 3655 260 3714 ostendit.
306 3655 444 3728 Ejusdem
465 3671 570 3714 caueae
594 3656 668 3714 tales
690 3657 815 3716 arbitros
837 3657 973 3731 proponit
994 3657 1094 3730 quales
1110 3656 1256 3716 Lutberus
1278 3670 1342 3713 sae-

123 3758 244 3832 pissime
273 3757 464 3833 flagitaverat
509 3758 568 3817 Eos
597 3760 623 3817 si
653 3776 672 3818 a
701 3761 881 3834 principibus
910 3761 974 3819 dari
1002 3777 1061 3818 non
1089 3761 1247 3832 placuerit,
1276 3773 1340 3814 cum

124 3862 257 3920 Lutbero
291 3879 352 3920 ram
386 3863 655 3936 procrastinandam
687 3881 752 3923 esse
785 3869 886 3922 censet
922 3865 959 3922 ad
990 3863 1155 3936 proximum
1188 3859 1341 3920 concilium

125 3967 280 4040 generale,
315 3965 515 4026 emendandae
544 3968 697 4026 universae
727 3967 871 4026 eeclesiae
902 3982 990 4024 eausa
1020 3965 1104 4022 uelde
1134 3963 1339 4022 necessarium.

125 4069 240 4128 Bullam
267 4070 375 4129 Leonis
403 4070 613 4131 damnatoriam
639 4076 782 4130 extortam
810 4070 905 4143 potius
937 4069 973 4129 de
1004 4070 1067 4142 eiua
1097 4067 1229 4126 manibus
1255 4081 1340 4138 quam

123 4179 228 4246 sponte
252 4175 350 4234 datam
372 4175 464 4232 videri
485 4173 642 4250 significat,
665 4177 712 4234 oui
734 4177 779 4235 rei
801 4175 896 4234 simile
918 4173 1028 4248 aliquid
1050 4171 1168 4244 saepius
1189 4170 1299 4229 Itomae
1323 4186 1341 4228 a

122 4277 257 4350 partibus
278 4279 449 4352 quibusdam
471 4297 575 4355 magno
591 4281 733 4340 ecclesiae
747 4279 927 4338 incommodo
942 4281 1139 4352 perpetratum
1155 4292 1220 4336 esse
1238 4280 1341 4349 postea

124 4379 261 4440 Clemens
274 4381 351 4440 XIV.
373 4384 437 4456 ipso
454 4384 661 4458 celeberrimo,
682 4384 758 4457 quod
773 4382 912 4456 dinmus,
935 4381 1022 4440 Brevi
1038 4381 1205 4440 declararit.
1243 4379 1340 4451 Quare

217 4592 244 4659 1)
262 4592 348 4644 Briso
364 4595 399 4655 11,
415 4599 456 4645 eo.
473 4599 530 4645 rea.
