3156 5056
250 261 302 316 2112
734 265 837 315 Ρ111111
857 265 971 314 Paroara

249 479 306 537 silii
329 485 407 553 erat,
437 479 606 539 Varillasius
628 497 685 538 non
708 481 853 540 intellexit
874 486 992 554 pectus,
1018 479 1095 552 quod
1115 479 1195 537 illum
1218 479 1359 538 disertum
1381 478 1455 542 lecit.
1555 470 1556 532 l

250 583 284 641 ln
312 585 514 658 conciliandis,
545 584 718 658 excitandis,
750 583 961 644 inflammandis
991 585 1138 642 hominum
1161 583 1265 641 animis
1288 583 1368 640 illum
1391 599 1455 642 vore

249 705 382 761 magnum
413 695 558 748 oratorem
588 689 675 747 fuisse
704 690 811 763 optime
842 689 925 772 vidit,
957 690 1055 747 omisit
1076 705 1157 760 eum,
1188 687 1325 761 quidquid
1347 688 1455 746 111111

249 799 332 866 parte
360 795 445 852 sicuti
469 794 533 852 aliis
556 794 586 852 in
609 793 695 852 robus
718 795 841 868 valeret,
873 793 911 852 ad
933 794 1014 852 verbi
1037 793 1126 852 divini
1150 793 1350 851 auctoritatem
1372 797 1454 864 atone

248 899 406 970 potentiam
418 897 641 970 promovendam
653 899 818 957 contulisse.
851 897 883 956 ld
899 899 978 956 clare
987 899 1136 971 perspexit
1145 896 1323 968 candideque
1337 901 1456 954 testatus

250 1007 295 1060 est
319 1001 471 1076 Philippus
494 1001 711 1062 Melanchthon.
756 1003 824 1075 Qui,
852 1019 939 1075 quum
962 1019 1057 1061 sermo
1078 1002 1228 1060 incidisset
1249 1002 1285 1059 de
1308 1001 1395 1058 variis
1415 1001 1456 1057 in-

249 1107 327 1181 genii
343 1106 457 1165 dotibus
480 1107 516 1165 ad
537 1107 652 1180 plenam
675 1109 782 1166 Sacrae
798 1107 965 1180 Scnptnrae
987 1107 1256 1180 interpretationem
1278 1105 1456 1178 necessariis,

250 1227 324 1284 quae
353 1213 522 1285 plerumque
554 1213 667 1286 singula
698 1212 872 1283 singulorum
899 1213 1024 1270 vlrorum
1049 1211 1167 1286 propria
1193 1215 1304 1282 essent,
1338 1209 1457 1282 ,Ductor
1557 1286 1558 1296 ἶ

248 1314 448 1390 Pomeranus‘,
480 1317 585 1391 iuquit,
613 1322 672 1390 ,est
701 1317 919 1390 grammaticus,
949 1331 1004 1389 ego
1031 1316 1212 1389 dialecticus,
1240 1313 1349 1372 Ductor
1369 1313 1457 1373 Jonas

247 1425 358 1494 orator,
380 1420 489 1480 Ductor
509 1422 652 1479 Martinus
675 1422 773 1479 omnia
794 1422 824 1478 in
846 1417 1017 1480 omnibus.‘¹
1061 1421 1164 1493 Neque
1186 1420 1245 1478 alia
1266 1419 1343 1477 Justi
1364 1419 1455 1478 Jonae

248 1527 395 1582 sententia
415 1531 493 1596 orat,
515 1544 603 1599 quum
625 1525 662 1585 de
681 1527 811 1585 Luthero
829 1529 890 1600 jam
913 1531 1025 1585 mortuo
1046 1524 1174 1584 diceret:
1198 1523 1355 1597 ,Quidquid
1369 1525 1456 1582 voluit

246 1628 360 1702 potuit!
404 1630 487 1688 Talia
514 1632 603 1689 verba
628 1647 744 1706 revera,
774 1637 916 1702 quatenus
937 1631 1053 1689 omnino
1075 1631 1112 1689 de
1135 1629 1317 1702 mortalibuS,
1348 1628 1385 1686 de
1407 1629 1457 1686 illo

247 1733 427 1806 pronuntiari
457 1732 500 1792 lae
531 1741 602 1793 erat.
667 1733 714 1792 Sic
743 1737 831 1794 animi
861 1735 938 1794 illius
968 1735 1064 1793 robori
1095 1734 1132 1792 ad
1161 1731 1353 1808 perficienda,
1382 1749 1455 1805 quae

246 1837 348 1896 dimna
368 1838 551 1912 providentia
573 1841 601 1899 ei
624 1839 760 1899 mandata
782 1846 880 1914 erant,
901 1841 1011 1915 ingenii
1034 1840 1109 1898 vires
1128 1855 1186 1897 non
1207 1837 1371 1897 defuerunt

812 2069 890 2128 VIII.

334 2211 468 2288 Eraemo,
500 2215 570 2273 licet
597 2232 616 2274 a
643 2215 727 2273 bonis
754 2216 859 2274 litteris
886 2185 1017 2289 profecto
1044 2215 1074 2272 in
1102 2215 1194 2287 iisque
1220 2229 1335 2286 semper
1363 2213 1457 2284 aliquo

247 2315 331 2373 modo
357 2319 499 2392 versanti,
526 2321 610 2376 simul
633 2325 731 2378 tamen
754 2337 846 2392 aeque
869 2337 904 2377 11
925 2319 1052 2378 Lutlrero
1075 2318 1291 2376 instaurandam
1314 2319 1458 2390 puriorem

245 2419 389 2492 quandam
412 2423 672 2497 simplicioremque
696 2425 870 2498 doctrinam,
892 2440 967 2498 quae
986 2423 1023 2481 ad
1038 2423 1111 2481 Novi
1127 2422 1307 2482 Testamenti
1330 2438 1458 2480 normam

245 2522 434 2598 dirigeretur,
465 2527 544 2584 cordi
567 2527 658 2586 fuisse
682 2545 769 2602 supra
791 2529 1019 2587 demonstratum
1042 2531 1094 2586 est
1147 2527 1243 2600 Hanc,
1273 2533 1305 2584 ut
1327 2526 1457 2598 vidimus,

245 2643 265 2684 a
293 2628 361 2685 viris
391 2630 525 2700 eruditis,
553 2632 590 2690 ad
619 2649 689 2706 quos
714 2634 791 2692 solos
821 2650 853 2690 se
884 2634 1042 2706 convertit,
1071 2631 1108 2690 ad
1131 2631 1295 2690 unIversum
1318 2631 1454 2704 populum
1560 2637 1561 2660 ¹

246 2730 385 2803 paulatim
415 2735 600 2795 transituram
632 2754 695 2796 esse
727 2736 872 2812 sperabat.
926 2737 959 2795 Id
982 2737 1075 2810 ipsum
1099 2752 1168 2793 vero
1191 2742 1224 2793 111
1246 2735 1340 2794 subIto
1362 2733 1457 2806 fieret,

246 2835 404 2912 Lutherus,
427 2839 536 2912 Ingenii
552 2841 698 2916 ubertate,
722 2843 799 2914 acie,
818 2842 922 2900 robore
942 2842 1075 2914 eximius,
1095 2839 1250 2914 adjuvante
1267 2840 1330 2898 Deo
1352 2839 1456 2898 1111111.

245 2939 363 2999 Etenim
385 2959 484 3002 omnes
507 2943 568 3002 lore
591 2963 639 3004 res
661 2947 857 3021 gravissimas,
880 2962 950 3018 quas
966 2945 1016 3002 ille
1031 2943 1214 3018 peragendae
1229 2962 1293 3004 esse
1309 2944 1457 3016 docuerat,

245 3045 389 3105 Lutherus
419 3050 542 3122 peregit.
596 3049 713 3108 Sacram
743 3053 915 3124 scripturam
945 3066 1002 3108 non
1031 3055 1142 3107 tantum
1173 3066 1208 3106 ex
1238 3048 1372 3122 Graecis,
1405 3048 1458 3105 sed

245 3152 332 3209 etiam
367 3169 402 3210 ex
436 3153 590 3212 Hebraicis
623 3155 748 3214 fontibus
782 3151 851 3236 (hac
885 3172 921 3214 ox
949 3160 1033 3228 parte
1064 3155 1151 3213 etiam
1182 3154 1262 3212 illum
1293 3154 1456 3212 eruditione

245 3250 399 3336 superans)
421 3259 586 3332 germanice
607 3261 708 3334 vertit,
731 3261 833 3334 idque,
860 3261 884 3318 si
907 3258 944 3316 ad
967 3275 1105 3316 summam
1127 3273 1225 3316 rorum
1247 3263 1376 3332 spectes,
1397 3263 1457 3316 tam

245 3360 410 3434 praeclare,
438 3366 498 3420 tam
519 3364 685 3437 perspicue,
716 3371 749 3422 111
770 3365 979 3423 Melanchthon
1008 3363 1082 3421 haue
1104 3364 1265 3422 versionem
1294 3363 1358 3434 plus
1383 3362 1458 3420 lusis

245 3461 350 3520 1111111
373 3465 475 3522 lectori
497 3483 582 3539 quam
601 3467 755 3541 plerosque
779 3469 999 3526 commentarios
1021 3473 1162 3526 censeret
1200 3469 1248 3526 Sic
1271 3465 1379 3525 factum
1402 3473 1457 3538 est,

245 3566 275 3624 id
290 3567 366 3640 quod
381 3567 519 3630 1111111111
536 3577 702 3645 optaverat,
725 3579 758 3630 ut
773 3573 853 3630 Laici
869 3589 887 3630 a
902 3573 1076 3631 scholastica
1098 3571 1261 3630 eruditione
1284 3571 1387 3644 alieni,
1408 3571 1457 3643 pio

244 3671 340 3730 animo
370 3690 454 3734 sacra
480 3677 589 3750 scripta
615 3677 797 3750 lectitarent,
827 3683 859 3735 ut
889 3677 1006 3750 ,stivam
1029 3681 1133 3734 tenens
1153 3682 1251 3736 arator
1272 3675 1381 3750 aliquid
1403 3691 1458 3732 sua

243 3777 341 3850 lingua
363 3777 534 3838 decantaret
557 3798 572 3839 e
595 3781 713 3854 psalmis
736 3781 875 3856 mysticis,
899 3787 931 3839 ut
952 3787 1047 3839 textor
1069 3780 1200 3840 assidens
1223 3781 1301 3840 telae
1325 3779 1457 3840 nonnihil

243 3897 279 3938 ex
303 3883 454 3955 evangelio
477 3884 626 3944 modulans
654 3887 798 3944 solaretur
820 3885 968 3944 1111111111.ί
1015 3883 1068 3942 Cui
1093 3885 1137 3942 rei
1162 3884 1307 3943 Lutherus
1334 3885 1457 3958 egregie

243 3985 350 4058 profuit
380 3989 502 4048 canticis
532 3989 589 4047 illis
614 3991 825 4064 spiritualibus,
855 4005 926 4063 quas
957 3989 1112 4048 vernacula
1134 3988 1234 4063 lingna
1253 4007 1319 4048 eum
1342 4006 1458 4062 compo-

244 4091 336 4149 suisse
366 4094 594 4152 memoravimus.
640 4095 673 4153 ln
702 4095 801 4168 prImie
831 4111 915 4170 voro,
945 4099 977 4152 ut
1004 4094 1126 4167 populus
1153 4111 1211 4152 non
1238 4093 1323 4152 modo
1350 4093 1459 4152 oblatis

244 4191 339 4267 libris,
371 4213 469 4255 verum
499 4199 587 4257 etiam
617 4201 682 4258 viva
707 4217 776 4258 voce
809 4207 840 4258 et
868 4201 900 4258 in
930 4198 1049 4272 scholis,
1088 4203 1119 4257 et
1151 4199 1182 4256 in
1214 4197 1335 4258 aedibus
1365 4199 1460 4282 sacris

244 4298 458 4376 institueretur,
486 4303 615 4377 impense
644 4321 763 4380 operam
790 4303 879 4364 dedit
924 4303 1075 4364 Sincerum
1099 4303 1293 4378 evangelium,
1323 4303 1401 4376 quod
1426 4307 1463 4361 ut

335 4549 361 4616 l)
379 4551 521 4605 Matienius
539 4557 566 4606 in
586 4556 707 4607 concione
723 4555 781 4608 XV.
