3156 5056
656 285 749 336 Garun
768 287 825 339 vn.
1291 287 1341 343 201

132 507 194 560 tum
217 503 333 576 ingenio
355 500 513 576 profundo,
537 502 645 575 amplo,
668 502 833 576 multiplici,
855 519 911 574 quo
933 503 1030 560 onmia
1051 502 1176 560 humana
1196 503 1233 561 ad
1248 503 1345 562 diviua

130 604 237 678 refert,
268 612 328 664 tum
352 609 448 664 auimo
471 607 585 665 excelso
608 607 734 680 sortique
756 608 868 680 pariter
891 612 978 680 atquc
1007 609 1067 666 leni
1091 615 1121 667 et
1143 614 1254 667 tenero.
1298 608 1344 666 De

131 712 168 768 iis
191 728 265 784 qnae
296 713 326 768 in
353 713 436 770 salsis
464 713 526 785 ejus
553 711 638 770 dietis
660 717 691 768 et
715 711 906 784 vituperanda
929 718 960 771 et
981 713 1146 770 excusanda
1168 721 1234 771 sunt
1256 729 1345 786 supra

132 815 223 874 verba
242 815 370 876 fecimus.
410 816 560 890 Ceterum,
584 816 613 874 id
637 816 714 890 quod
736 817 765 873 in
790 817 920 875 Romano
941 817 1065 890 quodam
1088 816 1235 876 laudatum
1257 835 1347 890 quon-

132 921 200 978 dam
222 926 279 994 est,
303 929 437 994 ,unoque
460 937 569 996 genere
593 921 700 994 leporis
717 921 892 994 excellebat,
913 927 943 981 et
958 939 994 980 eo
1009 921 1085 995 quod
1104 923 1134 979 in
1149 923 1345 995 perpetuitate

133 1026 290 1097 sermonis,
325 1031 356 1083 et
385 1041 433 1098 eo,
467 1026 541 1098 quod
572 1027 601 1084 in
638 1025 790 1084 celeritate
820 1031 907 1098 atque
938 1025 1016 1085 dioto
1046 1027 1109 1084 est‘
1164 1027 1345 1099 singularem

133 1129 386 1202 promptitudinem
410 1135 512 1204 arguta
532 1131 794 1203 convenienterque
814 1130 1009 1204 respondendi
1028 1133 1090 1204 jam
1109 1131 1247 1204 aequales
1264 1132 1295 1190 in
1310 1147 1346 1190 eo

134 1233 360 1293 admirabantur.
405 1235 499 1294 Multa
522 1238 584 1310 ejus
607 1235 849 1309 apophthegmata
871 1236 902 1292 in
924 1235 1062 1295 historiae
1083 1235 1233 1294 annalibus
1249 1253 1346 1295 mans·

133 1339 214 1396 bunt.
251 1340 317 1398 Vim
336 1339 487 1398 verborum
510 1341 573 1412 ojus
596 1341 695 1399 testati
711 1346 778 1398 sunt
791 1340 904 1414 hostes,
924 1341 999 1399 siout
1014 1339 1170 1414 Caietanus
1185 1340 1347 1400 Cardinalis

134 1444 171 1501 de
194 1459 228 1502 eo
251 1444 428 1503 exclamasse
451 1461 549 1503 coram
573 1444 716 1518 Staupitio
738 1444 844 1504 lemur:
874 1445 952 1519 ,Ego
973 1447 1039 1504 uolo
1062 1446 1184 1518 amplius
1206 1463 1270 1504 oum
1292 1447 1347 1505 hac

134 1550 230 1607 hestia
251 1550 344 1622 loqui,
367 1547 556 1608 habet'euim
579 1549 735 1623 profundos
757 1551 855 1609 oculos
874 1557 905 1609 et
920 1551 1067 1609 mirabiles
1086 1551 1299 1624 speculationes
1317 1552 1348 1608 in

135 1655 229 1726 eapite
259 1653 328 1712 suo.‘
378 1655 423 1712 Ex
451 1655 608 1714 amicorum
639 1671 760 1714 numero
785 1656 930 1714 Buoernm
960 1654 1135 1728 inducimus,
1166 1635 1348 1730 nequaquam

135 1759 269 1817 servilem
299 1759 421 1818 Lutheri
451 1764 641 1834 sectatorem,
674 1762 723 1832 qui
753 1778 841 1832 quum
872 1762 903 1819 in
934 1760 1074 1834 colloquio
1105 1760 1348 1835 Heidelbergensi

135 1864 215 1922 illum
237 1864 386 1938 audiisset,
409 1865 482 1924 haec
505 1865 541 1924 de
565 1881 600 1924 eo
623 1867 750 1938 scripsit:
779 1866 870 1940 ,Mira
893 1868 955 1939 ejus
978 1867 1008 1922 iu
1030 1865 1231 1938 respondendo
1253 1867 1347 1924 suavi·

137 1973 195 2043 tas,
229 1970 260 2026 iu
292 1970 434 2029 audiendo
467 1969 702 2044 incomparabilis
736 1972 955 2044 longanimitas,
989 1972 1019 2027 in
1052 1970 1232 2028 dissolvendo
1265 1970 1348 2028 Pauli

136 2074 302 2148 agnovisses
325 2091 461 2149 acumen,
493 2092 551 2134 uon
574 2074 665 2149 Scoti,
695 2075 768 2134 adeo
790 2076 926 2134 brevibus
950 2092 1024 2148 eque
1049 2074 1164 2133 divinae
1188 2077 1348 2148 scripturae

136 2194 213 2252 penu
235 2176 412 2252 depromptis
430 2180 575 2252 responsis
597 2182 628 2239 in
650 2181 693 2238 sui
714 2179 934 2238 admirationem
955 2180 1041 2237 facile
1058 2185 1175 2237 cunctos
1188 2175 1347 2238 adduxit.‘¹

224 2283 326 2356 ltaque
348 2283 494 2343 Lutherus
521 2285 552 2342 in
575 2285 724 2358 colloquiis
747 2285 865 2357 privatis
889 2289 920 2342 ot
940 2285 1063 2358 publicis
1087 2285 1204 2342 easdem
1227 2286 1349 2343 virtutes

138 2388 280 2461 exhibuit,
322 2389 425 2462 quibus
459 2391 608 2464 egregium
644 2395 789 2448 oratorem
825 2389 950 2448 eundem
984 2387 1092 2447 factum
1127 2405 1191 2448 esse
1227 2395 1348 2447 constat.

138 2493 219 2565 Quod
241 2510 325 2552 neruo
349 2493 470 2554 fortasse
493 2496 604 2554 acutius
625 2497 770 2569 exposuit,
794 2511 879 2568 quam
896 2497 944 2568 qui
964 2495 1113 2552 acerrimis
1129 2497 1191 2568 ejus
1205 2495 1350 2554 obtrecta-

138 2598 246 2655 toribus
266 2579 497 2658 adnumerandus
516 2605 574 2672 est,
592 2599 778 2672 Varillasius,
802 2601 883 2673 cujus
898 2599 988 2657 verba
1003 2597 1080 2657 iufra
1093 2615 1207 2672 ponam.
1244 2599 1350 2673 ,Nemo

140 2705 256 2778 eumin
278 2703 372 2761 studio
395 2703 593 2777 philosophiae
616 2711 646 2763 et
669 2704 832 2776 theologiae
856 2705 1016 2778 superavit,
1038 2720 1123 2762 nemo
1145 2705 1175 2760 in
1197 2710 1261 2762 arte
1284 2721 1350 2762 con·

139 2807 272 2866 cionandi
293 2809 435 2881 aequavit,
479 2806 694 2868 Perfectissima
717 2810 747 2866 in
771 2825 806 2867 eo
829 2813 894 2866 erat
913 2808 1093 2882 eloquentia,
1115 2809 1235 2867 rationis
1250 2809 1351 2866 huma-

139 2929 195 2971 nae
223 2917 253 2970 et
279 2913 368 2970 robur
390 2917 421 2970 et
442 2913 624 2972 debilitatem
645 2915 761 2987 penitus
785 2913 937 2971 detexerat
959 2917 1137 2984 novaretque
1160 2912 1270 2985 aditus,
1298 2929 1351 2986 per

139 3034 210 3090 quos
230 3018 377 3089 penetrari
400 3024 504 3090 possut.
548 3017 628 3076 Nulli
652 3017 812 3076 auditorum
835 3017 957 3075 allectus
977 3021 1036 3074 tam
1059 3017 1133 3074 varii
1152 3017 1199 3074 vel
1214 3017 1352 3088 inaequa-

139 3123 183 3179 les
214 3127 311 3194 erant,
344 3137 414 3194 quos
443 3139 501 3180 non
529 3122 681 3198 indagaret
710 3127 741 3180 et
768 3122 871 3180 sedare
900 3125 950 3179 aut
973 3121 1102 3178 excitare
1124 3125 1236 3193 posset,
1266 3125 1352 3190 prout

140 3243 212 3299 opus
243 3242 307 3284 esse
337 3225 475 3300 putabat,
509 3232 540 3285 et
569 3225 684 3299 quaudo
713 3225 855 3284 materiae
886 3225 1050 3283 subtiliores
1081 3229 1178 3298 crant,
1206 3240 1292 3295 quam
1321 3229 1353 3280 ut

141 3331 319 3400 argumentis
347 3331 516 3403 persuaderi
547 3337 645 3404 posset
673 3329 799 3403 auditor,
832 3328 966 3388 vincebat
987 3333 1086 3386 tamen
1109 3345 1174 3386 eum
1196 3326 1352 3402 figurarum

142 3433 281 3494 efficacia.
319 3435 382 3493 Hoc
401 3453 522 3508 reguum
545 3437 575 3493 in
598 3433 719 3494 affectus
738 3452 773 3493 ex
797 3434 936 3492 cathedra
958 3434 989 3490 in
1009 3433 1241 3492 conversationes
1264 3434 1352 3492 etiam

142 3541 302 3599 transferre
329 3540 457 3614 sciebat,
488 3541 621 3599 movebat
641 3541 765 3612 animos,
792 3556 850 3598 uon
873 3539 1030 3613 alterabat,
1060 3553 1182 3612 suasque
1205 3539 1353 3612 opiniones

142 3647 231 3702 tacite
253 3651 283 3702 et
306 3645 515 3704 insensibiliter
536 3647 572 3702 iis
593 3645 769 3718 inspirabat,
792 3645 916 3717 denique
939 3644 1087 3717 elegantia
1106 3643 1165 3700 stili
1188 3641 1353 3701 Germanici

142 3749 338 3822 triumphabat
360 3749 390 3806 in
411 3766 476 3824 eos,
499 3767 569 3823 quos
592 3751 756 3823 eloquentia
778 3765 830 3807 sna
848 3765 1028 3808 commovero
1045 3753 1197 3821 coeperat,
1220 3752 1271 3804 aut
1286 3763 1353 3803 con-

143 3855 314 3912 versationis
343 3855 522 3914 amabilitate
554 3855 642 3914 veluti
670 3855 879 3912 incantaverat.
925 3833 1016 3912 Nemo
1039 3853 1139 3925 lingua
1160 3851 1269 3924 patria,
1300 3867 1354 3907 noc

142 3961 206 4017 vivo
230 3977 264 4018 eo
287 3977 342 4018 neo
363 3969 427 4033 post
450 3977 527 4033 eum,
548 3960 650 4018 mehus
672 3965 723 4018 aut
744 3953 899 4017 delicatius
922 3959 1035 4016 locutus
1058 3961 1103 4014 est
1125 3961 1176 4014 aut
1198 3953 1331 4027 scripsit.‘

232 4065 312 4122 llaec
343 4063 462 4139 ,demtis
491 4065 762 4138 exaggerationibus
790 4081 826 4122 ex
856 4079 907 4121 ore
935 4061 1044 4120 inimici
1072 4060 1218 4132 acceptari
1247 4057 1355 4131 posse‘,

143 4171 311 4242 praeclarus
332 4171 470 4229 historiae
494 4170 707 4229 Lutheranismi
727 4170 849 4244 scriptor
864 4174 944 4226 recte
960 4163 1096 4228 monuit²
1133 4163 1225 4237 Supra
1239 4149 1354 4222 modurn

146 4275 277 4333 nimirum
301 4292 410 4350 augens
439 4274 468 4333 id
494 4275 570 4348 quod
597 4277 628 4333 in
650 4275 773 4333 Luthcri
802 4273 969 4346 eloquentia
995 4273 1065 4330 artis
1090 4269 1264 4340 humanique
1288 4285 1357 4326 corr·

134 4511 136 4516 '
236 4507 261 4572 1)
282 4507 323 4557 Ex
342 4486 436 4556 Bucari
455 4505 617 4570 autographo
635 4505 703 4568 apud
722 4503 863 4554 scultetum
879 4501 969 4568 (editio
989 4500 1131 4551 Hermauni
1149 4515 1198 4550 von
1215 4498 1260 4548 der
1275 4497 1361 4550 Hardt

146 4610 170 4658 p.
191 4592 244 4661 2⁶).
352 4591 378 4660 a)
395 4591 552 4642 Seelendori
568 4591 591 4656 1,
608 4597 661 4656 8,8
681 4591 737 4643 add.
753 4595 777 4642 ὅ.
