3134 5054
247 319 299 374 314
733 325 836 376 Perseus
855 325 967 376 Perclsus

246 535 342 594 stiana
367 534 477 595 abenos
501 553 564 595 esec
590 538 667 610 justo
696 536 811 597 taedius
837 540 999 612 suspicatus
1021 545 1079 615 cst,
1112 546 1301 614 praepostero
1324 542 1456 600 nimirum

245 639 342 698 studio
374 640 490 716 ductus,
519 641 596 714 quod
624 641 721 700 nimiis
746 644 844 716 magni
876 643 928 720 riri
959 643 1183 704 admiratoribus
1213 651 1243 703 et
1265 645 1455 705 sectatoribus
1542 651 1543 658 ’

238 745 321 804 melo
353 761 443 818 usquc
477 745 514 804 ad
546 751 646 804 nostra
679 751 811 819 tempore
839 749 970 822 exemplo
1002 753 1074 807 erat
1123 750 1225 822 ltaque
1259 765 1318 808 nun
1349 750 1456 823 mirum

247 849 322 922 quod
356 849 385 906 in
426 849 499 908 libro
534 849 600 924 illo,
645 855 764 924 propter
804 867 910 910 naevos
955 851 1092 924 quosdam
1132 852 1230 912 cordos
1269 853 1455 926 offendentes,

244 953 383 1013 Erasmm
417 954 525 1028 aliique
555 956 644 1013 ctiam
678 970 714 1013 ca
742 954 932 1030 spernebant,
972 972 1046 1030 queo
1087 973 1157 1016 rere
1190 963 1221 1016 et
1255 957 1364 1017 eximie
1392 959 1454 1032 jure
1542 975 1543 996 ³

244 1058 452 1131 praedicamus.

333 1163 398 1221 Huc
428 1163 516 1223 etiam
545 1163 683 1222 nonnulle
703 1164 865 1238 pertinent,
896 1179 970 1237 quae
994 1170 1095 1224 tantm
1115 1165 1221 1238 agendi
1243 1165 1374 1241 modum,
1404 1183 1455 1238 quo
1542 1172 1543 1208 3

245 1267 380 1326 utebatur
409 1267 559 1341 Erasmus,
590 1268 741 1341 praeclare
772 1267 851 1327 dicte
878 1274 952 1327 sunt
998 1269 1080 1340 Quod
1099 1285 1190 1343 penca
1207 1270 1284 1328 huuc
1306 1271 1337 1327 in
1362 1269 1454 1328 laude

245 1369 296 1428 bili
327 1371 407 1444 pecie
439 1371 534 1430 studio
563 1372 682 1430 murium
712 1377 743 1431 et
765 1371 869 1431 falsum
891 1377 951 1447 est,
981 1389 1051 1432 vare
1075 1373 1232 1446 apostolico
1256 1374 1378 1446 ingenio
1399 1373 1453 1430 illic

246 1475 412 1548 castigetur.
447 1475 634 1536 Demonstrat
648 1475 809 1551 Lntberus,
827 1477 858 1536 id
871 1476 949 1549 quod
963 1477 1145 1549 sequentium
1160 1477 1323 1536 seculorum
1338 1477 1455 1536 historia
1542 1519 1543 1524 1

247 1578 338 1652 magia
360 1580 507 1653 magisque
531 1579 745 1654 comprobatum
760 1585 822 1654 cst,
845 1579 917 1654 ,sibi
940 1585 1016 1639 teste
1036 1581 1100 1654 ipsc
1115 1580 1237 1639 Erasrm
1252 1585 1357 1639 conus
1370 1581 1455 1639 muni·
1542 1595 1543 1628 2

246 1681 352 1741 tostum
384 1683 564 1742 mendacium
585 1683 857 1757 sanguinariemquc
888 1683 1057 1743 violentiam
1085 1701 1210 1758 pugnem
1230 1684 1368 1743 divinitus
1386 1701 1455 1743 cum·

245 1787 363 1847 misaam
394 1804 475 1862 csse,
508 1804 595 1862 quae,
629 1804 715 1861 quum
746 1788 852 1847 cedere
881 1789 944 1862 ipse
975 1789 1055 1847 selva
1078 1789 1254 1847 conscientia
1276 1788 1455 1848 nullomodo
1542 1804 1543 1812 ¹

246 1892 353 1967 possit,
381 1892 437 1951 sibi
465 1908 520 1966 per
541 1896 585 1950 tut
606 1892 684 1950 vitae
706 1893 851 1966 periente,
882 1908 935 1965 per
957 1897 1001 1950 tot
1022 1892 1090 1951 odie
1113 1897 1199 1965 atquc
1220 1891 1359 1966 insidias,
1393 1892 1453 1950 bre·
1542 1911 1543 1914 ¹

246 1997 322 2055 viter
346 2012 399 2070 per
421 1996 510 2056 furias
533 1997 680 2055 huminum
706 2002 736 2054 et
755 1996 926 2055 memorum
949 1995 1119 2056 sustinenda
1141 1996 1198 2054 sit.‘
1248 1997 1309 2070 ,An
1330 1995 1386 2054 tibi
1407 1995 1454 2053 soli

245 2107 330 2175 putes
363 2117 428 2161 esse
463 2118 513 2160 cur
545 2100 621 2174 quod
653 2101 716 2159 istis
742 2099 910 2159 tumultibus
941 2103 1159 2160 commovetur?
1209 2101 1271 2159 Nec
1304 2117 1359 2158 nea
1381 2099 1453 2159 saxei

246 2221 343 2264 sumus
375 2211 427 2266 aut
457 2223 493 2264 cx
515 2205 671 2279 Marpesiis
701 2203 833 2263 mutibus
861 2205 930 2262 nati.
983 2203 1041 2264 Sed
1071 2203 1185 2277 quaudo
1209 2203 1297 2263 aliter
1319 2202 1385 2262 fieri
1404 2220 1454 2261 nou

245 2315 354 2383 potest,
382 2311 588 2384 praeeligimns
616 2309 768 2383 temporali
798 2309 921 2367 tumultu
951 2307 1048 2368 collidi
1077 2325 1162 2382 quam
1192 2313 1315 2368 aeterno
1336 2309 1453 2366 tumultu
1530 2317 1543 2332 ⁸

246 2413 300 2473 sub
323 2415 368 2473 ire
390 2413 446 2472 Dei
468 2414 598 2473 conteri.‘
643 2411 757 2472 Deinde
779 2417 931 2486 postquem
953 2412 1114 2484 scripturae
1138 2412 1309 2471 testimoniis
1324 2410 1452 2482 ostendit,
1531 2407 1543 2466 ss

248 2518 508 2578 constantissimam
529 2517 612 2576 verbi
634 2516 691 2575 Dei
714 2515 859 2575 fortunam
882 2531 964 2590 esse,
988 2522 1022 2574 ut
1043 2515 1080 2574 ob
1103 2517 1196 2589 ipsum
1217 2514 1339 2574 mundus
1358 2514 1452 2573 umut-

248 2627 362 2694 tuetur,
396 2621 470 2694 ,llus
499 2622 587 2695 igitur
616 2621 755 2680 tumultus
764 2621 782 2692 ‘,
812 2620 920 2694 inquit,
955 2620 1045 2694 ‚velle
1075 2619 1179 2678 sedare
1210 2619 1289 2677 eliud
1316 2617 1388 2676 nihil
1414 2621 1453 2676 est

248 2741 334 2799 qnam
365 2725 439 2784 velle
468 2724 586 2784 verbum
608 2724 664 2784 Dei
694 2725 798 2782 tollere
822 2729 852 2783 et
871 2723 1034 2798 probibere.
1081 2723 1181 2784 Sermo
1203 2724 1281 2782 enim
1303 2723 1359 2781 Dei
1381 2722 1452 2780 veuit
1529 2723 1543 2778 l

248 2834 411 2888 mutaturus
445 2835 475 2887 ct
507 2829 695 2888 innovaturus
726 2828 842 2902 orbem,
875 2829 989 2902 quoties
1019 2828 1108 2888 veuit.
1152 2828 1191 2885 tt
1221 2827 1309 2886 etism
1336 2827 1452 2900 gentiles
1542 2851 1543 2884 ;

248 2934 404 3008 scriptores
432 2938 591 3006 testentur,
623 2932 796 2991 mutationes
825 2947 922 2992 rerum
952 2932 1015 2990 sine
1048 2937 1127 2990 motu
1150 2937 1181 2990 et
1203 2931 1339 3004 tumultu,
1372 2931 1452 2987 immo
1527 2933 1543 2992 ὲ,

246 3040 309 3100 sina
332 3039 472 3112 sunguine
495 3036 559 3096 ficri
587 3053 644 3096 non
664 3053 757 3111 posse.
802 3035 1030 3095 chrisumorum
1047 3038 1109 3110 jam
1131 3040 1194 3107 cst,
1218 3035 1292 3094 heac
1310 3032 1452 3108 praesenti
1525 3042 1543 3090 ¹,

247 3145 342 3204 animo
365 3149 534 3216 exspectare
558 3149 589 3200 et
610 3141 706 3215 ferre,
727 3143 802 3199 sicut
824 3139 955 3199 Christus
975 3139 1060 3198 dicit:
1088 3138 1182 3210 Quum
1204 3137 1355 3197 audieritis
1375 3152 1453 3211 prue-

247 3248 288 3308 lie
311 3255 342 3308 et
364 3263 494 3306 mmores
514 3247 705 3320 proeliorum,
728 3245 819 3304 nolite
843 3245 958 3302 terreri.
994 3243 1087 3302 Video
1109 3258 1179 3301 sane
1202 3249 1250 3316 te,
1271 3243 1311 3300 mi
1326 3241 1450 3312 Eiusne,

247 3353 279 3410 in
305 3351 401 3410 mulus
428 3351 510 3410 libris
537 3352 621 3424 queri
648 3351 685 3408 de
709 3349 773 3408 istie
795 3345 978 3416 tumultibus,
1009 3345 1046 3405 de
1069 3347 1177 3405 emisse
1197 3362 1271 3420 pace
1295 3351 1326 3405 st
1343 3360 1452 3404 concur·

249 3455 312 3528 dia,
349 3455 455 3514 deinde
488 3455 579 3512 multe
614 3454 728 3512 conaris
752 3459 784 3510 ut
817 3451 978 3524 medearis,
1016 3451 1091 3509 buno
1118 3451 1165 3530 (ut
1194 3448 1329 3523 equidem
1358 3443 1452 3524 crede)

249 3559 361 3632 enimc,
395 3557 447 3617 sed
478 3557 554 3616 ridet
578 3556 705 3614 medices
732 3563 797 3615 tuas
827 3557 884 3614 iste
912 3555 1041 3629 podagre
1068 3569 1186 3626 manum
1214 3555 1262 3612 bic
1283 3555 1360 3612 euim
1381 3565 1453 3622 vere,

249 3668 281 3720 ut
310 3661 398 3732 dicis,
428 3667 529 3719 centn
555 3659 672 3718 flurium
694 3660 827 3732 naviges,
857 3661 944 3717 immo
970 3659 1078 3731 stipula
1099 3657 1265 3716 incendium
1288 3653 1453 3728 ramgub‘

249 3767 308 3840 ,lta
329 3773 359 3826 tc
381 3771 458 3824 rotat
479 3771 530 3824 tue
552 3765 604 3822 ille
624 3763 787 3838 prudentie,
810 3780 867 3836 que
888 3764 985 3822 uentri
1000 3763 1127 3836 pertium
1142 3761 1302 3820 edheemm
1318 3755 1453 3820 statuisti*

249 3870 357 3946 ,Super
389 3871 495 3930 aristas
525 3867 671 3943 graderis,
704 3884 742 3926 ns
771 3866 898 3926 ridearis
930 3882 984 3924 nec
1011 3871 1112 3924 nosue
1132 3865 1303 3939 simpliciter
1325 3865 1453 3924 damnus

249 3991 304 4033 nec
331 3972 503 4034 Pontificum
531 3971 715 4048 tyrannidem
739 3970 907 4030 offendere!
952 3969 1076 4043 ,Desine
1099 3971 1195 4042 queri,
1217 3967 1319 4028 demus
1342 3966 1452 4029 mederi.

249 4079 387 4138 tumultus
406 4079 456 4137 ille
479 4077 616 4136 diuinitus
638 4083 669 4134 ct
690 4081 770 4135 ortus
793 4081 838 4134 est
858 4080 889 4133 at
911 4074 1036 4148 geritur,
1058 4089 1115 4132 nou
1136 4072 1297 4146 desiturus,
1320 4071 1408 4131 donec
1426 4073 1453 4126 ut

249 4183 341 4241 lutum
374 4183 536 4255 pletearum
567 4179 672 4240 reddet
701 4195 800 4238 omnes
829 4179 1011 4237 aduersmcs
1039 4177 1140 4237 verbi}
1191 4176 1274 4248 Quod
1301 4176 1451 4250 prophetas

250 4287 371 4346 uerbum
404 4286 561 4359 symbolice
592 4301 610 4344 e
638 4283 766 4342 Lutbem
795 4281 956 4342 adhibitum
982 4297 1064 4352 esse,
1096 4280 1225 4354 quisquis
1246 4295 1338 4340 maa
1359 4277 1452 4337 mentis

251 4397 310 4464 est,
343 4389 430 4448 lecila
460 4389 577 4448 uidebit
629 4387 675 4446 De
703 4387 826 4445 terribili
854 4386 911 4444 Dei
939 4384 1050 4459 judicic
1077 4385 1218 4458 loquitur,
1246 4384 1324 4456 quod
1353 4389 1383 4442 ut
1401 4381 1453 4438 siu·

252 4509 322 4551 csse
351 4491 566 4550 Pontificicrum
595 4491 777 4565 poenitentis
806 4495 1003 4562 everteretur,
1033 4493 1136 4562 optare
1158 4493 1190 4546 et
1211 4503 1297 4547 crare
1319 4497 1452 4560 uunquam

254 4595 386 4654 cessavit
