3188 5086
693 275 784 324 Carnu
802 275 838 324 11.
1339 280 1373 332 87

161 485 232 544 tioni
266 491 365 544 tamen
398 487 552 545 Boruaeiac
581 485 823 558 gubernatoribus
859 493 936 560 erat,
970 489 1048 562 quod
1089 491 1257 566 urgentibus
1288 493 1374 553 rebus

159 589 290 647 cunctari
312 605 370 648 non
390 589 487 664 licuit,
510 588 563 648 aed
585 590 633 662 agi
652 591 761 664 aliquid
775 593 902 667 oportuit
916 609 1010 666 neque
1026 587 1198 668 quemquam
1219 595 1374 672 habebant,

159 693 210 765 qui
232 693 385 752 universae
418 694 560 752 ecclesiae
584 695 770 768 evangelicae
792 697 906 755 nomine
930 702 961 754 et
981 699 1154 757 anctoritate
1183 699 1270 757 aliam
1298 699 1374 758 dam

159 793 215 854 eibi
236 801 418 856 monstraret.
462 797 534 856 Tam
555 799 758 871 perplexarum
780 815 876 858 rernm
898 798 1008 860 futuros
1031 818 1140 875 omnes,
1162 803 1210 874 qui
1226 801 1374 878 darentur,

158 900 253 958 varios
283 901 377 973 exitus
410 901 577 960 discernere
605 904 653 960 vix
683 903 787 976 aliquis
816 909 939 977 poterat.
993 905 1027 964 In
1058 906 1180 964 comitiis
1211 906 1372 966 Burussicis

157 1003 387 1064 Protestantium
416 1006 557 1078 nonnulli,
584 1007 691 1080 partim
712 1007 801 1066 nimio
822 1013 925 1067 vetera
947 1009 1043 1068 omnia
1065 1009 1254 1068 conservandi
1278 1010 1373 1070 studio

157 1107 254 1182 ducti,
283 1109 391 1181 partim
418 1107 526 1184 Guelii,
552 1111 660 1183 partim
686 1110 959 1186 Pseudolutheraui,
994 1111 1093 1172 centri
1121 1112 1265 1172 sodalibus
1292 1111 1373 1174 iave-

157 1212 242 1285 baut;
277 1227 377 1272 omnes
413 1211 477 1272 iere
509 1214 576 1284 alii,
612 1215 776 1288 quicunque
812 1216 849 1274 ad
886 1215 951 1275 illos
992 1217 1201 1291 impugnandos
1230 1216 1372 1276 Ministris

157 1316 250 1390 regiis
271 1315 408 1392 aderaut,
431 1334 496 1376 cum
518 1318 646 1392 bisipsis
666 1318 890 1394 arbitrabantdr,
912 1321 994 1394 leges
1013 1322 1045 1380 in
1059 1321 1140 1378 illum
1161 1318 1248 1380 mom
1270 1338 1372 1381 ueces-

157 1421 268 1496 sau'as,
299 1427 331 1480 ut
358 1422 397 1481 ad
424 1419 634 1482 confirmandae
667 1439 717 1482 cae
756 1424 1001 1497 comprobantium
1031 1423 1169 1498 suffragia
1196 1423 1373 1500 sufficerent,

156 1526 272 1598 utrique
303 1526 445 1586 ecclesiae
466 1526 657 1600 imponendas
684 1543 762 1602 esse,
801 1529 863 1587 eolo
890 1527 1019 1603 formali,
1053 1529 1129 1602 quod
1161 1527 1275 1604 dicunt,
1305 1531 1372 1603 juro

156 1630 255 1688 omnia
282 1645 347 1690 esee
370 1629 536 1704 tractanda,
563 1647 678 1690 omnem
700 1648 770 1691 vero
800 1633 941 1706 dogmatis
961 1633 1137 1693 mentionem
1156 1649 1242 1707 quam
1264 1633 1371 1708 longis-

155 1734 229 1792 sime
262 1743 293 1792 ut
325 1734 483 1808 ulegibus
515 1736 557 1794 ita
583 1751 602 1794 a
630 1736 885 1810 disceptationibus
915 1737 1126 1798 removendam.
1177 1735 1259 1807 Quod
1285 1753 1370 1810 quam

152 1851 257 1910 perum
283 1839 457 1898 successerit
482 1839 552 1897 satis
573 1845 695 1899 constat.
736 1839 841 1900 Curiae
870 1846 1029 1900 sectatores
1046 1841 1106 1914 juri
1128 1838 1242 1899 formali
1265 1839 1370 1912 dogma

154 1941 382 2015 omnipotentiae
411 1942 525 2016 papalis
556 1949 590 2004 ut
616 1941 768 2004 inlallibile
799 1951 1006 2031 opposuerunt,
1033 1944 1109 2003 debs
1135 1943 1249 2016 legibus
1278 1943 1370 2016 ipsum

154 2045 260 2118 dogma
282 2045 453 2104 catholicum
475 2062 534 2105 non
554 2053 657 2120 aperte
671 2047 786 2120 quidem
804 2047 856 2106 sed
871 2047 989 2106 subdole
1004 2045 1106 2120 deleri,
1127 2048 1233 2106 iterum
1251 2047 1369 2104 iterum-

154 2165 212 2221 que
253 2148 456 2222 querebantur.
507 2150 733 2209 Proteetantium
773 2151 871 2224 multi,
918 2151 1006 2208 etiam
1046 2151 1095 2223 qui
1128 2164 1230 2206 novam
1269 2150 1368 2206 cudae

153 2251 303 2311 Romanae
333 2254 446 2326 culpam
471 2255 702 2328 perspiciebant,
733 2270 820 2326 quum
850 2253 886 2312 de
911 2253 1058 2325 praesenti
1085 2251 1273 2324 impugnandi
1304 2267 1368 2309 eam

154 2357 286 2430 ratione,
311 2372 369 2430 qua
391 2358 492 2416 civitas
514 2356 659 2428 utebatur,
678 2359 758 2431 justo
780 2357 905 2428 iniquius
924 2353 1104 2428 judicarent,
1128 2355 1209 2428 quasi
1225 2371 1243 2413 a
1258 2354 1369 2429 longiu-

154 2477 211 2533 quo
240 2477 351 2520 morose
377 2467 525 2520 certamen
555 2459 732 2534 spectabant.
783 2459 864 2532 Quod
893 2459 948 2532 ipei
984 2459 1127 2532 pugnanti
1158 2458 1268 2516 civitati
1297 2458 1369 2531 plue,

153 2579 241 2638 quam
267 2566 437 2639 plerumque
467 2563 602 2634 creditur,
635 2563 802 2622 detrimenti
832 2563 937 2620 intulit.
986 2562 1061 2620 Nam
1091 2563 1121 2620 iu
1144 2562 1304 2622 certamine
1332 2561 1369 2621 ad

152 2668 325 2741 religionem
347 2669 512 2742 pertinente
534 2667 640 2742 egebat
661 2665 728 2725 fidei
751 2667 939 2741 evangelicae
965 2666 1080 2724 anxilio.
1125 2666 1159 2725 ld
1180 2667 1258 2726 inter
1280 2666 1370 2726 Italos

90 2849 96 2856 ,
153 2770 373 2831 commonefacit
402 2776 517 2829 nosboe
543 2770 675 2844 Rapbael
699 2770 850 2842 Mariano,
881 2769 926 2827 vir
948 2767 1185 2828 Germanicarum
1218 2785 1314 2830 rerum
1337 2776 1370 2829 ut

152 2877 238 2948 pauci
264 2891 384 2949 gnarus,
413 2875 444 2932 in
473 2880 595 2948 utroque
622 2873 729 2947 populo
755 2874 889 2946 proprias
919 2873 1060 2946 virtutes,
1093 2872 1196 2946 quibus
1229 2874 1366 2946 prodesse

150 2978 207 3036 sibi
240 2979 365 3037 invicem
392 2979 519 3052 possint,
545 2992 711 3052 agnoscens.
761 2977 817 3049 Qui
847 2977 958 3035 civitati
988 2982 1104 3036 nostrae
1136 2977 1242 3049 probro
1268 2978 1366 3052 vertit,

151 3082 229 3156 quod
258 3081 295 3140 ed
322 3081 491 3141 certandum
518 3097 583 3140 cum
604 3081 716 3152 Papatu
749 3085 849 3139 coacta
871 3079 990 3154 originis
1013 3094 1083 3137 suae
1106 3078 1197 3136 oblita
1216 3081 1366 3154 sitneque

151 3187 224 3245 satis
252 3182 376 3244 fiduciae
404 3186 434 3243 iu
456 3185 697 3244 Protestantismo
722 3184 868 3257 posuerit,
899 3182 951 3242 sed
979 3184 1055 3240 mele
1083 3181 1212 3241 adhibito
1233 3183 1367 3254 paritatis

150 3291 322 3362 religionum
351 3290 493 3362 principio
523 3289 656 3364 seducta,
686 3287 723 3346 ad
751 3287 938 3360 pugnandum
969 3286 1005 3344 de
1028 3302 1108 3344 mere
1131 3285 1258 3345 externis
1280 3287 1367 3346 rebus

151 3392 284 3467 delapsa,
316 3394 419 3466 ,altius
437 3395 485 3466 jus
507 3393 675 3452 historicum
698 3398 729 3451 et
751 3389 861 3450 ideale‘
889 3390 1022 3464 sibiipsi
1045 3389 1238 3464 derogaverit3
1263 3406 1319 3464 quo
1342 3391 1366 3448 si

152 3512 205 3554 usa
234 3502 326 3570 esset,
356 3495 484 3556 futurum
510 3495 615 3570 fumeo,
642 3501 674 3554 ut
702 3497 760 3554 vim
787 3495 944 3554 salutarem
974 3495 1004 3552 in
1027 3493 1163 3553 mundum
1186 3494 1366 3566 catholicum,

150 3601 308 3674 praecipue
331 3601 361 3658 in
387 3600 502 3658 Italiam
522 3605 682 3659 exerceret
727 3599 809 3658 Haec
832 3597 923 3658 Italus
944 3597 1004 3658 ille.
1049 3595 1137 3672 Cuius
1160 3599 1250 3657 verba
1272 3599 1365 3658 eonsi-

151 3703 257 3762 derane
298 3703 436 3763 recordor
468 3702 604 3762 Guilelmi
636 3703 823 3778 Imperatoris
862 3703 975 3763 litteras
1008 3699 1047 3762 ad
1084 3702 1182 3776 Papae
1215 3703 1365 3776 epistolam

149 3809 321 3882 rescriptas,
345 3808 513 3880 evangelico
535 3808 638 3881 spiritu
656 3825 715 3866 non
729 3807 823 3866 minus
845 3805 913 3866 sorti
926 3822 1012 3880 quam
1027 3805 1184 3878 tranquillo
1206 3811 1236 3863 et
1251 3805 1365 3877 placido

150 3911 268 3985 plenas,
291 3928 309 3970 a
330 3913 493 3987 longinquis
516 3929 628 3986 quoque
651 3912 787 3986 gentibue
809 3927 916 3986 magna
939 3927 1003 3969 cum
1018 3909 1184 3969 reverentia
1199 3914 1229 3966 et
1244 3924 1363 3966 assensu

150 4021 293 4089 receptes.
339 4015 369 4075 Si
398 4017 500 4076 eodem
531 4018 627 4076 animo
650 4017 818 4090 evangelico
851 4016 1016 4074 universum
1039 4013 1145 4071 bellum
1168 4028 1220 4084 pro
1243 4013 1364 4086 cultura,

148 4119 225 4192 qued
254 4125 384 4194 vocatur,
413 4121 477 4194 geri
506 4122 665 4195 potuisset,
692 4121 757 4193 plus
786 4119 909 4180 fortasse
939 4119 1043 4176 virium
1064 4117 1100 4173 iis
1123 4114 1291 4190 addebatur,
1314 4117 1363 4188 qul

147 4228 214 4294 post
232 4222 406 4282 Vaticanum
429 4225 581 4284 concilium
605 4224 748 4284 eccleciae
773 4221 1008 4281 reformationem
1027 4219 1217 4279 Eraemianae
1240 4220 1363 4280 similem

239 4452 266 4520 1)
285 4454 437 4504 Matienoi.
459 4471 480 4504 c.
498 4470 525 4518 p.
541 4458 600 4505 483.
637 4453 747 4517 ,Quanto
766 4457 832 4504 stato
851 4468 867 4502 a
885 4451 998 4513 obliutc,
1019 4449 1059 4500 cb'
1078 4466 1133 4500 osso
1152 4452 1165 4500 d
1183 4465 1249 4517 pura
1261 4465 1362 4502 mana·

147 4539 222 4590 aiem
240 4539 283 4590 del
303 4541 421 4604 pensiero
439 4542 614 4604 protestante!
650 4539 682 4590 Iu
699 4539 810 4606 ejusdem
828 4540 912 4604 operis
931 4537 1045 4589 versione
1056 4537 1206 4590 Germanice
1225 4554 1251 4602 p.
1266 4541 1327 4588 801.
1417 4589 1418 4592 ,
