3156 5056
705 245 797 295 Garun
815 243 874 294 VII.
1350 237 1400 294 183

178 465 386 534 peccatorum,
410 459 603 519 desideratam
626 475 745 534 pacem,
776 473 866 518 66666
890 459 967 516 61166
990 458 1067 517 61666
1086 463 1187 542 nactus
1210 463 1263 518 est.
1310 459 1402 531 Quum

180 565 265 622 enim
287 563 386 624 Sancti
409 565 492 623 Pauli
523 563 683 622 doctrinam
711 562 748 622 16
779 561 836 622 fide
866 561 1044 636 justificante
1068 563 1153 622 altius
1176 578 1261 636 quam
1283 581 1337 637 per
1358 569 1403 623 tot

180 669 286 726 secula
315 669 361 726 vix
389 669 463 726 alius
500 669 650 741 quisquam
681 668 889 739 intellexisset,
926 667 1011 740 quasi
1038 667 1087 725 lox
1113 666 1211 726 116166
1239 665 1347 727 ndulsit
1374 668 1403 728 ei

181 772 305 831 verbum
325 773 411 830 illud:
432 773 531 832 Justns
552 789 588 830 66
610 769 667 831 fide
686 773 771 832 vivet.
816 771 851 830 Id
871 775 938 830 ante
959 789 1025 829 enm
1048 769 1195 846 Erasmus,
1218 777 1250 830 nt
1270 771 1402 846 vidimus,

180 881 268 935 recte
294 877 502 950 interpretatus
533 881 609 950 6661,
638 875 690 934 661
715 881 807 934 totam
834 875 912 934 illius
935 875 1086 934 doctrinae
1114 875 1170 933 vim
1193 881 1280 948 atque
1301 881 1403 950 poten·

181 981 257 1038 tiam
280 998 338 1040 nou
359 985 556 1056 perspexerat.
602 980 675 1040 Inde
697 980 843 1038 Lutherus
867 980 981 1054 aptiora
1004 985 1034 1038 ct
1056 978 1177 1038 fortiora
1199 995 1285 1052 quam
1307 979 1403 1038 erudi·

181 1092 282 1144 torum
318 1087 452 1160 princeps
482 1101 563 1144 arma
597 1090 701 1159 parata
741 1085 868 1144 habehat
901 1085 938 1144 ad
970 1084 1178 1158 impugnandos
1207 1084 1340 1159 judaicos
1373 1089 1403 1144 et

181 1205 333 1264 paganos,
356 1208 427 1263 quos
448 1191 533 1250 toties
559 1191 608 1250 ille
632 1195 749 1263 questus
772 1193 852 1264 erat,
882 1189 1026 1248 ecclesiae
1048 1203 1163 1246 errores
1181 1193 1211 1246 et
1233 1187 1271 1246 ad
1293 1189 1402 1248 instau-

181 1293 309 1352 randum
338 1294 535 1368 spiritualem,
561 1311 647 1367 quem
673 1295 723 1352 ille
752 1293 982 1368 desideraverat,
1014 1291 1272 1352 Christianismum.
1316 1292 1402 1354 Iude-

183 1398 294 1456 iessnm
320 1399 453 1456 nimirum
478 1399 567 1457 robur
594 1396 691 1456 divina
716 1399 811 1472 gratia
834 1399 861 1457 ci
884 1396 1006 1470 infudit,
1036 1412 1093 1468 qua
1115 1397 1177 1454 sola
1201 1393 1323 1456 confisus
1347 1403 1401 1457 est.

183 1501 275 1576 Cujus
297 1503 409 1576 gratiae
431 1503 632 1576 peccatoribus
655 1501 800 1561 exhibitae
821 1502 990 1560 immensam
1012 1500 1240 1574 magnitudinem
1254 1500 1401 1560 Lutherus

183 1623 252 1664 oum
273 1606 434 1679 Augustino
465 1607 587 1678 aliisque
617 1607 734 1665 summis
763 1605 950 1665 occidentalis
981 1606 1123 1666 ecclesiae
1154 1605 1332 1680 doctoribus,
1365 1623 1401 1665 66

183 1711 289 1784 quihus
320 1709 459 1769 Thomam
492 1710 669 1784 Aquinatem
703 1717 733 1769 et
764 1711 903 1770 Thomam
937 1710 1203 1770 Bradwardinatem
1238 1710 1400 1770 nominasse

184 1812 308 1888 suffieit,
330 1815 373 1873 ita
394 1821 505 1873 tantum
527 1814 614 1888 digno
636 1815 721 1874 modo
744 1813 949 1890 comprehendi
971 1832 1055 1888 posse
1074 1816 1204 1889 6616611,
1227 1821 1260 1873 61
1275 1815 1400 1887 cujusvis

184 1919 310 1978 hominis
334 1924 385 1978 aut
406 1923 529 1978 aeterna
552 1921 646 1994 salus,
670 1925 721 1979 aut
743 1925 863 1980 aeterna
886 1921 1032 1994 pernicies
1055 1921 1091 1978 ab
1115 1920 1264 1979 absolutae
1286 1920 1401 1979 divinae

184 2021 463 2097 praedestinationis
488 2023 606 2084 decreto
635 2023 795 2098 66616661,
822 2023 977 2084 resistendi
1010 2025 1125 2083 divinae
1156 2025 1268 2098 gratiam
1299 2026 1401 2084 antei

185 2127 364 2200 obsequendi
386 2128 537 2188 arbitrium
560 2145 650 2202 penes
668 2129 813 2188 hominem
835 2129 945 2187 nullum
968 2132 1059 2202 66661,
1090 2145 1212 2202 eumque
1232 2129 1264 2186 in
1285 2143 1401 2188 sensnm

191 2238 286 2291 certos
305 2233 445 2305 quosdam
476 2233 638 2306 scripturae
667 2234 745 2292 locos
773 2250 837 2292 cum
869 2233 986 2291 summis
1013 2233 1071 2291 illis
1100 2233 1170 2292 viris
1192 2236 1401 2307 interpretatus

187 2343 240 2397 est.
294 2337 384 2409 Quam
414 2339 590 2398 sententiam
618 2339 655 2397 ab
682 2338 804 2397 Erasmo
831 2339 1025 2426 impugnatam
1058 2339 1147 2397 etiam
1174 2355 1226 2398 eas
1253 2339 1401 2414 ecclesias,

176 2458 261 2516 ‚quae
281 2441 513 2502 Lutheranarum
536 2459 642 2503 nomen
661 2444 697 2502 ab
721 2443 894 2502 adversariis
910 2445 1074 2518 impositum
1086 2449 1277 2519 acceperunt,
1299 2450 1401 2518 666166

185 2547 259 2606 1666
278 2546 503 2605 Melanchthone
526 2549 664 2621 rejecisse
687 2553 814 2622 constat,
837 2550 899 2608 sine
915 2549 1030 2608 interno
1046 2548 1161 2608 divinae
1183 2549 1295 2623 gratiae
1319 2549 1400 2624 adju-

185 2655 283 2710 mento
310 2651 348 2709 ad
367 2650 573 2724 justificantem
595 2649 681 2710 fidem
703 2655 850 2726 perveniri
873 2669 930 2712 non
951 2671 1035 2727 posse
1061 2657 1157 2727 ¹neque
1180 2654 1218 2712 ad
1241 2639 1316 2714 eam
1337 2669 1401 2713 rem

185 2755 339 2828 quidquam
364 2757 463 2815 661666
493 2757 539 2815 661
564 2757 741 2830 singulorum
770 2759 914 2816 hominnm
943 2759 988 2818 661
1011 2757 1153 2817 666166166
1176 2742 1298 2842 merita,
1320 2764 1400 2818 recte

185 2858 291 2918 docere
312 2867 512 2933 perrexerunt
556 2861 619 2920 Hac
646 2861 790 2936 doctrina,
822 2881 858 2922 66
881 2862 1045 2936 6666161616
1068 2863 1184 2935 scriptis
1202 2863 1263 2960 ⁵rite
1286 2863 1400 2936 hausta,
1461 2919 1463 2925 ,

184 2962 333 3024 Judaismo
356 2969 388 3023 et
407 2965 600 3026 Pharisaismo
626 2965 791 3025 Christiana
812 2967 911 3040 666616
934 2966 1155 3026 renascentibus
1174 2968 1325 3054 opposita,
1353 2965 1400 3024 fir·

185 3073 311 3131 missimo
341 3072 499 3144 spiritualis
529 3071 734 3130 christianismi
763 3069 963 3144 fundamento,
993 3071 1014 3128 ii
1049 3086 1149 3129 omues
1179 3052 1242 3149 cnm
1270 3070 1400 3129 Luthero

185 3177 362 3250 nitebantur,
384 3177 434 3250 qni
455 3177 598 3235 ccclesiae
621 3175 871 3248 reformationem,
899 3191 985 3247 quum
1008 3174 1101 3232 Roma
1122 3151 1313 3252 pertinaciter
1335 3189 1401 3233 eam

185 3285 355 3354 respueret,
385 3282 448 3340 sine
477 3279 571 3339 Roma
604 3287 634 3339 61
662 3285 762 3339 666166
791 3279 912 3338 Romam
944 3277 1113 3338 tentandam
1142 3295 1206 3339 esse
1231 3295 1400 3354 persuasum

184 3384 338 3446 habebant.
383 3385 430 3444 Dc
463 3385 518 3444 hae
542 3385 633 3458 igitur
662 3385 806 3456 doctrina,
837 3386 912 3444 male
935 3385 1119 3443 etiamnunc
1140 3385 1306 3461 1616116616,
1328 3401 1399 3445 666-

185 3490 268 3550 66116
290 3489 346 3548 166
370 3490 433 3549 loco
456 3489 538 3549 nobis
560 3489 695 3548 videntur
717 3489 841 3549 dicenda
863 3505 937 3550 esso.

271 3595 375 3654 Fidem
406 3591 586 3668 justificare,
626 3593 772 3655 Lutherus
811 3612 876 3654 cum
905 3595 997 3656 Paulo
1030 3597 1073 3655 ita
1110 3597 1224 3670 accipit,
1261 3600 1294 3653 ut
1329 3593 1400 3652 fides

187 3700 384 3774 apprehendat
413 3699 536 3774 gratiam
555 3697 777 3774 justificantem,
806 3701 837 3760 id
860 3705 905 3760 est
927 3701 1051 3774 gratiam
1074 3702 1105 3759 in
1128 3699 1241 3758 Christo
1264 3697 1400 3771 oblatam,

187 3819 241 3876 qua
261 3804 342 3863 Deus
371 3819 423 3877 pro
452 3802 567 3863 infinita
594 3805 793 3863 misericordia
821 3821 872 3862 sua
895 3803 1034 3876 justificat
1060 3804 1120 3863 sive
1140 3805 1248 3876 Justum
1271 3800 1402 3859 declarat

185 3901 271 3986 (haec
295 3909 374 3967 enim
399 3925 434 3966 66
457 3907 536 3969 16616
558 3909 687 3968 1616666
709 3915 749 3987 et
762 3923 869 3981 graeco
893 3907 1013 3966 indubia
1038 3905 1216 3981 justificandi
1239 3905 1317 3962 notio
1341 3899 1400 3982 est)

186 4019 216 4072 et
240 4014 354 4085 peccati
382 4019 467 4072 reatu
496 4013 620 4074 absolvit
642 4029 759 4088 omnes,
793 4013 955 4087 quicunque
979 4013 1150 4070 creatricem
1172 4009 1261 4068 divini
1283 4008 1400 4082 ophitus

185 4118 240 4174 vim
270 4117 372 4176 intimo
406 4120 502 4179 animo
525 4123 680 4192 sequentes
706 4118 915 4192 poenitentiam
937 4118 1050 4175 sincere
1078 4119 1167 4188 agunt
1186 4129 1313 4188 vereque
1337 4129 1400 4172 cre·

186 4219 255 4280 dont
277 4223 437 4296 evangelio.
483 4225 531 4285 Sic
553 4223 674 4283 interior
688 4223 831 4298 quaedam
852 4222 977 4298 hominis
998 4221 1119 4280 mutatio
1139 4217 1297 4293 perficitur,
1320 4233 1394 4292 quae

186 4325 338 4386 antecedat
364 4333 493 4404 oportet,
520 4333 648 4388 616666
676 4329 752 4388 1666
779 4343 869 4402 66666
897 4323 1039 4400 perficere
1066 4327 1115 4384 ille
1145 4325 1244 4398 possit.
1302 4322 1399 4396 Quare

187 4427 328 4490 Lutherus
350 4433 380 4490 16
399 4433 631 4508 praeclarissimo
654 4433 765 4508 libello,
789 4449 874 4506 quem
896 4436 1037 4506 6166666
1060 4429 1227 4489 traderetur
1249 4429 1301 4504 ,dc
1324 4427 1400 4486 chri·

186 4533 278 4594 611666
296 4536 450 4598 libertate‘
473 4539 564 4599 latine
587 4539 714 4614 scripsit,
738 4537 836 4614 ,Β666
857 4535 972 4612 66666,ί
1003 4536 1045 4596 611
1068 4551 1138 4612 ,666
1160 4533 1271 4596 1661661
1293 4533 1398 4594 bonum
