3176 5064
702 247 790 302 Carus
807 245 843 302 ll.

486 342 640 348 ——m
670 343 724 349 ..—
740 344 771 348 -
785 344 1053 351 —m—-m--
1278 345 1320 352 ...-

1351 248 1385 304 :to

157 449 293 522 cesserit,
321 453 354 508 ut
377 449 463 508 uxori
486 454 516 508 et
537 450 609 509 filiis
632 450 746 510 litteras
769 449 836 510 illas
858 451 1005 527 dederint,
1026 451 1093 527 jure
1116 451 1273 511 dubitatur.
1319 451 1387 512 Nou

158 555 243 615 deest
279 555 311 614 in
348 556 479 634 catalogo
515 557 687 617 monachale
718 557 917 632 mendacium,
952 558 1127 634 jamdudum
1158 563 1234 619 teste
1264 557 1387 619 Fir-asmo

157 663 400 738 imitatissimum,
424 664 509 742 quasi
533 665 694 724 moriturus
717 664 770 724 ille
788 669 908 742 propter
925 665 1061 724 haeresin
1080 665 1291 743 poenitentiam
1309 665 1386 742 egis-

158 775 204 830 set
231 775 261 830 et
289 776 336 846 ,ut
362 770 419 830 sibi
447 772 649 848 ignosceretur
675 792 693 831 a
716 772 778 832 Deo
801 773 925 850 ejusque
948 772 1076 848 gloriosa
1098 779 1190 834 matre
1213 772 1306 832 Maria
1327 773 1386 832 vir·

157 877 227 954 gine
258 883 288 937 et
319 883 380 938 tota
411 879 479 938 aula
510 879 630 939 coelesti
658 878 803 940 contritus
829 879 1003 957 petiisset‘1
1054 879 1138 954 Quod
1162 880 1224 956 jam
1251 880 1386 958 epistolis

157 984 220 1044 illis
246 985 400 1045 refellitur.
446 985 545 1045 Etiam
568 985 709 1045 maenus
731 985 846 1046 Jesuita
872 987 1046 1063 prudentior
1072 993 1118 1047 est
1140 1005 1228 1065 quam
1251 991 1286 1046 ιιι
1307 987 1386 1064 ejus-

157 1091 237 1151 modi
264 1111 360 1168 nugas
387 1092 494 1154 credat.
540 1092 722 1153 Laderchius
749 1093 874 1154 fortasse
901 1093 934 1152 in
961 1093 1102 1154 ecclesiae
1129 1094 1268 1154 honorem
1292 1094 1386 1154 oredi-

157 1198 258 1259 diseet.
305 1197 362 1273 Qui
390 1199 461 1277 quid
489 1200 527 1258 de
553 1199 652 1275 magni
680 1199 781 1286 piique
807 1200 865 1260 uiri
892 1200 1018 1275 meritis,
1047 1206 1081 1259 ut
1102 1206 1200 1278 putat,
1228 1201 1385 1278 suppliciis

154 1305 268 1382 judicet
287 1307 350 1383 jam
371 1306 598 1366 recensebimus.

268 1413 402 1474 Primum
434 1414 574 1474 orationis
606 1413 690 1474 illius
720 1414 813 1490 locos,
846 1433 921 1492 quos
953 1419 983 1474 et
1014 1433 1069 1475 nos
1101 1433 1191 1492 snpra
1222 1415 1385 1493 posuimus,

157 1521 305 1581 exscribit
337 1521 419 1581 Inter
441 1521 602 1582 haereticos
622 1521 824 1596 Gemueruccs,
848 1523 1025 1600 quibuscum
1048 1541 1117 1582 eum
1135 1522 1246 1582 sentire
1265 1523 1385 1583 demon-

157 1631 284 1687 stratum
316 1629 367 1702 sit,
400 1629 490 1688 etiam
521 1628 680 1688 Erasmum
711 1630 853 1689 nominat.
908 1629 998 1704 ,Cum
1029 1629 1244 1704 Roterodamo‘,
1279 1630 1385 1708 inquit,

157 1735 272 1810 ,irridet
303 1741 470 1796 nostrorum
502 1736 705 1813 theologorum
738 1737 848 1806 studia,
881 1737 972 1797 immo
1000 1737 1116 1798 divinas
1143 1737 1258 1798 litteras
1284 1755 1386 1797 eorum

157 1843 245 1920 culpa
281 1844 409 1919 abjectas
444 1819 633 1920 dejectasque
663 1844 789 1904 fatetur!
844 1844 979 1922 Denique
1010 1845 1040 1903 in
1074 1844 1148 1904 actis
1179 1843 1385 1922 Inquisitionis

156 1955 283 2027 quatuor
309 1951 406 2028 capita
433 1969 466 2010 se
488 1950 598 2027 legisse
620 1951 705 2026 dicit,
734 1970 809 2028 quae
833 1951 932 2025 ,illum
955 1951 1136 2011 haereticum
1159 1950 1298 2028 omniqua
1321 1951 1385 2010 ani·

156 2057 361 2118 madversione
379 2057 569 2134 plectendum
588 2059 738 2118 hominem
756 2058 941 2135 perhibeant:
969 2057 999 2130 1)
1017 2057 1151 2134 Negabat
1169 2076 1235 2118 esse
1252 2075 1288 2118 ac
1300 2076 1384 2135 repc-

156 2164 209 2223 riri
236 2164 450 2242 Purgatcrium.
503 2166 533 2244 2)
560 2165 672 2226 Morem
699 2166 894 2242 improbabat,
921 2169 1052 2226 mortuos
1079 2165 1112 2224 in
1138 2165 1272 2226 ecclesiis
1300 2183 1383 2243 sepa-

156 2272 261 2346 liendi,
289 2262 406 2350 alioque
433 2273 604 2349 hujusmodi
627 2277 808 2332 mortuorum
831 2273 972 2332 foetorem
994 2272 1186 2349 rejiciendum
1210 2273 1382 2333 affirmabat

158 2379 188 2457 3)
214 2380 427 2440 Contemnebat
449 2380 585 2458 maleque
609 2379 752 2440 sentiebat
774 2381 812 2440 de
835 2385 914 2440 statu
937 2385 967 2440 et
985 2380 1087 2440 habitu
1105 2381 1315 2440 monachorum
1334 2399 1384 2442 eos

156 2487 351 2564 comparando
387 2487 587 2547 sacerdotibus
623 2487 740 2560 Martis,
777 2487 830 2566 qui
865 2488 999 2548 serebant
1033 2487 1141 2547 ancilia
1177 2506 1230 2565 per
1266 2487 1384 2562 Urbem,

156 2599 295 2654 canentes
322 2600 353 2654 et
379 2595 582 2672 tripudiantes.
629 2595 849 2671 mutuabatur
875 2595 1034 2655 attribuere
1058 2594 1299 2672 justificationem
1328 2595 1384 2655 soli

156 2701 281 2762 fiduciae
303 2701 335 2760 in
357 2703 459 2761 divina
480 2701 694 2775 misericordia,
717 2702 886 2762 remittente
908 2707 1027 2778 pecata
1049 2721 1103 2780 per
1126 2701 1295 2763 Christum‘

264 2807 348 2883 Quod
375 2815 476 2869 contra
503 2827 615 2869 morem
641 2815 772 2869 mortuos
795 2809 828 2868 in
850 2809 985 2870 ecclesiis
1008 2809 1172 2887 sepeliendi
1195 2810 1385 2884 dictumest,

156 2916 208 2976 rix
235 2935 315 2976 nunc
342 2917 452 2994 aliquis
479 2917 654 2976 horrendam
682 2917 817 2976 haeresin
845 2935 912 2976 esse
938 2917 1102 2976 contendet
1149 2915 1234 2990 Quod
1256 2935 1325 2976 vero
1347 2917 1385 2976 ad

156 3027 268 3084 ceteras
296 3023 458 3084 sententias
485 3029 687 3084 controversas
710 3022 850 3100 pertinet,
878 3023 966 3082 etiam
990 3023 1127 3082 catholici
1149 3023 1295 3098 dogmatis
1318 3042 1385 3100 pro

155 3137 303 3208 pugnator
328 3131 437 3208 aliquis
465 3149 533 3190 vere
559 3130 628 3208 pius
655 3135 744 3208 atque
771 3129 916 3204 eruditus,
944 3129 1015 3190 licet
1036 3129 1165 3188 Aonium
1193 3129 1225 3186 in
1252 3147 1286 3188 co
1314 3130 1383 3205 reji-

156 3239 260 3298 ciendo
282 3257 396 3299 enasse
417 3243 515 3316 putet,
543 3239 595 3296 vix
617 3244 717 3297 tamen
740 3255 820 3296 nuno
842 3237 1006 3313 negaverit,
1030 3253 1099 3296 cum
1123 3236 1226 3295 eodem
1249 3235 1384 3311 dogmate

155 3345 188 3404 in
210 3345 352 3406 Romanis
369 3345 600 3423 inquisitoribus
622 3363 682 3405 non
704 3343 790 3404 ahter
813 3361 901 3420 quam
924 3343 956 3402 in
974 3342 1135 3402 Laderohio
1158 3342 1384 3419 superstitiones

156 3453 299 3530 quasdam
330 3452 502 3528 conjunctas
529 3457 559 3512 et
586 3451 672 3530 quasi
699 3450 869 3528 complexas
896 3449 1003 3525 fuisse,
1036 3467 1111 3528 quas
1137 3449 1190 3510 ille
1217 3454 1277 3509 tam
1305 3455 1385 3510 recte

156 3577 244 3637 quarn
267 3577 345 3634 eam,
368 3577 443 3636 quae
465 3559 503 3618 ad
526 3557 711 3636 sepeliendos
733 3563 864 3618 mortuos
887 3561 1014 3635 spectat,
1037 3555 1264 3635 oppugnaverit,
1288 3575 1385 3636 neque

155 3666 299 3743 ejusmodi
322 3666 475 3742 theologos
497 3685 551 3744 pro
574 3665 750 3726 scholastica
773 3683 827 3724 sua
846 3665 1004 3742 jejunitate
1026 3669 1115 3742 atquc
1133 3664 1282 3740 rigiditate
1299 3669 1384 3740 aptos

156 3774 262 3848 fuisse,
290 3773 343 3851 qui
369 3773 506 3850 religiose
533 3773 752 3850 christianaque
779 3791 847 3832 cum
871 3773 981 3832 talibus
1004 3772 1090 3846 viris,
1118 3771 1216 3849 qualis
1238 3772 1291 3831 ille
1313 3777 1383 3846 erat,

154 3887 276 3956 agerem
303 3898 463 3958 eorumque
490 3897 615 3954 errores,
648 3879 675 3938 si
702 3877 752 3956 qui
782 3883 877 3954 erant,
910 3883 989 3938 recte
1017 3879 1186 3938 reniterent
1236 3877 1276 3936 Hi
1303 3877 1384 3937 enim

154 3987 211 4046 riri
242 4006 310 4048 oum
337 3987 461 4048 Erasmo
492 4005 568 4047 nova
600 3986 726 4065 quadam
758 3985 922 4045 disserendi
950 3985 1086 4046 methodo
1113 3985 1283 4059 utebantur,
1314 4003 1384 4045 cum

154 4094 294 4155 historiae
316 4113 351 4155 ac
372 4095 450 4155 uitae
472 4095 636 4155 rationibus
659 4092 754 4169 magis
777 4111 919 4168 congrua,
943 4111 1031 4170 quam
1054 4096 1157 4170 postea
1174 4091 1263 4152 etiam
1282 4091 1383 4152 melio-

153 4221 202 4262 res
230 4203 349 4281 quidam
374 4201 665 4263 Romanocatholicae
693 4200 835 4262 ecclesiae
858 4199 1008 4276 theologos
1031 4200 1126 4277 magis
1149 4199 1303 4278 magisque
1326 4199 1383 4259 sibi

263 4449 290 4517 1)
308 4449 401 4503 Inzeri
419 4449 436 4502 l.
452 4466 475 4504 c.
494 4467 520 4518 p.
532 4447 584 4503 184
607 4465 636 4516 ,a
653 4449 704 4502 Dio
724 4465 738 4503 e
757 4447 810 4502 alla
828 4463 878 4501 sus
895 4446 1010 4517 gloriosa
1027 4445 1120 4501 Modra
1137 4446 1170 4500 V.
1190 4445 1226 4499 hl.
1245 4461 1261 4499 e
1279 4461 1296 4500 a
1313 4447 1384 4500 tutta

154 4537 181 4592 la
199 4539 276 4595 Corte
296 4537 339 4593 del
359 4538 449 4596 cielor
