3176 5064
685 227 772 283 (larun
790 227 845 282 Ha
1336 229 1371 284 19

249 428 308 490 Sed
343 433 463 508 propter
494 429 640 505 ejusmodi
671 429 772 505 verba,
809 429 986 507 apostolicae
1017 430 1166 490 doetrinae
1203 430 1370 507 puritatem,

136 535 375 613 simplieitatem,
403 537 548 598 fervorem
576 537 732 614 spirantia,
760 537 907 598 sentiendi
934 555 1003 598 eum
1033 537 1187 598 Germanis
1214 543 1371 599 accusabis

135 648 194 704 est
245 643 341 722 Magis
369 645 434 705 sine
461 645 551 706 dubio
579 663 669 729 quam
699 645 879 706 accusatoris
905 645 1032 722 patriam
1058 645 1174 706 amavit
1228 645 1371 724 Inprimis

136 750 231 810 etiam
261 752 387 812 Romam
418 757 559 830 tanquam
590 753 754 830 hospitium
786 753 919 812 omnium
954 753 1101 830 gentium,
1142 753 1371 814 conciliatricem

137 858 331 935 populorum,
363 859 461 920 lucem
495 859 575 920 orbis
606 863 748 919 terrarum
788 860 912 920 extollit
973 860 1070 921 Simul
1101 879 1170 921 vero
1202 862 1371 921 universam

138 967 335 1028 christianam
357 967 570 1046 rempublicam
592 985 686 1044 aeque
712 973 802 1045 atque
824 968 966 1028 marmus
994 969 1110 1029 sincero
1136 987 1235 1030 amore
1261 968 1372 1046 ample-

138 1075 239 1134 ctitur.
298 1075 423 1152 Propter
460 1075 694 1136 christianornm
731 1075 907 1136 discordiam
944 1075 1055 1136 'luroas
1095 1077 1215 1154 longius
1256 1095 1373 1154 semper

138 1200 313 1259 progressos
332 1199 410 1258 esse,
435 1201 503 1243 cum
521 1183 575 1242 illo
598 1183 743 1260 deplorat,
769 1183 903 1261 queritur
925 1184 1064 1244 amissam
1082 1183 1220 1244 Rhodum
1242 1183 1372 1244 insulam

138 1289 346 1350 fidelissimam
372 1299 461 1368 atque
488 1291 727 1351 munitissimam.
778 1291 836 1350 Ubi
863 1291 964 1351 audiat
991 1292 1070 1368 apud
1095 1291 1196 1353 Gallos
1224 1292 1273 1352 rel
1301 1292 1372 1354 Ger·

138 1415 245 1458 manos
267 1397 382 1458 litteras
405 1397 521 1473 florere,
549 1416 582 1458 se
608 1398 748 1476 cupidine
774 1399 899 1474 flagrare
926 1399 1000 1459 illuc
1028 1399 1163 1459 evolandi
1190 1400 1245 1476 ait;
1273 1399 1372 1460 nullas

140 1505 200 1564 sibi
218 1523 287 1566 oum
305 1505 367 1564 ulla
385 1511 473 1582 gente
491 1505 661 1566 inimicitias
678 1507 873 1581 intercedere,
897 1505 974 1565 nihil
992 1507 1030 1566 ad
1048 1507 1201 1567 veritatem
1219 1507 1372 1582 interesse,

139 1612 225 1688 cujas
253 1613 379 1691 quisque
405 1614 452 1673 sit.
498 1613 536 1673 In
563 1613 718 1674 Germanis
746 1614 890 1692 quaedam
917 1631 950 1674 se
977 1615 1113 1692 probare,
1142 1615 1286 1693 quaedam
1312 1633 1373 1675 non

140 1720 273 1797 probare.
319 1719 387 1780 Non
409 1720 496 1782 modo
519 1721 639 1782 laudare
662 1739 694 1781 se
718 1719 763 1801 (ut
784 1721 843 1781 aha
865 1721 1052 1802 praetereat),
1077 1723 1241 1782 sedetiam
1263 1723 1374 1800 gratias

140 1827 182 1886 iis
210 1827 339 1904 egeam
367 1845 434 1888 esse
460 1833 577 1906 putare,
606 1829 685 1906 quod
707 1829 808 1888 divina
831 1829 942 1905 studia,
970 1835 1062 1890 strata
1083 1831 1116 1890 in
1138 1830 1257 1891 cellulis
1278 1831 1373 1890 homi-

140 1953 216 1994 num
252 1935 424 2010 otiosorum,
461 1936 609 1996 erexerint
641 1936 822 2011 Chaldaicis,
860 1937 993 2012 Graecis,
1034 1937 1150 1997 Latinis
1186 1937 1373 1998 bibliothecis

140 2042 302 2117 restitutis,
325 2043 407 2120 typis
430 2043 630 2120 pulcherrime
652 2043 833 2119 adinventis,
855 2044 1002 2120 theologis
1025 2045 1239 2121 perhonorifice
1261 2045 1373 2122 stipen-

141 2149 202 2208 diis
224 2149 357 2210 decretis.
404 2149 499 2226 ,erae
520 2169 568 2210 res
587 2149 713 2210 clarior?
740 2169 816 2228 quae
834 2150 1006 2226 gloriosior?
1052 2169 1127 2229 quae
1146 2152 1375 2213 commendatior

142 2275 210 2317 esse
227 2261 325 2334 potest
342 2259 499 2318 memoriae
517 2259 672 2318 hominum
690 2258 904 2336 sempiternae?
932 2258 1056 2319 Secutae
1073 2259 1191 2320 interim
1211 2259 1374 2320 discordiae

141 2364 261 2440 civiles,
288 2365 430 2426 intestina
456 2365 546 2441 bello,
579 2365 756 2444 populonrm
783 2371 894 2440 motus,
923 2366 1084 2426 seditiones
1111 2371 1142 2428 et
1163 2367 1241 2427 mala
1263 2371 1372 2428 cetera:

143 2491 310 2549 quaecum
333 2473 437 2534 multis
460 2473 533 2532 mihi
557 2474 677 2552 quidem
699 2475 736 2535 ob
758 2474 909 2534 cantatam
933 2474 1155 2553 fraternumque
1182 2475 1314 2534 animum
1341 2475 1374 2534 in

145 2579 330 2641 Christianos
354 2599 442 2658 saepe
463 2581 668 2642 incredibilem
691 2583 822 2642 dolorem
844 2582 1015 2644 attulerunt.
1062 2581 1136 2657 Quis
1158 2583 1211 2642 illa
1233 2601 1293 2642 non
1310 2582 1374 2642 lau·

143 2687 212 2746 det?
235 2688 307 2748 haec
325 2707 386 2747 non
403 2688 567 2766 improbet?
611 2688 666 2750 Est
683 2690 734 2750 hio
752 2691 894 2750 bonorum
914 2691 1047 2750 omnium
1065 2691 1230 2750 communis
1250 2692 1373 2752 sensus!

252 2793 336 2869 Quod
359 2814 428 2855 vero
453 2796 538 2856 Cotta
560 2797 746 2858 adversarius
769 2817 838 2858 cum
856 2797 1012 2859 Germanis
1035 2816 1104 2858 eum
1122 2798 1233 2858 sentire
1250 2799 1374 2874 dixerat,

143 2901 236 2962 adid
260 2903 333 2964 haec
355 2904 528 2980 respondet:
558 2905 619 2980 ,An
641 2909 743 2982 putas,
766 2923 869 2965 omnes
892 2905 1054 2966 Germanos
1077 2905 1170 2964 veluti
1192 2905 1225 2964 in
1247 2904 1375 2966 eundem

144 3009 320 3070 fasciculum
343 3011 499 3088 alligatos?
531 3011 563 3072 Si
587 3011 696 3072 sentire
714 3030 763 3072 me
780 3031 849 3072 cum
864 3012 1019 3072 Germanis
1038 3012 1184 3088 theologis
1203 3013 1249 3071 vis
1267 3013 1373 3086 dicere,

144 3117 223 3178 istuc
245 3135 364 3196 quoque
386 3119 562 3196 perplexum
585 3123 639 3178 est.
684 3118 834 3178 Nimirum
861 3119 893 3178 in
916 3118 1074 3180 Germania
1100 3117 1230 3194 theologi
1253 3117 1374 3178 nobilis-

146 3224 214 3284 simi
238 3231 309 3285 sunt
330 3225 431 3300 multi,
458 3244 556 3303 neque
582 3244 652 3286 vero
679 3231 726 3286 est
748 3225 899 3302 provincia
920 3225 1026 3300 altera,
1053 3224 1086 3284 in
1113 3243 1172 3302 qua
1193 3229 1254 3284 tam
1277 3224 1374 3284 variae

145 3335 176 3390 et
198 3332 231 3390 in
253 3351 371 3392 omnem
393 3337 509 3410 partem
532 3333 696 3394 sententiae
718 3332 843 3392 diffusae
866 3338 944 3392 srmt
991 3330 1087 3406 Quare
1109 3350 1202 3410 quum
1229 3331 1304 3392 diois
1326 3351 1375 3392 me

145 3457 214 3500 oum
242 3439 398 3500 Gennanis
430 3439 551 3516 sentire,
584 3441 661 3500 nihil
693 3459 785 3519 prope
812 3440 895 3500 dicis.
947 3441 988 3500 at
1019 3445 1070 3500 tua
1100 3439 1255 3500 maledicta
1282 3457 1375 3518 quum

145 3546 320 3623 plenissima
349 3548 409 3608 sint
436 3548 569 3608 omnium
592 3547 784 3625 ineptiarum,
812 3548 922 3609 habent
944 3553 1043 3608 tamen
1071 3549 1209 3609 aculeum
1236 3552 1278 3624 et,
1306 3548 1376 3626 quia

145 3673 163 3712 a
177 3658 207 3713 te
221 3656 352 3732 prolecta
365 3660 449 3732 sunt,
472 3673 619 3716 venenum
633 3673 796 3734 aspersum.
825 3655 988 3717 Germanos
1006 3675 1094 3718 vocas
1109 3655 1374 3732 Oecolampadium,

145 3761 386 3838 Rotercdamum,
418 3763 690 3838 Melanehthonem,
723 3763 901 3840 Lutherum‚
933 3763 1142 3840 Pomeranum,
1170 3763 1317 3823 Bucenrm
1345 3767 1376 3822 et

146 3874 258 3929 ceteros
281 3870 387 3947 quiin
411 3870 610 3946 suspicionem
633 3871 729 3930 vocati
753 3873 841 3930 sunt?
886 3871 949 3947 Ego
977 3889 1047 3931 vero
1075 3889 1114 3930 ex
1140 3869 1286 3946 theologis
1313 3874 1375 3928 tam

146 3976 299 4053 stupidum
322 3978 446 4038 arbitror
468 3995 535 4038 esse
557 3977 719 4052 neminem,
753 3978 805 4055 qui
828 3995 888 4038 non
910 3978 1059 4054 intelligat
1086 3983 1117 4037 et
1142 3979 1281 4052 fateatur,
1309 3993 1374 4052 per-

145 4083 240 4144 multa
267 4103 333 4146 esse
360 4086 392 4144 in
420 4086 481 4161 his,
514 4103 590 4163 quae
617 4085 653 4145 ab
680 4085 742 4145 illis
771 4085 881 4161 scripta
903 4091 987 4160 sunt,
1020 4085 1110 4162 digna
1141 4101 1262 4162 prorsus
1294 4083 1374 4142 omni

145 4191 246 4270 laude;
271 4197 341 4252 sunt
364 4193 444 4253 enim
466 4193 607 4270 graviter,
629 4197 765 4253 accurate
787 4197 818 4252 et
840 4193 955 4252 sincere
978 4193 1100 4270 scripta,
1122 4191 1248 4270 repetita
1269 4191 1318 4250 vel
1336 4209 1375 4251 ex

145 4300 278 4376 patribus
301 4300 364 4360 illis
387 4301 505 4378 primis,
529 4301 581 4378 qui
603 4305 760 4379 praecepta
781 4300 867 4360 nobis
891 4300 1031 4360 salutaria
1048 4299 1245 4378 reliquenmt,
1269 4297 1318 4358 vel
1336 4315 1375 4358 ex

145 4409 440 4469 commentationibus
463 4408 641 4470 Graeoonrm
664 4413 694 4468 et
715 4413 883 4468 nostrorum
905 4407 1072 4484 hominum,
1100 4405 1249 4484 Origenis,
1279 4405 1373 4482 Chry-
1403 4419 1407 4428 ·

146 4516 281 4591 sostomi,
310 4515 429 4592 Cyrilli,
456 4515 583 4590 Irenaei,
611 4515 732 4590 Eilarii,
760 4515 935 4591 Augustini,
963 4515 1147 4591 Hieronymi.
1198 4515 1247 4574 An
1274 4513 1300 4574 si
1327 4513 1374 4572 illi

1176 4635 1213 4689 2*
