3134 5054
206 283 258 338 330
693 287 794 337 Pan-rra
812 287 925 336 Parcere

205 498 318 574 fulgere
340 500 477 559 videmus.
537 499 644 558 Summi
674 499 777 574 flagitii
801 501 831 559 id
855 502 978 560 maxime
1010 501 1131 560 Erasmo
1159 502 1315 575 duxerant,
1343 501 1422 574 quod

206 604 370 664 baereticae
390 605 519 663 comburi
540 611 670 679 vetaret,
694 607 781 663 immo
804 607 833 663 in
857 605 1029 664 detestando
1044 606 1166 678 quodam
1182 606 1325 679 colloquio
1341 605 1423 664 edito

207 706 300 783 (cnjus
326 725 379 766 uos
409 709 584 768 mentionem
615 725 703 782 supra
732 703 868 790 fecimus)
898 709 934 768 de
965 710 1028 783 ipsa
1052 711 1347 768 excommunicatione
1367 725 1420 782 pa-

205 813 279 886 pali,
309 813 443 886 ,sulphur
465 820 495 872 ct
522 813 632 873 fulmen
650 815 761 889 olente,
790 809 841 872 scd
865 815 949 873 bruto
978 813 1121 887 fulmine,‘
1150 821 1284 887 proterve
1303 817 1422 888 Jocatus

206 922 291 976 esset
351 918 453 990 ltaque
483 917 620 977 Ermrnus
650 919 859 978 intercessione
890 936 961 991 opus
997 933 1060 977 esse
1094 923 1174 978 ratus
1211 918 1288 992 apud
1316 919 1420 992 ipsun,

205 1036 290 1093 quom
313 1021 403 1080 latins
427 1021 577 1096 eleganter
599 1029 697 1096 vocat,
725 1039 879 1096 ,summum
902 1022 978 1096 apud
1001 1022 1147 1095 Hispanos
1169 1022 1206 1081 de
1230 1020 1297 1082 fidei
1320 1020 1419 1080 calbo-

204 1124 278 1183 licea
292 1127 417 1198 negotiis
432 1126 629 1200 cognitorem,‘
643 1125 822 1199 Alpbonsum
837 1126 1001 1184 Mauricum
1016 1126 1273 1199 archiepiscopum,
1288 1126 1420 1184 libellum

204 1229 247 1286 illi
275 1229 352 1288 misit
379 1231 574 1304 responsionis
601 1230 638 1290 ad
668 1232 872 1290 monachorum
901 1231 1054 1304 articulos,
1083 1230 1158 1292 datis
1185 1232 1268 1289 simul
1292 1231 1329 1289 ad
1352 1248 1419 1288 aum

204 1333 325 1407 litteris,
355 1335 457 1408 quibus
479 1337 627 1408 queritur,
649 1335 741 1409 qnod,
765 1353 852 1408 quum
873 1338 936 1410 ipse
959 1351 1022 1393 cum
1046 1334 1172 1393 factione
1196 1351 1300 1393 revera
1322 1334 1419 1393 formi-

205 1436 301 1496 danda
322 1440 507 1513 pugnaverit,
537 1439 645 1498 Caesar
671 1456 747 1498 nunc
769 1441 934 1513 permittat,
966 1445 998 1497 ut
1022 1455 1075 1512 pro
1102 1437 1195 1497 officio
1227 1445 1339 1498 tantum
1360 1455 1420 1498 uon

204 1540 304 1600 bestiis
333 1543 495 1615 objiciatur.
550 1545 688 1617 Putabat,
718 1549 750 1602 ιιι
769 1544 907 1617 Magnum
928 1544 1132 1616 Inquisitorem
1161 1543 1216 1602 sibi
1239 1544 1420 1616 conciliaret,

205 1645 421 1704 concedendam
450 1649 478 1705 ai
505 1648 612 1721 aliquid
645 1663 717 1706 esse.
778 1648 883 1707 Paucis
921 1648 1009 1722 igitur
1043 1648 1174 1722 exponit,
1208 1665 1240 1707 se
1271 1648 1421 1707 severiora

204 1749 350 1824 remedia,
384 1767 459 1823 quae
487 1753 617 1810 cauteria
643 1753 785 1827 nominat,
817 1751 865 1809 nbi
897 1753 1023 1834 mitiora¹
1042 1751 1148 1810 effectu
1178 1753 1338 1824 caruerint,
1360 1767 1420 1810 uon

121 1877 123 1882 ’
205 1853 320 1912 omnino
343 1853 489 1914 damnare.
549 1855 640 1914 Tacst
662 1873 694 1914 sc
721 1857 848 1930 cogitare
877 1856 913 1914 de
946 1855 1081 1914 fanaticis
1108 1855 1285 1928 bominibus,
1319 1871 1423 1914 omnes

203 1957 285 2032 loges
307 1959 446 2019 humanas
469 1975 504 2018 ac
527 1961 626 2019 civiles
648 1961 832 2034 tollentibus,
854 1961 954 2033 quales
978 1957 1151 2018 Monasterii
1167 1960 1241 2032 apud
1265 1959 1422 2033 Westplra-

203 2063 246 2120 los
270 2063 391 2137 aliisque
420 2065 491 2123 loeis
522 2071 717 2124 surrexerant.
776 2063 950 2137 Ceteroquiu
978 2080 1047 2122 vero
1075 2063 1111 2122 ad
1134 2063 1311 2135 Alpbonsnm
1338 2063 1422 2120 illam

203 2167 274 2226 talia
297 2169 424 2227 elocutus
448 2175 508 2242 est,
531 2169 628 2242 qualia
650 2170 698 2226 vix
721 2185 846 2242 unquam
866 2169 954 2226 alium
969 2184 1140 2242 quemquam
1157 2167 1194 2226 ad
1209 2167 1298 2226 ullum
1313 2167 1422 2242 Hispa·

202 2272 315 2330 nimum
337 2272 476 2346 Magnum
498 2272 701 2346 Inquisitorem
724 2272 927 2345 pronuntiasse
951 2267 1203 2346 οιιιιιθοιιιιιειιιιι.1
1248 2270 1293 2329 Ex
1315 2271 1422 2344 quibus

202 2392 297 2448 pauca
319 2373 368 2434 bic
384 2375 517 2438 ,aderam

289 2481 425 2540 Diversus
449 2499 513 2540 esse
535 2481 700 2555 inquirendi
715 2481 814 2540 modos
828 2481 968 2553 ostendit3
987 2497 1066 2556 eum,
1097 2499 1152 2554 quo
1177 2481 1309 2540 monachi
1332 2488 1420 2540 umn-

203 2590 264 2652 tur,
289 2586 444 2644 salaisaime
467 2586 605 2656 traducit,
628 2587 714 2643 immo
738 2585 802 2644 illos
821 2601 853 2644 se
873 2586 951 2659 ipsos
964 2585 1117 2644 traducere
1134 2585 1270 2644 ostendit
1304 2585 1421 2659 ,Inqui-

202 2689 260 2761 ιιι*
282 2689 384 2762 iuquit,
407 2704 517 2761 ,scurra
532 2693 564 2746 ut
580 2689 779 2771 calumnietur,
795 2690 915 2762 inquirit
931 2695 1080 2762 tyrannus,
1095 2695 1128 2747 ut
1139 2689 1283 2762 publicam
1299 2689 1422 2748 liberta-

204 2797 264 2850 tem
286 2795 442 2866 opprimat,
468 2793 589 2866 inquirit
611 2799 641 2852 et
663 2792 786 2852 Satanas
809 2795 980 2852 circumiens
1000 2800 1032 2851 ut
1053 2795 1099 2852 leo
1118 2794 1252 2867 rugiens,
1276 2809 1421 2867 quaerens

203 2913 288 2970 quem
315 2896 452 2956 devoret‘
508 2896 588 2955 Nihil
612 2914 630 2956 a
653 2896 780 2972 Christo,
814 2897 850 2956 ab
879 2898 1030 2971 apostolis,
1061 2913 1079 2955 a
1107 2899 1264 2957 veterrima
1293 2899 1421 2957 ecclesia

202 3003 315 3077 longius
338 3001 466 3061 abfuisse
486 3018 571 3076 quam
594 3001 762 3060 violentiam
786 3008 816 3060 et
832 3001 1033 3060 crudelitatem
1057 3003 1087 3060 iu
1109 3002 1222 3076 agendo
1237 3019 1301 3061 cum
1317 3019 1420 3061 erran-

203 3107 279 3166 tibus
302 3111 333 3165 et
354 3106 527 3180 haereticis,
551 3106 669 3182 egregie
693 3105 878 3164 demonstrat.
925 3104 1082 3179 ,Quand0‘,
1105 3106 1279 3181 interrogat,
1307 3107 1421 3180 ‚Pauli-

202 3211 298 3271 niauis
321 3218 371 3270 aut
392 3211 552 3271 Jovinianis
575 3227 611 3270 ex
630 3210 786 3270 Caesarum
811 3209 914 3268 edictis
937 3209 1015 3268 dicta
1038 3216 1083 3268 est
1105 3211 1233 3269 mulcta?
1276 3211 1359 3270 Nunc
1380 3209 1420 3268 ad

202 3317 300 3390 iguem
328 3315 519 3389 pertrahitur,
549 3317 602 3388 qui
622 3315 748 3389 dubitet,
780 3331 817 3372 an
846 3313 992 3372 Romanus
1022 3313 1154 3374 Pontifex
1177 3318 1226 3389 jas
1259 3315 1365 3374 habeat
1386 3314 1419 3372 in

202 3420 418 3492 purgatorium‘
477 3420 626 3492 ,Accedit,
658 3425 690 3476 at
718 3435 766 3476 res
796 3423 899 3492 agatur
927 3434 982 3492 per
1006 3419 1164 3496 relatores,
1199 3419 1351 3492 deputatos
1383 3435 1420 3476 ac

199 3521 314 3596 judices
340 3523 509 3596 monachos,
546 3539 601 3580 uec
631 3523 759 3596 sincere,
793 3537 849 3580 nec
879 3521 1011 3595 legitima
1040 3521 1147 3595 forma3
1180 3524 1420 3596 pronuntiantia

202 3641 321 3685 carcere
352 3631 413 3684 tres
441 3627 570 3700 priores,
600 3627 748 3684 monacbis
777 3626 888 3685 duobus
910 3625 1050 3700 testibus,
1082 3631 1112 3686 et
1132 3633 1288 3700 apparatur
1311 3629 1419 3700 regna‘

202 3731 354 3805 Dialognm
378 3731 473 3804 illurn,
497 3732 545 3804 qui
565 3735 677 3790 tautum
699 3730 847 3789 borrorcm
871 3731 1018 3789 monachis
1040 3732 1215 3805 incusserat,
1238 3731 1275 3790 ab
1297 3730 1420 3790 Erasmo

203 3853 238 3894 eo
261 3841 391 3908 tempore
414 3836 553 3910 scripturn
576 3851 640 3894 osse
664 3833 804 3908 vidimus,
827 3852 882 3907 quo
905 3835 934 3891 in
957 3834 1123 3893 universum
1144 3835 1261 3895 favebat
1281 3835 1418 3894 Luthero.

201 3941 247 3998 Ad
281 3939 469 4000 amovendam
503 3939 617 3999 illorum
652 3939 868 3998 accusationem
899 3939 1005 3997 iterum
1038 3939 1129 3998 utitur
1163 3939 1275 3998 callidis
1307 3940 1442 4010 artibus,

201 4045 275 4117 suis,
298 4043 458 4103 sedetiam
481 4045 527 4102 hic
550 4044 692 4102 admiscet
713 4041 853 4101 audacem
872 4043 1034 4104 veritatem.
1081 4041 1119 4116 ,0
1135 4044 1293 4117 Sanctam‘,
1316 4044 1419 4118 inquit,

203 4149 449 4222 ,iaquisitioneml
502 4149 536 4206 ln
560 4163 595 4206 eo
618 4147 760 4221 colloquio
782 4147 835 4204 sub
858 4145 988 4206 Barbatii
1012 4147 1128 4206 nominc
1153 4145 1229 4206 facio
1252 4149 1420 4219 loquentem

201 4253 294 4326 ipsum
323 4250 497 4326 Lutbemm,
527 4251 580 4310 sub
612 4251 679 4310 Auli
705 4267 829 4325 persona
858 4266 904 4308 mc
927 4252 974 4310 vel
997 4250 1085 4309 alium
1108 4251 1304 4310 orthodoxum.
1364 4251 1422 4309 Hic

202 4357 349 4414 invertunt
371 4371 524 4428 personam
549 4361 579 4414 et
601 4373 637 4414 cx
658 4355 795 4416 Barbatio
819 4351 929 4414 faciunt
947 4355 1100 4415 Erasmum
1133 4356 1204 4414 satis
1226 4354 1422 4429 impudenter.

293 4570 317 4634 1)
337 4570 403 4634 Opp.
423 4570 476 4632 IX,
497 4573 562 4619 10⁶4
584 4585 615 4620 ss.
