3176 5064
128 447 223 490 sensu
251 429 440 490 nominatam.
492 429 573 504 Quae
600 435 673 490 tunc
699 429 817 490 laudem
846 431 966 506 meniit,
995 449 1054 508 qua
1081 431 1265 492 nobilissima
1291 433 1362 492 urbs

128 537 310 598 Hanseatica
332 539 481 616 quondam
504 538 697 614 gloriabatur:
725 538 897 615 Hospitium
920 539 1062 598 ecclesiae
1085 539 1148 598 Dei.
1194 539 1281 599 Multi
1304 541 1362 600 Ita-

129 645 229 704 lorum
256 646 375 726 pro-lugi
403 646 481 705 inter
509 663 624 705 summa
650 645 866 706 academiarum
893 651 983 723 atque
1005 646 1173 706 scholarum
1196 652 1362 706 nostrarum

128 753 238 812 decora
262 758 353 814 erant.
402 752 471 812 Non
499 741 619 813 deerant
646 753 785 830 Hispani,
814 771 940 831 quorum
968 753 1057 813 unius
1084 753 1186 813 liberis
1211 753 1273 828 jam
1301 753 1362 813 Me-

129 861 295 920 lanchtbon
312 861 406 920 amice
423 861 585 938 prospexit.
617 859 664 919 Ex
683 859 897 936 llancogallia,
921 860 990 938 quia
1008 861 1195 936 evangelicae
1212 861 1362 920 doctrinae

131 985 235 1028 semen
262 986 415 1045 nunquam
442 967 505 1027 illio
532 985 655 1044 prorsus
681 967 813 1028 deletum
835 973 894 1043 ost,
922 985 977 1045 per
998 968 1086 1046 plura
1108 968 1209 1028 accida
1230 973 1362 1028 extorres

131 1080 253 1152 proptor
276 1075 364 1134 tidem
387 1074 522 1133 homines
545 1075 582 1132 ad
605 1093 659 1134 nos
681 1080 870 1134 accesserunt
893 1075 974 1152 iique
993 1093 1130 1152 magnam
1148 1081 1262 1152 partem
1280 1075 1362 1134 nobi·

130 1182 240 1242 tissimi
263 1187 293 1241 et
316 1172 497 1258 probissimi,
520 1182 791 1242 diversissimarum
813 1183 922 1241 artium
944 1182 1138 1242 laudabilium
1156 1183 1248 1259 gnari.
1285 1181 1362 1257 Quo·

130 1309 199 1348 rum
222 1289 356 1348 omnium
379 1289 501 1366 plurimi
525 1288 713 1349 Germaniam
736 1295 876 1366 tanquam
899 1307 1006 1350 novam
1027 1289 1154 1367 patriam
1177 1307 1261 1350 suam
1283 1308 1362 1349 ama·

131 1398 203 1456 bant
225 1415 260 1457 ac
281 1397 474 1470 celebrabant.
507 1396 569 1456 Nos
592 1401 737 1474 quantum
760 1397 864 1456 multis
886 1415 988 1457 eorum
1007 1397 1179 1472 debeamus,
1203 1398 1363 1474 superstite

131 1504 164 1562 in
187 1505 313 1581 posteris
336 1505 491 1581 peregrina
513 1504 632 1563 nomino
655 1521 709 1564 nos
732 1504 1005 1564 commonefaciunt.
1038 1505 1125 1564 Haud
1150 1521 1244 1582 pauca
1261 1521 1363 1564 eorum

131 1611 222 1670 variis
256 1611 364 1671 seculis
396 1611 428 1670 in
460 1611 592 1671 doctrina
618 1617 649 1671 et
675 1611 841 1671 litterarum
870 1611 1111 1672 Germanicarum
1139 1612 1263 1672 historia
1289 1611 1362 1672 euri·

132 1725 264 1778 orienmt
297 1719 386 1796 Ipsae
408 1723 524 1795 gentes,
548 1737 586 1778 ex
609 1719 718 1797 quibus
741 1719 787 1777 illi
806 1720 862 1778 riri
880 1719 918 1778 ad
936 1737 991 1780 nos
1008 1720 1202 1794 transierunt,
1225 1719 1362 1796 lugentes

129 1827 191 1902 jam
223 1826 409 1904 perspiciunt
440 1826 559 1904 quantis
591 1831 621 1886 et
648 1845 737 1904 quarn
765 1827 903 1903 pretiosis
930 1825 1043 1903 ingenii
1071 1827 1222 1904 animique
1248 1826 1363 1886 viribus

131 1939 252 2010 propter
280 1933 386 1994 (iuriae
408 1933 557 1994 Romanae
583 1933 741 2010 imperium
769 1935 836 2012 (hoc
862 1933 942 1993 enim
971 1952 1088 2012 sempor
1114 1935 1146 1993 in
1173 1951 1262 1996 causa
1289 1933 1361 2012 erat)

133 2043 249 2101 orbatae
268 2041 417 2119 quondam
436 2041 554 2102 fuerint
587 2041 778 2117 Intellegent,
801 2041 937 2118 quamvis
951 2059 1092 2118 magnum
1107 2041 1238 2118 prolecto
1252 2041 1362 2100 bonum

133 2148 172 2206 sit
194 2148 371 2208 christianae
394 2149 462 2207 fidei
485 2149 598 2223 unitas,
622 2153 720 2208 mmen
739 2165 804 2208 eam
823 2148 967 2208 unitatem
984 2167 1085 2207 veram
1103 2165 1246 2208 essenon
1265 2164 1361 2225 posse,

133 2273 208 2332 quae
235 2255 294 2315 nisi
322 2261 403 2316 tanto
431 2256 575 2332 sanguine
602 2261 741 2333 tantaque
768 2255 979 2330 fraudulentia,
1007 2261 1088 2314 tanto
1115 2255 1244 2333 denique
1269 2255 1362 2314 animi

133 2369 250 2440 torpore
269 2363 428 2422 sustentari
447 2381 507 2422 non
526 2363 662 2440 potuerit
695 2361 923 2422 Laderchiorum
943 2369 973 2422 et
986 2361 1174 2422 Lazariorum
1188 2362 1361 2436 calumniae,

133 2487 171 2528 ox
189 2476 305 2546 torpore
322 2471 379 2530 isto
398 2476 497 2544 natae,
516 2470 673 2546 vilescent3
693 2487 807 2544 eorum,
821 2487 901 2547 ‚quos
920 2470 1029 2529 honore
1043 2469 1170 2547 spoliare
1184 2470 1361 2544 nitebantur,

132 2577 252 2636 nomina
275 2577 384 2653 majora
407 2595 536 2654 sempor,
559 2583 594 2636 ut
616 2577 711 2638 Italus
733 2577 785 2636 ille
808 2577 928 2652 cecinit,
952 2577 983 2636 in
1007 2577 1137 2636 virorum
1160 2595 1211 2636 ora
1234 2577 1361 2636 venient.

657 2840 758 2930 Caput
779 2841 837 2908 111.

241 3005 415 3086 Quicunque
438 3005 521 3068 illius
540 3007 632 3068 seculi
651 3009 759 3082 initiis,
782 3007 939 3068 manifesta
959 3005 1065 3068 Curiae
1082 3005 1232 3067 &manao
1250 3005 1361 3066 scelera

133 3121 162 3174 et
189 3121 356 3192 serpentem
383 3116 454 3176 inde
480 3116 512 3174 in
537 3133 640 3175 omncs
663 3115 805 3176 ecclesiae
827 3121 927 3192 partes
950 3114 1110 3192 perniciem
1133 3115 1296 3188 intuentes,
1324 3114 1361 3173 de

135 3223 263 3300 parando
281 3223 410 3282 remedio
428 3223 609 3300 cogitabant,
632 3223 654 3282 ii
673 3239 774 3282 omnes
793 3223 855 3282 lere
873 3239 949 3300 quae
968 3221 1157 3281 Constantine
1174 3239 1209 3280 ac
1227 3219 1361 3280 Basileus

133 3335 197 3389 acta
224 3330 371 3408 quendem
398 3335 481 3390 erant
508 3330 650 3391 recordati
679 3349 697 3390 a
724 3329 786 3389 solo
814 3329 915 3388 futuro
937 3347 1012 3388 novo
1037 3325 1169 3388 Concilio
1192 3327 1361 3388 Universali

134 3435 293 3498 christiano
320 3443 351 3496 et
377 3438 468 3498 libero
495 3443 643 3498 tantorum
671 3437 845 3496 damnorum
872 3437 1055 3496 sanationem
1081 3434 1246 3513 exspectari
1273 3451 1361 3512 poseo

134 3545 299 3604 censebant
354 3545 420 3604 Uno
456 3545 618 3624 eodemque
653 3563 732 3604 anno
768 3544 899 3606 Sorbona
935 3543 1113 3604 Parisiensis
1148 3548 1180 3603 et
1215 3542 1361 3602 Martinus

135 3651 282 3712 Lutherus
304 3669 322 3711 a
344 3651 499 3728 Pontifloe,
523 3653 634 3731 quippe
657 3651 709 3730 qui
732 3651 809 3711 mala
831 3651 955 3712 consilia
978 3655 1098 3711 secabis
1121 3655 1200 3711 esset
1221 3650 1258 3710 ad
1281 3651 1361 3709 lutu-

135 3777 199 3818 rum
226 3759 383 3820 consilinm
412 3759 668 3838 provocaverunt¹
713 3759 749 3820 Id
776 3765 810 3818 ut
832 3760 864 3818 in
888 3758 1071 3820 Germanicis
1093 3758 1180 3818 terris
1203 3774 1361 3834 cougrega-

135 3873 214 3925 retur
241 3867 364 3926 Carolus
393 3867 499 3928 Caesar
526 3873 556 3926 et
582 3867 784 3926 Fenlinaudus
811 3867 877 3926 Rex
903 3866 1011 3926 iterum
1038 3866 1204 3942 iterumque
1230 3863 1361 3942 postula·

136 3979 248 4033 verunt
280 3973 317 4032 In
339 3975 396 4034 hoo
418 3975 604 4035 convocando
626 3979 694 4052 post
716 3979 852 4033 exortum
876 3972 1005 4033 schisma
1022 3987 1086 4048 eos,
1110 3972 1162 4050 qni
1181 3971 1229 4030 vel
1246 3971 1283 4030 ab
1302 3989 1362 4031 una

136 4079 182 4140 vel
204 4081 241 4140 ab
263 4081 355 4141 altera
377 4087 460 4159 parte
483 4087 595 4142 stantes
617 4081 803 4141 concordiam
825 4079 960 4140 resarciri
982 4097 1071 4156 posse
1093 4079 1249 4156 putabant,
1276 4095 1361 4156 spem

136 4205 218 4246 suam
250 4189 386 4266 posuisse
417 4207 508 4266 supra
538 4187 772 4249 memoravimus.
822 4187 965 4248 Erasmus
996 4185 1107 4263 quique
1133 4203 1186 4263 per
1212 4185 1361 4262 Europam

135 4295 261 4372 dispersi
289 4295 338 4356 vel
364 4297 474 4374 pariter
501 4296 550 4358 vel
576 4295 715 4356 similiter
740 4299 829 4373 atque
851 4293 993 4354 Erasmus
1020 4293 1197 4368 sentiebant,
1224 4292 1362 4354 omnibus

241 4525 269 4592 4)
289 4523 421 4593 Koestlin,
442 4523 544 4578 Luthor
562 4523 587 4593 l,
607 4524 667 4577 233.
