3176 5064
235 293 270 348 36
769 290 857 346 Caror
874 290 924 345 111.

233 493 337 552 ficatio.
384 491 480 566 Qirare
512 492 584 551 haec
614 491 732 551 dicendi
763 491 851 566 ratio,
884 491 960 565 ,sola
987 491 1045 550 fide
1069 491 1225 568 justificari
1257 495 1473 568 peccatorem‘,

233 600 304 660 lieet
321 605 407 660 antea
425 598 559 659 consulto
579 599 689 658 omissa
707 599 759 674 sit,
782 603 884 676 postea
901 599 1011 658 diserte
1034 599 1184 676 probatur,
1207 599 1366 660 dummodo
1385 603 1473 658 recto

234 707 286 766 1110
310 725 399 767 sensu
422 706 584 784 accipiatur
606 711 636 766 et
654 723 708 766 suo
727 707 791 766 1000
810 707 842 765 in
860 707 1000 766 uniuerso
1018 707 1168 766 doetrinae
1186 707 1364 766 christianae
1383 725 1471 766 nexu

234 815 414 874 adhibeatur.
465 814 499 874 Id
520 814 600 874 euim
619 815 676 874 sibi
695 814 799 876 uolunt
822 815 894 874 haee
917 815 1018 874 verba:
1046 813 1118 890 ,Qui
1140 819 1238 874 autem
1261 815 1377 874 dieunt:
1402 815 1472 874 sola

233 923 292 981 fide
316 922 528 998 justificamur,
556 921 645 980 simul
673 923 787 980 tradere
815 923 924 981 dehent
950 922 1113 980 doctrinam
1141 922 1178 981 de
1200 922 1395 999 poenitentia,
1429 923 1471 981 de

233 1030 337 1088 timore
360 1029 429 1104 Dei,
453 1029 490 1088 de
511 1028 624 1105 judicio
647 1029 717 1104 Dei,
740 1029 778 1088 cle
801 1029 885 1088 bonis
908 1029 1059 1106 operibus,
1087 1033 1122 1088 ut
1148 1033 1210 1089 tota
1237 1047 1352 1088 summa
1381 1047 1470 1106 prae-

233 1137 388 1196 dicationis
411 1141 539 1212 constet,
564 1137 641 1197 siout
665 1136 803 1196 Christus
826 1135 937 1214 inquit:
966 1135 1169 1213 praedicantes
1197 1137 1408 1213 poenitentiam
1437 1143 1470 1196 et

232 1244 437 1305 remissionem
461 1244 704 1321 peccatorum‘in
726 1243 845 1303 nomine
868 1261 947 1318 meo,
971 1243 1073 1321 idque,
1097 1262 1135 1303 ne
1154 1244 1227 1304 haec
1244 1243 1386 1322 loquendi
1403 1244 1467 1304 ior·

233 1351 314 1411 mula
336 1352 434 1427 aliter,
459 1371 548 1430 quam
571 1353 755 1430 praedictum
778 1357 836 1427 est,
859 1351 1066 1431 intellegatur}
1113 1350 1145 1411 Si
1173 1351 1264 1426 igitur
1291 1369 1352 1410 non
1379 1351 1470 1410 aliter

233 1459 438 1534 intellegatur,
466 1465 545 1519 recte
572 1477 636 1520 eam
659 1460 804 1535 adhiberi,
832 1459 946 1536 liquido
974 1458 1152 1519 conceditur.
1198 1459 1353 1518 Praeterea
1374 1459 1469 1518 collo-

233 1571 358 1641 cutores
378 1567 554 1643 scripturam
575 1585 687 1626 sacram
707 1571 878 1644 sequenter,
901 1567 1091 1643 distinguunt
1109 1567 1187 1626 iuter
1201 1566 1348 1642 justitiam
1366 1567 1469 1644 impu-

233 1679 324 1732 tatam
343 1679 373 1732 01
392 1673 601 1749 inhaerentem,
623 1693 713 1752 quare
732 1675 826 1733 saneti
845 1679 944 1752 patres
960 1674 1116 1750 justificari
1136 1674 1224 1734 etiarn
1242 1692 1296 1751 pro
1315 1691 1361 1748 eo,
1385 1675 1469 1752 quod

233 1785 279 1840 est
298 1781 499 1841 inhaerentem
515 1782 663 1856 justitiam
680 1781 826 1859 accipere,
849 1781 1066 1858 usurpaverint.
1108 1781 1167 1841 Sed
1186 1782 1286 1841 statim
1304 1781 1467 1857 adjiciunt:

234 1887 359 1962 ,Tamen
381 1889 480 1948 anima
503 1888 600 1949 fidelis
624 1889 694 1948 hnic
715 1888 881 1948 inhaerenti
901 1887 1034 1963 justitiae
1062 1907 1122 1948 non
1149 1889 1299 1962 innititur,
1328 1889 1381 1948 sed
1408 1888 1466 1948 soli

230 1996 365 2072 justitiae
389 1996 499 2056 Christi
527 1996 611 2056 nobis
638 1997 776 2070 donatae,
804 1996 870 2054 sine
898 2013 956 2072 qua
984 1995 1103 2055 omnino
1130 1995 1215 2054 nulla
1241 2001 1287 2055 est
1314 2014 1370 2055 nec
1398 2014 1467 2055 esse

232 2108 330 2180 potest
354 2104 480 2180 justitia.
532 2104 571 2164 Et
598 2104 642 2164 sic
668 2104 726 2164 fide
754 2103 786 2162 in
810 2102 961 2162 Christum
987 2102 1185 2179 justificemur
1212 2121 1264 2161 seu
1293 2107 1468 2180 reputamur

229 2209 319 2286 justi,
346 2211 446 2272 idest
473 2211 600 2288 accepti,
627 2229 681 2288 per
707 2211 803 2288 ipsius
831 2210 948 2284 merita,
976 2229 1036 2270 non
1063 2215 1182 2288 propter
1209 2214 1340 2270 nostram
1367 2211 1466 2286 digni-

233 2322 323 2378 tatem
346 2323 398 2378 aut
421 2337 517 2396 opera.
568 2318 607 2378 Et
633 2323 753 2395 propter
780 2318 982 2378 inhaerentem
1007 2317 1155 2395 justitiam
1177 2335 1212 2376 eo
1232 2318 1307 2394 justi
1329 2317 1466 2390 dicimur,

233 2426 401 2504 quisquae
421 2426 503 2502 justa
526 2430 597 2486 sunt
620 2443 788 2502 operamus,
809 2425 896 2500 juxta
918 2425 995 2485 illud
1017 2425 1174 2486 iohannis:
1203 2425 1255 2502 qui
1284 2425 1357 2484 facit
1376 2425 1465 2502 justi-

233 2534 304 2593 tiam
325 2533 425 2608 justus
449 2536 511 2593 001.ι
558 2531 688 2610 Operum
711 2533 832 2593 meriti
850 2533 882 2592 in
904 2533 1041 2593 omnibus
1060 2533 1224 2593 conciliatis
1243 2532 1378 2592 articulis
1396 2549 1465 2592 con-

234 2640 312 2700 sulto
344 2639 427 2698 nulla
454 2640 564 2700 mentio
592 2641 670 2700 facta
696 2645 754 2715 est,
787 2641 818 2698 id
846 2639 925 2718 quod
949 2641 1132 2700 Contarenus
1160 2640 1192 2698 in
1219 2639 1346 2717 epistola
1374 2658 1465 2716 supra

233 2751 392 2806 memorata
414 2751 516 2806 contra
538 2747 740 2806 Romanenses
763 2748 906 2824 quosdam
929 2747 1085 2808 defendit.1

340 2853 421 2914 Haec
444 2854 553 2930 omnia,
577 2855 648 2914 licet
670 2855 707 2914 de
729 2854 797 2914 aliis
820 2855 898 2915 inter
920 2855 1106 2932 disputantes
1133 2873 1193 2914 non
1219 2855 1405 2930 convenerit,
1432 2855 1464 2914 in

233 2980 266 3022 re
292 2961 469 3038 gravissima
496 2962 652 3040 utriusque
679 2962 773 3039 partis
801 2962 986 3023 concordiam
1014 2962 1155 3022 exhibent
1177 2980 1237 3021 non
1260 2963 1389 3022 fucatam
1413 2963 1463 3022 sed

234 3070 391 3147 sinceram,
419 3088 458 3130 ex
485 3069 589 3130 intimo
616 3069 918 3147 praeclarissimorum
946 3070 1076 3130 virorum
1103 3069 1200 3129 animo
1228 3074 1258 3130 et
1285 3069 1464 3130 conscientia

233 3179 402 3256 proiectam.
436 3176 531 3252 Quam
548 3178 585 3238 ad
603 3196 666 3237 rem
684 3183 824 3255 tanquam
843 3177 1022 3255 praeclaram
1041 3182 1072 3237 et
1085 3182 1247 3238 memoratu
1260 3177 1462 3254 dignissimam

235 3285 416 3345 Christianos
440 3285 509 3345 inde
531 3286 567 3344 ab
590 3285 652 3344 illis
675 3286 856 3363 temporibus
880 3285 958 3345 inter
981 3303 1013 3344 re
1035 3285 1147 3346 divisos
1169 3284 1296 3345 libenter
1318 3285 1463 3362 respicere

233 3410 287 3469 par
310 3397 362 3452 est
408 3391 485 3451 Nam
508 3392 608 3468 ipsum
630 3398 852 3469 argumentum,
879 3393 917 3453 de
940 3411 998 3470 quo
1021 3393 1100 3452 inter
1126 3392 1194 3452 illos
1216 3392 1296 3453 viros
1319 3393 1462 3465 convenit,

234 3517 252 3556 a
278 3497 361 3557 nullo
388 3497 438 3574 pio
466 3498 626 3558 christiano
654 3499 784 3559 alienum
812 3504 870 3574 est,
904 3503 933 3559 et
961 3499 987 3560 si
1014 3500 1066 3559 alii
1088 3500 1156 3560 aliis
1179 3501 1216 3560 de
1243 3518 1277 3560 eo
1300 3499 1397 3559 verbis
1419 3498 1463 3558 uti

234 3604 360 3680 soleant,
393 3604 533 3664 nimirum
565 3602 659 3682 gratia
685 3611 716 3666 et
742 3607 942 3668 misericordia
965 3607 1021 3667 Dei
1049 3607 1114 3668 sins
1142 3607 1204 3668 ullo
1232 3611 1331 3667 nostro
1359 3606 1463 3666 merito

233 3713 266 3772 in
289 3711 406 3774 Christo
428 3711 513 3772 nobis
535 3713 616 3790 dota3
644 3713 733 3773 verba
756 3732 837 3790 vero,
870 3715 978 3793 quibus
1005 3714 1051 3773 illi
1083 3715 1139 3774 viri
1171 3715 1227 3775 hoc
1258 3717 1464 3791 argumentum

233 3825 416 3898 proponunt,
448 3821 485 3881 ab
513 3819 687 3880 indubitatis
714 3821 800 3880 Pauli
833 3823 959 3900 apostoli
987 3822 1106 3900 seriptis
1133 3823 1316 3882 exoriuntur.
1366 3821 1463 3882 Etiam

233 3929 355 3988 verbum
384 3927 487 4004 ,Sola‘,
516 3927 602 4004 cujus
630 3946 720 4006 supra
752 3930 932 3990 mentionem
964 3929 1102 4005 lecimus,
1135 3948 1174 3989 ex
1205 3947 1286 3989 nexu
1317 3929 1464 3990 notissimi

233 4035 291 4095 loci
323 4036 355 4094 in
382 4035 479 4112 capite
501 4035 587 4096 tertio
615 4035 653 4094 ad
676 4036 824 4096 Romanos
847 4037 1013 4098 necessario
1036 4037 1230 4097 concluditur.
1281 4034 1379 4110 Quare
1403 4037 1464 4114 jam

233 4141 375 4202 Erasmus
402 4142 535 4220 scripsit:
568 4142 650 4218 ,Vox
677 4143 767 4218 sola,
795 4147 839 4204 tot
866 4143 1043 4204 clamoribus
1070 4144 1200 4222 lapidata
1226 4145 1283 4205 hoc
1310 4143 1411 4204 seculo
1432 4145 1465 4203 in

233 4249 378 4324 Lutherc,
401 4254 569 4310 reverenter
586 4249 706 4310 auditur
723 4255 753 4310 et
771 4250 881 4328 legitur
898 4251 930 4310 in
943 4251 1120 4311 Patribus‘²
1168 4251 1263 4311 Imrno
1281 4251 1362 4328 apud
1384 4251 1465 4329 ipsos

342 4407 368 4474 1)
387 4405 433 4459 111.
453 4405 563 4475 Brisger
582 4407 615 4460 de
634 4405 763 4462 formulae
782 4409 935 4463 concordiae
953 4408 1153 4464 Ratisbonensis
1171 4407 1271 4478 origine
1289 4409 1316 4460 et
1334 4406 1428 4461 indole.

340 4493 368 4560 2)
387 4495 419 4547 01.
439 4494 499 4547 Joh.
519 4495 638 4550 Gerherd
656 4495 707 4550 loci
725 4497 805 4552 theol.
825 4497 918 4566 XVII,
939 4499 968 4566 3,
988 4500 1017 4566 ὃς
1036 4499 1078 4552 od.
1098 4498 1174 4553 Cotta
1192 4500 1255 4552 tom.
1275 4497 1343 4564 Vll,
1363 4513 1387 4565 p.
1403 4497 1463 4550 217.

235 4580 287 4634 Ubi
306 4584 333 4632 01
351 4581 410 4634 loca
429 4599 510 4650 supra
528 4583 635 4638 laudata
653 4588 680 4638 ct
698 4585 750 4638 alia
768 4585 865 4639 similia
883 4585 1061 4640 inveniuntur.
