<?xml version="1.0" encoding="UTF-8"?>
<!DOCTYPE html PUBLIC "-//W3C//DTD XHTML 1.0 Transitional//EN"
    "http://www.w3.org/TR/xhtml1/DTD/xhtml1-transitional.dtd">
<html xmlns="http://www.w3.org/1999/xhtml" xml:lang="en" lang="en">
 <head>
  <title>
</title>
<meta http-equiv="Content-Type" content="text/html;charset=utf-8" />
  <meta name='ocr-system' content='tesseract 3.04.00' />
  <meta name='ocr-capabilities' content='ocr_page ocr_carea ocr_par ocr_line ocrx_word'/>
</head>
<body>
  <div class='ocr_page' id='page_1' title='image "./erasmusredivivu00schlgoog_0517.png"; bbox 0 0 3194 5042; ppageno 0'>
   <div class='ocr_carea' id='block_1_1' title="bbox 242 333 924 393">
    <p class='ocr_par' dir='ltr' id='par_1_1' title="bbox 242 333 924 393">
     <span class='ocr_line' id='line_1_1' title="bbox 242 333 924 393; baseline -0.006 -1"><span class='ocrx_word' id='word_1_1' title='bbox 242 339 294 393; x_wconf 88' lang='grc'><strong>136</strong></span> <span class='ocrx_word' id='word_1_2' title='bbox 785 333 873 388; x_wconf 79' lang='lat' dir='ltr'><strong>Carur</strong></span> <span class='ocrx_word' id='word_1_3' title='bbox 891 333 924 388; x_wconf 86' lang='lat' dir='ltr'><strong>V.</strong></span> 
     </span>
    </p>
   </div>
   <div class='ocr_carea' id='block_1_2' title="bbox 240 429 1476 440">
    <p class='ocr_par' dir='ltr' id='par_1_2' title="bbox 240 429 1476 440">
     <span class='ocr_line' id='line_1_2' title="bbox 240 429 1476 440; baseline -0.003 0"><span class='ocrx_word' id='word_1_4' title='bbox 240 433 376 440; x_wconf 64' lang='lat'><strong>--—-·.--</strong></span> <span class='ocrx_word' id='word_1_5' title='bbox 391 433 407 439; x_wconf 82' lang='grc'><strong>.-</strong></span> <span class='ocrx_word' id='word_1_6' title='bbox 418 431 723 440; x_wconf 75' lang='lat' dir='ltr'><em>-—-————n-.---</em></span> <span class='ocrx_word' id='word_1_7' title='bbox 952 429 1129 436; x_wconf 73' lang='lat'><strong>0------——</strong></span> <span class='ocrx_word' id='word_1_8' title='bbox 1140 429 1476 436; x_wconf 68' lang='lat'><em>--—-————-</em></span> 
     </span>
    </p>
   </div>
   <div class='ocr_carea' id='block_1_3' title="bbox 561 529 1128 870">
    <p class='ocr_par' dir='ltr' id='par_1_3' title="bbox 561 529 1128 870">
     <span class='ocr_line' id='line_1_3' title="bbox 561 529 1128 602; baseline -0.004 -14"><span class='ocrx_word' id='word_1_9' title='bbox 561 533 623 588; x_wconf 89' lang='lat' dir='ltr'><strong>Non</strong></span> <span class='ocrx_word' id='word_1_10' title='bbox 641 547 747 602; x_wconf 89' lang='lat' dir='ltr'><strong>semper</strong></span> <span class='ocrx_word' id='word_1_11' title='bbox 765 535 841 586; x_wconf 85' lang='lat' dir='ltr'><strong>extra</strong></span> <span class='ocrx_word' id='word_1_12' title='bbox 858 532 929 602; x_wconf 91' lang='lat' dir='ltr'><strong>quod</strong></span> <span class='ocrx_word' id='word_1_13' title='bbox 948 529 1033 586; x_wconf 85' lang='lat' dir='ltr'><strong>radiat</strong></span> <span class='ocrx_word' id='word_1_14' title='bbox 1047 531 1128 601; x_wconf 85' lang='lat' dir='ltr'><strong>jubar</strong></span> 
     </span>
     <span class='ocr_line' id='line_1_4' title="bbox 562 621 1113 693; baseline -0.002 -16"><span class='ocrx_word' id='word_1_15' title='bbox 562 622 730 693; x_wconf 88' lang='lat' dir='ltr'><strong>Splendesoit</strong></span> <span class='ocrx_word' id='word_1_16' title='bbox 746 621 828 676; x_wconf 89' lang='lat' dir='ltr'><strong>intra:</strong></span> <span class='ocrx_word' id='word_1_17' title='bbox 847 621 1005 692; x_wconf 78' lang='lat' dir='ltr'><strong>respicimus</strong></span> <span class='ocrx_word' id='word_1_18' title='bbox 1024 621 1113 693; x_wconf 89' lang='lat' dir='ltr'><strong>nigras</strong></span> 
     </span>
     <span class='ocr_line' id='line_1_5' title="bbox 596 711 1064 782; baseline -0.002 -15"><span class='ocrx_word' id='word_1_19' title='bbox 596 712 628 768; x_wconf 91' lang='lat' dir='ltr'><strong>In</strong></span> <span class='ocrx_word' id='word_1_20' title='bbox 647 711 702 767; x_wconf 87' lang='lat' dir='ltr'><strong>sole</strong></span> <span class='ocrx_word' id='word_1_21' title='bbox 721 711 793 782; x_wconf 87' lang='lat' dir='ltr'><strong>(quis</strong></span> <span class='ocrx_word' id='word_1_22' title='bbox 812 711 931 780; x_wconf 73' lang='lat' dir='ltr'><strong>credatl)</strong></span> <span class='ocrx_word' id='word_1_23' title='bbox 950 714 1064 766; x_wconf 88' lang='lat' dir='ltr'><strong>retectas</strong></span> 
     </span>
     <span class='ocr_line' id='line_1_6' title="bbox 633 800 1025 870; baseline -0.005 -14"><span class='ocrx_word' id='word_1_24' title='bbox 633 804 698 856; x_wconf 82' lang='lat' dir='ltr'><strong>Arte</strong></span> <span class='ocrx_word' id='word_1_25' title='bbox 717 804 775 870; x_wconf 77' lang='lat' dir='ltr'><strong>tura,</strong></span> <span class='ocrx_word' id='word_1_26' title='bbox 795 801 924 870; x_wconf 82' lang='lat' dir='ltr'><strong>Galilaea,</strong></span> <span class='ocrx_word' id='word_1_27' title='bbox 943 800 1025 856; x_wconf 88' lang='lat' dir='ltr'><strong>labes.</strong></span> 
     </span>
    </p>
   </div>
   <div class='ocr_carea' id='block_1_4' title="bbox 197 901 1480 3894">
    <p class='ocr_par' dir='ltr' id='par_1_4' title="bbox 197 901 1480 1424">
     <span class='ocr_line' id='line_1_7' title="bbox 197 901 1478 994; baseline -0.002 -16"><span class='ocrx_word' id='word_1_28' title='bbox 197 917 202 928; x_wconf 87' lang='grc'><em>’</em></span> <span class='ocrx_word' id='word_1_29' title='bbox 241 917 356 978; x_wconf 82' lang='lat' dir='ltr'>Ibidem</span> <span class='ocrx_word' id='word_1_30' title='bbox 392 916 499 976; x_wconf 91' lang='lat' dir='ltr'><strong>deinde</strong></span> <span class='ocrx_word' id='word_1_31' title='bbox 536 915 730 992; x_wconf 89' lang='lat' dir='ltr'><strong>‚perniciosae</strong></span> <span class='ocrx_word' id='word_1_32' title='bbox 761 913 951 974; x_wconf 87' lang='lat' dir='ltr'><strong>adulationis‘</strong></span> <span class='ocrx_word' id='word_1_33' title='bbox 983 932 1144 990; x_wconf 89' lang='lat' dir='ltr'><strong>venenum,</strong></span> <span class='ocrx_word' id='word_1_34' title='bbox 1181 901 1315 973; x_wconf 80' lang='lat' dir='ltr'><strong>ardarum</strong></span> <span class='ocrx_word' id='word_1_35' title='bbox 1349 919 1478 994; x_wconf 66' lang='lat' dir='ltr'><strong>pestem,</strong></span> 
     </span>
     <span class='ocr_line' id='line_1_8' title="bbox 242 1021 1479 1102; baseline -0.002 -18"><span class='ocrx_word' id='word_1_36' title='bbox 242 1025 382 1102; x_wconf 85' lang='lat' dir='ltr'><strong>graphice</strong></span> <span class='ocrx_word' id='word_1_37' title='bbox 405 1023 582 1101; x_wconf 81' lang='lat' dir='ltr'>depingens:</span> <span class='ocrx_word' id='word_1_38' title='bbox 611 1022 739 1100; x_wconf 82' lang='lat' dir='ltr'><strong>,Fugit‘,</strong></span> <span class='ocrx_word' id='word_1_39' title='bbox 768 1021 877 1100; x_wconf 88' lang='lat' dir='ltr'><strong>inquit,</strong></span> <span class='ocrx_word' id='word_1_40' title='bbox 902 1027 1069 1100; x_wconf 87' lang='lat' dir='ltr'><strong>,potentum</strong></span> <span class='ocrx_word' id='word_1_41' title='bbox 1091 1021 1196 1081; x_wconf 90' lang='lat' dir='ltr'><strong>limina</strong></span> <span class='ocrx_word' id='word_1_42' title='bbox 1216 1022 1340 1096; x_wconf 89' lang='lat' dir='ltr'><strong>veritas,</strong></span> <span class='ocrx_word' id='word_1_43' title='bbox 1369 1041 1479 1100; x_wconf 87' lang='lat' dir='ltr'><strong>quam·</strong></span> 
     </span>
     <span class='ocr_line' id='line_1_9' title="bbox 242 1128 1479 1210; baseline 0 -20"><span class='ocrx_word' id='word_1_44' title='bbox 242 1150 331 1210; x_wconf 91' lang='lat' dir='ltr'><strong>quam</strong></span> <span class='ocrx_word' id='word_1_45' title='bbox 360 1130 466 1190; x_wconf 91' lang='lat' dir='ltr'><strong>salutis</strong></span> <span class='ocrx_word' id='word_1_46' title='bbox 493 1129 618 1189; x_wconf 87' lang='lat' dir='ltr'><strong>nuntia‘.</strong></span> <span class='ocrx_word' id='word_1_47' title='bbox 669 1129 708 1190; x_wconf 82' lang='lat' dir='ltr'><strong>Et</strong></span> <span class='ocrx_word' id='word_1_48' title='bbox 735 1129 881 1208; x_wconf 92' lang='lat' dir='ltr'><strong>quomodo</strong></span> <span class='ocrx_word' id='word_1_49' title='bbox 908 1128 1025 1205; x_wconf 91' lang='lat' dir='ltr'><strong>,lingua</strong></span> <span class='ocrx_word' id='word_1_50' title='bbox 1052 1129 1212 1204; x_wconf 83' lang='lat' dir='ltr'>adulatrix,</span> <span class='ocrx_word' id='word_1_51' title='bbox 1241 1130 1324 1189; x_wconf 85' lang='lat' dir='ltr'><strong>lavor</strong></span> <span class='ocrx_word' id='word_1_52' title='bbox 1353 1131 1479 1190; x_wconf 88' lang='lat' dir='ltr'><strong>stillans</strong></span> 
     </span>
     <span class='ocr_line' id='line_1_10' title="bbox 242 1236 1480 1314; baseline 0.001 -18"><span class='ocrx_word' id='word_1_53' title='bbox 242 1257 355 1300; x_wconf 88' lang='lat' dir='ltr'><strong>veneno</strong></span> <span class='ocrx_word' id='word_1_54' title='bbox 378 1237 430 1297; x_wconf 92' lang='lat' dir='ltr'><strong>illo</strong></span> <span class='ocrx_word' id='word_1_55' title='bbox 453 1237 601 1312; x_wconf 89' lang='lat' dir='ltr'><strong>madidos,</strong></span> <span class='ocrx_word' id='word_1_56' title='bbox 625 1243 655 1296; x_wconf 92' lang='lat' dir='ltr'><strong>et</strong></span> <span class='ocrx_word' id='word_1_57' title='bbox 677 1236 804 1314; x_wconf 71' lang='lat' dir='ltr'><strong>plaaaat,</strong></span> <span class='ocrx_word' id='word_1_58' title='bbox 827 1241 858 1296; x_wconf 90' lang='lat' dir='ltr'><strong>et</strong></span> <span class='ocrx_word' id='word_1_59' title='bbox 879 1239 1008 1312; x_wconf 86' lang='lat' dir='ltr'><strong>noceat‘,</strong></span> <span class='ocrx_word' id='word_1_60' title='bbox 1037 1236 1115 1296; x_wconf 90' lang='lat' dir='ltr'><strong>vivis</strong></span> <span class='ocrx_word' id='word_1_61' title='bbox 1137 1236 1284 1296; x_wconf 89' lang='lat' dir='ltr'><strong>coloribus</strong></span> <span class='ocrx_word' id='word_1_62' title='bbox 1307 1237 1480 1314; x_wconf 87' lang='lat' dir='ltr'><strong>legentium</strong></span> 
     </span>
     <span class='ocr_line' id='line_1_11' title="bbox 233 1345 585 1424; baseline -0.009 -18"><span class='ocrx_word' id='word_1_63' title='bbox 233 1347 340 1406; x_wconf 67' lang='lat' dir='ltr'><strong>&#39;animo</strong></span> <span class='ocrx_word' id='word_1_64' title='bbox 362 1345 585 1424; x_wconf 86' lang='lat' dir='ltr'><strong>repraesentat.¹</strong></span> 
     </span>
    </p>

    <p class='ocr_par' dir='ltr' id='par_1_5' title="bbox 239 1452 1478 3894">
     <span class='ocr_line' id='line_1_12' title="bbox 349 1452 1478 1532; baseline -0.001 -19"><span class='ocrx_word' id='word_1_65' title='bbox 349 1455 488 1513; x_wconf 76' lang='lat' dir='ltr'><strong>Attamen</strong></span> <span class='ocrx_word' id='word_1_66' title='bbox 511 1453 563 1532; x_wconf 91' lang='lat' dir='ltr'><strong>qui</strong></span> <span class='ocrx_word' id='word_1_67' title='bbox 585 1454 658 1514; x_wconf 88' lang='lat' dir='ltr'><strong>haec</strong></span> <span class='ocrx_word' id='word_1_68' title='bbox 681 1457 710 1512; x_wconf 89' lang='lat' dir='ltr'><strong>et</strong></span> <span class='ocrx_word' id='word_1_69' title='bbox 733 1453 827 1512; x_wconf 90' lang='lat' dir='ltr'><strong>multa</strong></span> <span class='ocrx_word' id='word_1_70' title='bbox 850 1452 960 1512; x_wconf 85' lang='lat' dir='ltr'><strong>similia</strong></span> <span class='ocrx_word' id='word_1_71' title='bbox 982 1452 1059 1512; x_wconf 88' lang='lat' dir='ltr'><strong>seria</strong></span> <span class='ocrx_word' id='word_1_72' title='bbox 1081 1452 1242 1531; x_wconf 80' lang='lat' dir='ltr'><strong>quondam,</strong></span> <span class='ocrx_word' id='word_1_73' title='bbox 1265 1459 1300 1512; x_wconf 92' lang='lat' dir='ltr'><strong>ut</strong></span> <span class='ocrx_word' id='word_1_74' title='bbox 1321 1459 1478 1530; x_wconf 85' lang='lat' dir='ltr'><strong>putamus,</strong></span> 
     </span>
     <span class='ocr_line' id='line_1_13' title="bbox 243 1560 1478 1640; baseline 0 -20"><span class='ocrx_word' id='word_1_75' title='bbox 243 1562 496 1640; x_wconf 78' lang='lat' dir='ltr'><strong>pronuntiaverat,</strong></span> <span class='ocrx_word' id='word_1_76' title='bbox 529 1560 608 1620; x_wconf 89' lang='lat' dir='ltr'><strong>idem</strong></span> <span class='ocrx_word' id='word_1_77' title='bbox 639 1560 698 1634; x_wconf 90' lang='lat' dir='ltr'><strong>vir,</strong></span> <span class='ocrx_word' id='word_1_78' title='bbox 730 1564 888 1638; x_wconf 82' lang='lat' dir='ltr'><strong>postquam</strong></span> <span class='ocrx_word' id='word_1_79' title='bbox 915 1578 968 1637; x_wconf 93' lang='lat' dir='ltr'><strong>pro</strong></span> <span class='ocrx_word' id='word_1_80' title='bbox 996 1560 1076 1620; x_wconf 91' lang='lat' dir='ltr'><strong>Petri</strong></span> <span class='ocrx_word' id='word_1_81' title='bbox 1105 1579 1274 1620; x_wconf 88' lang='lat' dir='ltr'><strong>successore</strong></span> <span class='ocrx_word' id='word_1_82' title='bbox 1301 1566 1331 1620; x_wconf 89' lang='lat' dir='ltr'><strong>et</strong></span> <span class='ocrx_word' id='word_1_83' title='bbox 1361 1561 1478 1621; x_wconf 85' lang='lat' dir='ltr'><strong>Christi</strong></span> 
     </span>
     <span class='ocr_line' id='line_1_14' title="bbox 243 1667 1477 1746; baseline 0 -18"><span class='ocrx_word' id='word_1_84' title='bbox 243 1669 351 1729; x_wconf 86' lang='lat' dir='ltr'><strong>vicario</strong></span> <span class='ocrx_word' id='word_1_85' title='bbox 379 1668 479 1728; x_wconf 89' lang='lat' dir='ltr'><strong>haberi</strong></span> <span class='ocrx_word' id='word_1_86' title='bbox 507 1673 629 1745; x_wconf 85' lang='lat' dir='ltr'><strong>coeptus</strong></span> <span class='ocrx_word' id='word_1_87' title='bbox 656 1673 714 1742; x_wconf 90' lang='lat' dir='ltr'><strong>cst,</strong></span> <span class='ocrx_word' id='word_1_88' title='bbox 741 1667 818 1726; x_wconf 92' lang='lat' dir='ltr'><strong>nihil</strong></span> <span class='ocrx_word' id='word_1_89' title='bbox 846 1668 953 1744; x_wconf 91' lang='lat' dir='ltr'><strong>magis,</strong></span> <span class='ocrx_word' id='word_1_90' title='bbox 981 1687 1071 1746; x_wconf 88' lang='lat' dir='ltr'><strong>quam</strong></span> <span class='ocrx_word' id='word_1_91' title='bbox 1098 1669 1281 1728; x_wconf 90' lang='lat' dir='ltr'><strong>mundanum</strong></span> <span class='ocrx_word' id='word_1_92' title='bbox 1303 1673 1334 1728; x_wconf 90' lang='lat' dir='ltr'><strong>et</strong></span> <span class='ocrx_word' id='word_1_93' title='bbox 1357 1669 1477 1746; x_wconf 84' lang='lat' dir='ltr'><strong>regium</strong></span> 
     </span>
     <span class='ocr_line' id='line_1_15' title="bbox 243 1775 1478 1854; baseline 0 -18"><span class='ocrx_word' id='word_1_94' title='bbox 243 1777 430 1854; x_wconf 83' lang='lat' dir='ltr'><strong>splendorem</strong></span> <span class='ocrx_word' id='word_1_95' title='bbox 456 1775 611 1835; x_wconf 79' lang='lat' dir='ltr'><strong>affectavit</strong></span> <span class='ocrx_word' id='word_1_96' title='bbox 657 1775 694 1834; x_wconf 91' lang='lat' dir='ltr'><strong>ln</strong></span> <span class='ocrx_word' id='word_1_97' title='bbox 720 1775 802 1835; x_wconf 89' lang='lat' dir='ltr'><strong>bunc</strong></span> <span class='ocrx_word' id='word_1_98' title='bbox 829 1775 918 1835; x_wconf 87' lang='lat' dir='ltr'><strong>finem</strong></span> <span class='ocrx_word' id='word_1_99' title='bbox 946 1780 976 1835; x_wconf 92' lang='lat' dir='ltr'><strong>et</strong></span> <span class='ocrx_word' id='word_1_100' title='bbox 1003 1777 1075 1836; x_wconf 89' lang='lat' dir='ltr'><strong>satis</strong></span> <span class='ocrx_word' id='word_1_101' title='bbox 1103 1776 1201 1836; x_wconf 91' lang='lat' dir='ltr'><strong>dubiis</strong></span> <span class='ocrx_word' id='word_1_102' title='bbox 1230 1775 1369 1854; x_wconf 88' lang='lat' dir='ltr'><strong>politicae</strong></span> <span class='ocrx_word' id='word_1_103' title='bbox 1390 1777 1478 1836; x_wconf 84' lang='lat' dir='ltr'><strong>celli-</strong></span> 
     </span>
     <span class='ocr_line' id='line_1_16' title="bbox 242 1883 1477 1960; baseline 0 -17"><span class='ocrx_word' id='word_1_104' title='bbox 242 1884 343 1943; x_wconf 87' lang='lat' dir='ltr'><strong>ditatis</strong></span> <span class='ocrx_word' id='word_1_105' title='bbox 365 1883 478 1942; x_wconf 85' lang='lat' dir='ltr'><strong>artibus</strong></span> <span class='ocrx_word' id='word_1_106' title='bbox 501 1900 574 1942; x_wconf 89' lang='lat' dir='ltr'><strong>usus</strong></span> <span class='ocrx_word' id='word_1_107' title='bbox 597 1887 655 1957; x_wconf 90' lang='lat' dir='ltr'><strong>est,</strong></span> <span class='ocrx_word' id='word_1_108' title='bbox 682 1886 712 1942; x_wconf 89' lang='lat' dir='ltr'><strong>et</strong></span> <span class='ocrx_word' id='word_1_109' title='bbox 734 1885 882 1959; x_wconf 82' lang='lat' dir='ltr'><strong>congestis</strong></span> <span class='ocrx_word' id='word_1_110' title='bbox 905 1883 1066 1958; x_wconf 84' lang='lat' dir='ltr'><strong>thesauris,</strong></span> <span class='ocrx_word' id='word_1_111' title='bbox 1089 1884 1199 1960; x_wconf 88' lang='lat' dir='ltr'><strong>paratis</strong></span> <span class='ocrx_word' id='word_1_112' title='bbox 1220 1883 1324 1958; x_wconf 89' lang='lat' dir='ltr'><strong>armis,</strong></span> <span class='ocrx_word' id='word_1_113' title='bbox 1347 1884 1477 1944; x_wconf 88' lang='lat' dir='ltr'><strong>munitis</strong></span> 
     </span>
     <span class='ocr_line' id='line_1_17' title="bbox 242 1989 1476 2068; baseline 0 -18"><span class='ocrx_word' id='word_1_114' title='bbox 242 1991 364 2051; x_wconf 91' lang='lat' dir='ltr'><strong>urbibus</strong></span> <span class='ocrx_word' id='word_1_115' title='bbox 392 1990 582 2068; x_wconf 80' lang='lat' dir='ltr'><strong>castellisque</strong></span> <span class='ocrx_word' id='word_1_116' title='bbox 604 2008 673 2050; x_wconf 91' lang='lat' dir='ltr'><strong>cum</strong></span> <span class='ocrx_word' id='word_1_117' title='bbox 697 1990 879 2051; x_wconf 84' lang='lat' dir='ltr'><strong>secularibus</strong></span> <span class='ocrx_word' id='word_1_118' title='bbox 901 1990 1086 2068; x_wconf 90' lang='lat' dir='ltr'><strong>principibus</strong></span> <span class='ocrx_word' id='word_1_119' title='bbox 1109 1989 1238 2050; x_wconf 84' lang='lat' dir='ltr'><strong>certavit.</strong></span> <span class='ocrx_word' id='word_1_120' title='bbox 1284 1989 1321 2049; x_wconf 91' lang='lat' dir='ltr'><strong>In</strong></span> <span class='ocrx_word' id='word_1_121' title='bbox 1343 1991 1476 2050; x_wconf 89' lang='lat' dir='ltr'><strong>eundem</strong></span> 
     </span>
     <span class='ocr_line' id='line_1_18' title="bbox 242 2096 1475 2188; baseline 0 -31"><span class='ocrx_word' id='word_1_122' title='bbox 242 2099 331 2159; x_wconf 89' lang='lat' dir='ltr'><strong>finem</strong></span> <span class='ocrx_word' id='word_1_123' title='bbox 351 2098 389 2158; x_wconf 92' lang='lat' dir='ltr'><strong>iis</strong></span> <span class='ocrx_word' id='word_1_124' title='bbox 407 2097 507 2173; x_wconf 88' lang='lat' dir='ltr'><strong>annis,</strong></span> <span class='ocrx_word' id='word_1_125' title='bbox 526 2097 633 2176; x_wconf 91' lang='lat' dir='ltr'><strong>quibus</strong></span> <span class='ocrx_word' id='word_1_126' title='bbox 653 2097 689 2157; x_wconf 95' lang='lat' dir='ltr'><strong>de</strong></span> <span class='ocrx_word' id='word_1_127' title='bbox 708 2097 904 2188; x_wconf 82' lang='lat' dir='ltr'><strong>imprimendo</strong></span> <span class='ocrx_word' id='word_1_128' title='bbox 923 2102 953 2156; x_wconf 89' lang='lat' dir='ltr'><strong>et</strong></span> <span class='ocrx_word' id='word_1_129' title='bbox 966 2097 1079 2156; x_wconf 92' lang='lat' dir='ltr'><strong>edendo</strong></span> <span class='ocrx_word' id='word_1_130' title='bbox 1095 2096 1219 2158; x_wconf 85' lang='lat' dir='ltr'><strong>Galilaei</strong></span> <span class='ocrx_word' id='word_1_131' title='bbox 1233 2097 1308 2156; x_wconf 90' lang='lat' dir='ltr'><strong>libro</strong></span> <span class='ocrx_word' id='word_1_132' title='bbox 1322 2098 1475 2174; x_wconf 79' lang='lat' dir='ltr'><strong>agebatrrr,</strong></span> 
     </span>
     <span class='ocr_line' id='line_1_19' title="bbox 242 2203 1476 2284; baseline -0.001 -19"><span class='ocrx_word' id='word_1_133' title='bbox 242 2206 357 2283; x_wconf 85' lang='lat' dir='ltr'><strong>ingenti</strong></span> <span class='ocrx_word' id='word_1_134' title='bbox 379 2206 552 2266; x_wconf 83' lang='lat' dir='ltr'><strong>Austriacae</strong></span> <span class='ocrx_word' id='word_1_135' title='bbox 574 2207 679 2266; x_wconf 87' lang='lat' dir='ltr'><strong>domus</strong></span> <span class='ocrx_word' id='word_1_136' title='bbox 703 2209 733 2264; x_wconf 88' lang='lat' dir='ltr'><strong>et</strong></span> <span class='ocrx_word' id='word_1_137' title='bbox 751 2205 963 2264; x_wconf 90' lang='lat' dir='ltr'><strong>Borboniorum</strong></span> <span class='ocrx_word' id='word_1_138' title='bbox 981 2223 1112 2282; x_wconf 88' lang='lat' dir='ltr'><strong>pugnae,</strong></span> <span class='ocrx_word' id='word_1_139' title='bbox 1135 2203 1302 2264; x_wconf 90' lang='lat' dir='ltr'><strong>universam</strong></span> <span class='ocrx_word' id='word_1_140' title='bbox 1322 2203 1476 2284; x_wconf 82' lang='lat' dir='ltr'><strong>Europam</strong></span> 
     </span>
     <span class='ocr_line' id='line_1_20' title="bbox 242 2311 1476 2392; baseline -0.001 -19"><span class='ocrx_word' id='word_1_141' title='bbox 242 2314 439 2392; x_wconf 82' lang='lat' dir='ltr'><strong>perturbasti,</strong></span> <span class='ocrx_word' id='word_1_142' title='bbox 462 2314 505 2373; x_wconf 88' lang='lat' dir='ltr'><strong>ita</strong></span> <span class='ocrx_word' id='word_1_143' title='bbox 528 2331 560 2373; x_wconf 89' lang='lat' dir='ltr'><strong>se</strong></span> <span class='ocrx_word' id='word_1_144' title='bbox 581 2313 749 2372; x_wconf 84' lang='lat' dir='ltr'><strong>immiscere</strong></span> <span class='ocrx_word' id='word_1_145' title='bbox 766 2311 850 2372; x_wconf 90' lang='lat' dir='ltr'><strong>visus</strong></span> <span class='ocrx_word' id='word_1_146' title='bbox 868 2317 926 2388; x_wconf 89' lang='lat' dir='ltr'><strong>est,</strong></span> <span class='ocrx_word' id='word_1_147' title='bbox 949 2315 984 2371; x_wconf 93' lang='lat' dir='ltr'><strong>ut</strong></span> <span class='ocrx_word' id='word_1_148' title='bbox 1002 2329 1055 2372; x_wconf 95' lang='lat' dir='ltr'><strong>suo</strong></span> <span class='ocrx_word' id='word_1_149' title='bbox 1074 2316 1188 2371; x_wconf 75' lang='lat' dir='ltr'><strong>tannim</strong></span> <span class='ocrx_word' id='word_1_150' title='bbox 1207 2312 1360 2372; x_wconf 89' lang='lat' dir='ltr'><strong>commodo</strong></span> <span class='ocrx_word' id='word_1_151' title='bbox 1379 2313 1476 2372; x_wconf 88' lang='lat' dir='ltr'><strong>inser·</strong></span> 
     </span>
     <span class='ocr_line' id='line_1_21' title="bbox 241 2419 1475 2498; baseline 0 -18"><span class='ocrx_word' id='word_1_152' title='bbox 241 2421 330 2496; x_wconf 88' lang='lat' dir='ltr'><strong>viret,</strong></span> <span class='ocrx_word' id='word_1_153' title='bbox 354 2439 445 2498; x_wconf 89' lang='lat' dir='ltr'><strong>quare</strong></span> <span class='ocrx_word' id='word_1_154' title='bbox 467 2419 643 2498; x_wconf 82' lang='lat' dir='ltr'><strong>Hispanico,</strong></span> <span class='ocrx_word' id='word_1_155' title='bbox 671 2420 709 2479; x_wconf 91' lang='lat' dir='ltr'><strong>de</strong></span> <span class='ocrx_word' id='word_1_156' title='bbox 731 2437 789 2497; x_wconf 90' lang='lat' dir='ltr'><strong>qua</strong></span> <span class='ocrx_word' id='word_1_157' title='bbox 812 2419 1069 2496; x_wconf 81' lang='lat' dir='ltr'><strong>supradiximus,</strong></span> <span class='ocrx_word' id='word_1_158' title='bbox 1097 2437 1166 2496; x_wconf 89' lang='lat' dir='ltr'><strong>pars</strong></span> <span class='ocrx_word' id='word_1_159' title='bbox 1188 2419 1316 2497; x_wconf 86' lang='lat' dir='ltr'><strong>neglecti</strong></span> <span class='ocrx_word' id='word_1_160' title='bbox 1338 2421 1475 2480; x_wconf 88' lang='lat' dir='ltr'><strong>muneris</strong></span> 
     </span>
     <span class='ocr_line' id='line_1_22' title="bbox 242 2525 1475 2606; baseline 0.001 -19"><span class='ocrx_word' id='word_1_161' title='bbox 242 2528 387 2606; x_wconf 85' lang='lat' dir='ltr'><strong>pontificii</strong></span> <span class='ocrx_word' id='word_1_162' title='bbox 414 2545 483 2587; x_wconf 93' lang='lat' dir='ltr'><strong>eum</strong></span> <span class='ocrx_word' id='word_1_163' title='bbox 509 2527 658 2588; x_wconf 85' lang='lat' dir='ltr'><strong>accusavit</strong></span> <span class='ocrx_word' id='word_1_164' title='bbox 685 2532 715 2586; x_wconf 92' lang='lat' dir='ltr'><strong>et</strong></span> <span class='ocrx_word' id='word_1_165' title='bbox 741 2527 778 2586; x_wconf 90' lang='lat' dir='ltr'><strong>de</strong></span> <span class='ocrx_word' id='word_1_166' title='bbox 802 2525 934 2587; x_wconf 80' lang='lat' dir='ltr'><strong>Concilio</strong></span> <span class='ocrx_word' id='word_1_167' title='bbox 961 2525 1122 2586; x_wconf 89' lang='lat' dir='ltr'><strong>universali</strong></span> <span class='ocrx_word' id='word_1_168' title='bbox 1150 2533 1251 2587; x_wconf 87' lang='lat' dir='ltr'><strong>contra</strong></span> <span class='ocrx_word' id='word_1_169' title='bbox 1273 2545 1342 2587; x_wconf 91' lang='lat' dir='ltr'><strong>eum</strong></span> <span class='ocrx_word' id='word_1_170' title='bbox 1365 2547 1475 2588; x_wconf 89' lang='lat' dir='ltr'><strong>convo-</strong></span> 
     </span>
     <span class='ocr_line' id='line_1_23' title="bbox 242 2633 1474 2712; baseline 0.002 -19"><span class='ocrx_word' id='word_1_171' title='bbox 242 2634 335 2694; x_wconf 88' lang='lat' dir='ltr'><strong>cando</strong></span> <span class='ocrx_word' id='word_1_172' title='bbox 362 2633 508 2710; x_wconf 89' lang='lat' dir='ltr'><strong>cogitavit.</strong></span> <span class='ocrx_word' id='word_1_173' title='bbox 554 2634 659 2712; x_wconf 88' lang='lat' dir='ltr'><strong>Neque</strong></span> <span class='ocrx_word' id='word_1_174' title='bbox 687 2652 741 2694; x_wconf 89' lang='lat' dir='ltr'><strong>sua</strong></span> <span class='ocrx_word' id='word_1_175' title='bbox 767 2633 864 2711; x_wconf 91' lang='lat' dir='ltr'><strong>ipsius</strong></span> <span class='ocrx_word' id='word_1_176' title='bbox 886 2633 981 2710; x_wconf 89' lang='lat' dir='ltr'><strong>gloria</strong></span> <span class='ocrx_word' id='word_1_177' title='bbox 1002 2639 1172 2710; x_wconf 89' lang='lat' dir='ltr'><strong>contentus,</strong></span> <span class='ocrx_word' id='word_1_178' title='bbox 1200 2635 1290 2694; x_wconf 90' lang='lat' dir='ltr'><strong>etiam</strong></span> <span class='ocrx_word' id='word_1_179' title='bbox 1312 2636 1474 2712; x_wconf 90' lang='lat' dir='ltr'><strong>nepotibus</strong></span> 
     </span>
     <span class='ocr_line' id='line_1_24' title="bbox 242 2740 1474 2820; baseline 0.002 -18"><span class='ocrx_word' id='word_1_180' title='bbox 242 2742 306 2802; x_wconf 91' lang='lat' dir='ltr'><strong>suis</strong></span> <span class='ocrx_word' id='word_1_181' title='bbox 339 2740 398 2820; x_wconf 90' lang='lat' dir='ltr'><strong>(sic</strong></span> <span class='ocrx_word' id='word_1_182' title='bbox 434 2741 513 2801; x_wconf 90' lang='lat' dir='ltr'><strong>enim</strong></span> <span class='ocrx_word' id='word_1_183' title='bbox 546 2759 689 2818; x_wconf 87' lang='lat' dir='ltr'><strong>paparum</strong></span> <span class='ocrx_word' id='word_1_184' title='bbox 721 2741 839 2817; x_wconf 88' lang='lat' dir='ltr'><strong>cognati</strong></span> <span class='ocrx_word' id='word_1_185' title='bbox 872 2741 1065 2818; x_wconf 87' lang='lat' dir='ltr'><strong>vocabantur)</strong></span> <span class='ocrx_word' id='word_1_186' title='bbox 1097 2741 1258 2802; x_wconf 89' lang='lat' dir='ltr'><strong>immensas</strong></span> <span class='ocrx_word' id='word_1_187' title='bbox 1289 2743 1410 2803; x_wconf 89' lang='lat' dir='ltr'><strong>divitias</strong></span> <span class='ocrx_word' id='word_1_188' title='bbox 1445 2751 1474 2804; x_wconf 88' lang='lat' dir='ltr'><strong>et</strong></span> 
     </span>
     <span class='ocr_line' id='line_1_25' title="bbox 242 2847 1474 2929; baseline 0.003 -21"><span class='ocrx_word' id='word_1_189' title='bbox 242 2849 407 2909; x_wconf 89' lang='lat' dir='ltr'><strong>mundanos</strong></span> <span class='ocrx_word' id='word_1_190' title='bbox 434 2847 618 2926; x_wconf 86' lang='lat' dir='ltr'><strong>principatus</strong></span> <span class='ocrx_word' id='word_1_191' title='bbox 645 2867 814 2926; x_wconf 89' lang='lat' dir='ltr'><strong>comparare</strong></span> <span class='ocrx_word' id='word_1_192' title='bbox 841 2849 1012 2909; x_wconf 85' lang='lat' dir='ltr'><strong>avidissime</strong></span> <span class='ocrx_word' id='word_1_193' title='bbox 1040 2850 1161 2909; x_wconf 90' lang='lat' dir='ltr'><strong>studuit.</strong></span> <span class='ocrx_word' id='word_1_194' title='bbox 1207 2850 1293 2910; x_wconf 92' lang='lat' dir='ltr'><strong>Unde</strong></span> <span class='ocrx_word' id='word_1_195' title='bbox 1320 2869 1413 2929; x_wconf 89' lang='lat' dir='ltr'><strong>quum</strong></span> <span class='ocrx_word' id='word_1_196' title='bbox 1439 2871 1474 2912; x_wconf 87' lang='lat' dir='ltr'><strong>eo</strong></span> 
     </span>
     <span class='ocr_line' id='line_1_26' title="bbox 241 2956 1476 3036; baseline 0.003 -20"><span class='ocrx_word' id='word_1_197' title='bbox 241 2961 384 3034; x_wconf 90' lang='lat' dir='ltr'><strong>regnante</strong></span> <span class='ocrx_word' id='word_1_198' title='bbox 420 2961 450 3018; x_wconf 90' lang='lat' dir='ltr'><strong>et</strong></span> <span class='ocrx_word' id='word_1_199' title='bbox 487 2957 574 3016; x_wconf 90' lang='lat' dir='ltr'><strong>multi</strong></span> <span class='ocrx_word' id='word_1_200' title='bbox 610 2956 769 3035; x_wconf 88' lang='lat' dir='ltr'><strong>populares</strong></span> <span class='ocrx_word' id='word_1_201' title='bbox 801 2957 1038 3034; x_wconf 89' lang='lat' dir='ltr'><strong>opprimerentur</strong></span> <span class='ocrx_word' id='word_1_202' title='bbox 1069 2963 1158 3036; x_wconf 89' lang='lat' dir='ltr'><strong>atque</strong></span> <span class='ocrx_word' id='word_1_203' title='bbox 1190 2959 1405 3036; x_wconf 80' lang='lat' dir='ltr'><strong>expilarantnr,</strong></span> <span class='ocrx_word' id='word_1_204' title='bbox 1444 2967 1476 3020; x_wconf 88' lang='lat' dir='ltr'><strong>et</strong></span> 
     </span>
     <span class='ocr_line' id='line_1_27' title="bbox 241 3065 1474 3144; baseline 0.002 -20"><span class='ocrx_word' id='word_1_205' title='bbox 241 3071 368 3142; x_wconf 88' lang='lat' dir='ltr'><strong>augusta</strong></span> <span class='ocrx_word' id='word_1_206' title='bbox 394 3065 551 3125; x_wconf 89' lang='lat' dir='ltr'><strong>vetustatis</strong></span> <span class='ocrx_word' id='word_1_207' title='bbox 574 3069 765 3125; x_wconf 87' lang='lat' dir='ltr'><strong>monumenta</strong></span> <span class='ocrx_word' id='word_1_208' title='bbox 787 3065 973 3124; x_wconf 88' lang='lat' dir='ltr'><strong>dimerentnr</strong></span> <span class='ocrx_word' id='word_1_209' title='bbox 995 3070 1084 3144; x_wconf 88' lang='lat' dir='ltr'><strong>atque</strong></span> <span class='ocrx_word' id='word_1_210' title='bbox 1106 3065 1138 3125; x_wconf 93' lang='lat' dir='ltr'><strong>in</strong></span> <span class='ocrx_word' id='word_1_211' title='bbox 1160 3065 1313 3144; x_wconf 89' lang='lat' dir='ltr'><strong>publicum</strong></span> <span class='ocrx_word' id='word_1_212' title='bbox 1337 3065 1388 3126; x_wconf 88' lang='lat' dir='ltr'><strong>vel</strong></span> <span class='ocrx_word' id='word_1_213' title='bbox 1411 3069 1474 3144; x_wconf 88' lang='lat' dir='ltr'><strong>pri-</strong></span> 
     </span>
     <span class='ocr_line' id='line_1_28' title="bbox 241 3172 1476 3248; baseline 0.002 -16"><span class='ocrx_word' id='word_1_214' title='bbox 241 3179 342 3233; x_wconf 90' lang='lat' dir='ltr'><strong>vatum</strong></span> <span class='ocrx_word' id='word_1_215' title='bbox 365 3191 454 3232; x_wconf 89' lang='lat' dir='ltr'><strong>usum</strong></span> <span class='ocrx_word' id='word_1_216' title='bbox 476 3177 673 3248; x_wconf 86' lang='lat' dir='ltr'><strong>verterentur,</strong></span> <span class='ocrx_word' id='word_1_217' title='bbox 697 3172 771 3232; x_wconf 93' lang='lat' dir='ltr'><strong>illud</strong></span> <span class='ocrx_word' id='word_1_218' title='bbox 796 3173 942 3232; x_wconf 85' lang='lat' dir='ltr'><strong>ferebatur</strong></span> <span class='ocrx_word' id='word_1_219' title='bbox 962 3172 1132 3233; x_wconf 87' lang='lat' dir='ltr'><strong>dicterium:</strong></span> <span class='ocrx_word' id='word_1_220' title='bbox 1157 3172 1240 3248; x_wconf 86' lang='lat' dir='ltr'><strong>Quod</strong></span> <span class='ocrx_word' id='word_1_221' title='bbox 1259 3192 1319 3233; x_wconf 92' lang='lat' dir='ltr'><strong>non</strong></span> <span class='ocrx_word' id='word_1_222' title='bbox 1337 3175 1476 3234; x_wconf 83' lang='lat' dir='ltr'><strong>fecerunt</strong></span> 
     </span>
     <span class='ocr_line' id='line_1_29' title="bbox 240 3279 1474 3358; baseline 0 -18"><span class='ocrx_word' id='word_1_223' title='bbox 240 3279 366 3356; x_wconf 83' lang='lat' dir='ltr'><strong>barbari,</strong></span> <span class='ocrx_word' id='word_1_224' title='bbox 395 3280 529 3340; x_wconf 85' lang='lat' dir='ltr'><strong>fecenmt</strong></span> <span class='ocrx_word' id='word_1_225' title='bbox 551 3280 711 3340; x_wconf 83' lang='lat' dir='ltr'><strong>Barbarini.</strong></span> <span class='ocrx_word' id='word_1_226' title='bbox 758 3279 808 3340; x_wconf 85' lang='lat' dir='ltr'><strong>Sic</strong></span> <span class='ocrx_word' id='word_1_227' title='bbox 825 3279 962 3339; x_wconf 90' lang='lat' dir='ltr'><strong>Urbanus</strong></span> <span class='ocrx_word' id='word_1_228' title='bbox 985 3299 1002 3338; x_wconf 92' lang='lat' dir='ltr'><strong>a</strong></span> <span class='ocrx_word' id='word_1_229' title='bbox 1024 3281 1151 3358; x_wconf 88' lang='lat' dir='ltr'><strong>pristina</strong></span> <span class='ocrx_word' id='word_1_230' title='bbox 1173 3281 1296 3356; x_wconf 84' lang='lat' dir='ltr'><strong>virtute,</strong></span> <span class='ocrx_word' id='word_1_231' title='bbox 1320 3283 1376 3341; x_wconf 86' lang='lat' dir='ltr'><strong>etsi</strong></span> <span class='ocrx_word' id='word_1_232' title='bbox 1401 3282 1474 3341; x_wconf 90' lang='lat' dir='ltr'><strong>reli-</strong></span> 
     </span>
     <span class='ocr_line' id='line_1_30' title="bbox 241 3387 1474 3466; baseline 0.002 -20"><span class='ocrx_word' id='word_1_233' title='bbox 241 3388 328 3466; x_wconf 89' lang='lat' dir='ltr'><strong>quiae</strong></span> <span class='ocrx_word' id='word_1_234' title='bbox 359 3387 424 3463; x_wconf 89' lang='lat' dir='ltr'><strong>ejus</strong></span> <span class='ocrx_word' id='word_1_235' title='bbox 455 3387 568 3464; x_wconf 87' lang='lat' dir='ltr'><strong>passim</strong></span> <span class='ocrx_word' id='word_1_236' title='bbox 599 3387 696 3447; x_wconf 86' lang='lat' dir='ltr'><strong>adhuc</strong></span> <span class='ocrx_word' id='word_1_237' title='bbox 727 3387 924 3462; x_wconf 90' lang='lat' dir='ltr'><strong>emicuerunt,</strong></span> <span class='ocrx_word' id='word_1_238' title='bbox 961 3387 1149 3464; x_wconf 87' lang='lat' dir='ltr'><strong>degeneravit</strong></span> <span class='ocrx_word' id='word_1_239' title='bbox 1181 3393 1211 3448; x_wconf 90' lang='lat' dir='ltr'><strong>et</strong></span> <span class='ocrx_word' id='word_1_240' title='bbox 1241 3389 1354 3465; x_wconf 89' lang='lat' dir='ltr'><strong>ingenii</strong></span> <span class='ocrx_word' id='word_1_241' title='bbox 1386 3389 1474 3449; x_wconf 79' lang='lat' dir='ltr'><strong>dotes</strong></span> 
     </span>
     <span class='ocr_line' id='line_1_31' title="bbox 242 3493 1474 3572; baseline 0.003 -20"><span class='ocrx_word' id='word_1_242' title='bbox 242 3493 321 3552; x_wconf 89' lang='lat' dir='ltr'><strong>haud</strong></span> <span class='ocrx_word' id='word_1_243' title='bbox 348 3494 578 3554; x_wconf 87' lang='lat' dir='ltr'><strong>contemnendas</strong></span> <span class='ocrx_word' id='word_1_244' title='bbox 605 3494 769 3572; x_wconf 88' lang='lat' dir='ltr'><strong>dissipavit.</strong></span> <span class='ocrx_word' id='word_1_245' title='bbox 816 3493 977 3554; x_wconf 82' lang='lat' dir='ltr'><strong>Absolutae</strong></span> <span class='ocrx_word' id='word_1_246' title='bbox 1004 3495 1153 3572; x_wconf 88' lang='lat' dir='ltr'><strong>potentiae</strong></span> <span class='ocrx_word' id='word_1_247' title='bbox 1180 3514 1282 3555; x_wconf 88' lang='lat' dir='ltr'><strong>revera</strong></span> <span class='ocrx_word' id='word_1_248' title='bbox 1304 3496 1474 3556; x_wconf 88' lang='lat' dir='ltr'><strong>mundanae</strong></span> 
     </span>
     <span class='ocr_line' id='line_1_32' title="bbox 240 3599 1473 3680; baseline 0.002 -20"><span class='ocrx_word' id='word_1_249' title='bbox 240 3601 376 3678; x_wconf 89' lang='lat' dir='ltr'><strong>captabat</strong></span> <span class='ocrx_word' id='word_1_250' title='bbox 414 3602 562 3676; x_wconf 92' lang='lat' dir='ltr'><strong>umbram,</strong></span> <span class='ocrx_word' id='word_1_251' title='bbox 604 3619 782 3679; x_wconf 90' lang='lat' dir='ltr'><strong>quamquam</strong></span> <span class='ocrx_word' id='word_1_252' title='bbox 819 3599 1022 3661; x_wconf 88' lang='lat' dir='ltr'><strong>sanctissimas</strong></span> <span class='ocrx_word' id='word_1_253' title='bbox 1059 3620 1177 3680; x_wconf 91' lang='lat' dir='ltr'><strong>semper</strong></span> <span class='ocrx_word' id='word_1_254' title='bbox 1213 3603 1349 3663; x_wconf 86' lang='lat' dir='ltr'><strong>coelestis</strong></span> <span class='ocrx_word' id='word_1_255' title='bbox 1385 3605 1473 3680; x_wconf 81' lang='lat' dir='ltr'><strong>regni</strong></span> 
     </span>
     <span class='ocr_line' id='line_1_33' title="bbox 239 3707 1472 3788; baseline 0.003 -21"><span class='ocrx_word' id='word_1_256' title='bbox 239 3709 367 3768; x_wconf 90' lang='lat' dir='ltr'><strong>rationes</strong></span> <span class='ocrx_word' id='word_1_257' title='bbox 390 3727 460 3786; x_wconf 90' lang='lat' dir='ltr'><strong>prae</strong></span> <span class='ocrx_word' id='word_1_258' title='bbox 483 3726 516 3768; x_wconf 89' lang='lat' dir='ltr'><strong>se</strong></span> <span class='ocrx_word' id='word_1_259' title='bbox 539 3709 656 3768; x_wconf 83' lang='lat' dir='ltr'><strong>ferebat.</strong></span> <span class='ocrx_word' id='word_1_260' title='bbox 699 3707 761 3768; x_wconf 85' lang='lat' dir='ltr'><strong>Vix</strong></span> <span class='ocrx_word' id='word_1_261' title='bbox 783 3709 865 3768; x_wconf 91' lang='lat' dir='ltr'><strong>ullus</strong></span> <span class='ocrx_word' id='word_1_262' title='bbox 885 3709 1064 3769; x_wconf 87' lang='lat' dir='ltr'><strong>Pontificum</strong></span> <span class='ocrx_word' id='word_1_263' title='bbox 1087 3727 1171 3770; x_wconf 90' lang='lat' dir='ltr'><strong>suam</strong></span> <span class='ocrx_word' id='word_1_264' title='bbox 1195 3711 1375 3788; x_wconf 88' lang='lat' dir='ltr'><strong>opinionem,</strong></span> <span class='ocrx_word' id='word_1_265' title='bbox 1399 3711 1472 3771; x_wconf 80' lang='lat' dir='ltr'><strong>licet</strong></span> 
     </span>
     <span class='ocr_line' id='line_1_34' title="bbox 240 3815 1472 3894; baseline 0.003 -20"><span class='ocrx_word' id='word_1_266' title='bbox 240 3815 371 3876; x_wconf 89' lang='lat' dir='ltr'><strong>insciens</strong></span> <span class='ocrx_word' id='word_1_267' title='bbox 394 3816 460 3894; x_wconf 88' lang='lat' dir='ltr'><strong>ipse</strong></span> <span class='ocrx_word' id='word_1_268' title='bbox 481 3835 499 3875; x_wconf 90' lang='lat' dir='ltr'><strong>a</strong></span> <span class='ocrx_word' id='word_1_269' title='bbox 522 3816 679 3892; x_wconf 83' lang='lat' dir='ltr'><strong>nepotibus</strong></span> <span class='ocrx_word' id='word_1_270' title='bbox 702 3819 732 3876; x_wconf 92' lang='lat' dir='ltr'><strong>et</strong></span> <span class='ocrx_word' id='word_1_271' title='bbox 749 3815 950 3876; x_wconf 86' lang='lat' dir='ltr'><strong>adulatoribus</strong></span> <span class='ocrx_word' id='word_1_272' title='bbox 968 3817 1122 3893; x_wconf 88' lang='lat' dir='ltr'><strong>penderet,</strong></span> <span class='ocrx_word' id='word_1_273' title='bbox 1145 3823 1206 3876; x_wconf 91' lang='lat' dir='ltr'><strong>tam</strong></span> <span class='ocrx_word' id='word_1_274' title='bbox 1225 3817 1371 3878; x_wconf 89' lang='lat' dir='ltr'><strong>obstinate</strong></span> <span class='ocrx_word' id='word_1_275' title='bbox 1388 3825 1472 3878; x_wconf 85' lang='lat' dir='ltr'><strong>tene-</strong></span> 
     </span>
    </p>
   </div>
   <div class='ocr_carea' id='block_1_5' title="bbox 239 4007 1471 4703">
    <p class='ocr_par' dir='ltr' id='par_1_6' title="bbox 239 4007 1471 4616">
     <span class='ocr_line' id='line_1_35' title="bbox 347 4007 1470 4080; baseline 0.001 -18"><span class='ocrx_word' id='word_1_276' title='bbox 347 4009 373 4078; x_wconf 91' lang='lat'><strong>1)</strong></span> <span class='ocrx_word' id='word_1_277' title='bbox 393 4009 432 4064; x_wconf 82' lang='lat' dir='ltr'><strong>(li.</strong></span> <span class='ocrx_word' id='word_1_278' title='bbox 451 4009 547 4063; x_wconf 88' lang='lat' dir='ltr'><strong>horum</strong></span> <span class='ocrx_word' id='word_1_279' title='bbox 566 4011 718 4080; x_wconf 86' lang='lat' dir='ltr'><strong>po&#39;c&#39;matum</strong></span> <span class='ocrx_word' id='word_1_280' title='bbox 736 4007 816 4062; x_wconf 89' lang='lat' dir='ltr'><strong>editio</strong></span> <span class='ocrx_word' id='word_1_281' title='bbox 829 4008 996 4064; x_wconf 87' lang='lat' dir='ltr'><strong>Plautiniana</strong></span> <span class='ocrx_word' id='word_1_282' title='bbox 1009 4009 1042 4063; x_wconf 91' lang='lat' dir='ltr'><strong>ab</strong></span> <span class='ocrx_word' id='word_1_283' title='bbox 1057 4009 1113 4078; x_wconf 91' lang='lat' dir='ltr'><strong>ipso</strong></span> <span class='ocrx_word' id='word_1_284' title='bbox 1127 4008 1201 4078; x_wconf 89' lang='lat' dir='ltr'><strong>Papa</strong></span> <span class='ocrx_word' id='word_1_285' title='bbox 1214 4010 1324 4079; x_wconf 87' lang='lat' dir='ltr'><strong>probata</strong></span> <span class='ocrx_word' id='word_1_286' title='bbox 1337 4011 1371 4079; x_wconf 86' lang='lat' dir='ltr'><strong>(a</strong></span> <span class='ocrx_word' id='word_1_287' title='bbox 1389 4011 1470 4079; x_wconf 77' lang='grc'>1634)</span> 
     </span>
     <span class='ocr_line' id='line_1_36' title="bbox 239 4096 1470 4168; baseline 0.002 -16"><span class='ocrx_word' id='word_1_288' title='bbox 239 4115 264 4168; x_wconf 94' lang='lat' dir='ltr'><strong>p.</strong></span> <span class='ocrx_word' id='word_1_289' title='bbox 281 4097 333 4152; x_wconf 83' lang='grc'><strong>278</strong></span> <span class='ocrx_word' id='word_1_290' title='bbox 348 4115 383 4152; x_wconf 88' lang='lat' dir='ltr'><strong>ss.</strong></span> <span class='ocrx_word' id='word_1_291' title='bbox 422 4099 497 4165; x_wconf 85' lang='lat' dir='ltr'><strong>Quod</strong></span> <span class='ocrx_word' id='word_1_292' title='bbox 516 4099 640 4153; x_wconf 88' lang='lat' dir='ltr'><strong>Urbanus</strong></span> <span class='ocrx_word' id='word_1_293' title='bbox 663 4096 780 4166; x_wconf 87' lang='lat' dir='ltr'><strong>psalmos</strong></span> <span class='ocrx_word' id='word_1_294' title='bbox 804 4097 922 4167; x_wconf 88' lang='lat' dir='ltr'><strong>aliasque</strong></span> <span class='ocrx_word' id='word_1_295' title='bbox 941 4097 967 4153; x_wconf 85' lang='lat' dir='ltr'><strong>S.</strong></span> <span class='ocrx_word' id='word_1_296' title='bbox 982 4097 1132 4168; x_wconf 85' lang='lat' dir='ltr'><strong>Scripturas</strong></span> <span class='ocrx_word' id='word_1_297' title='bbox 1155 4103 1245 4168; x_wconf 89' lang='lat' dir='ltr'><strong>partes</strong></span> <span class='ocrx_word' id='word_1_298' title='bbox 1263 4099 1343 4154; x_wconf 85' lang='lat' dir='ltr'><strong>latine</strong></span> <span class='ocrx_word' id='word_1_299' title='bbox 1361 4103 1470 4154; x_wconf 70' lang='lat' dir='ltr'><strong>venans</strong></span> 
     </span>
     <span class='ocr_line' id='line_1_37' title="bbox 240 4188 1469 4259; baseline 0.001 -17"><span class='ocrx_word' id='word_1_300' title='bbox 240 4189 390 4242; x_wconf 86' lang='lat' dir='ltr'><strong>Horatianis</strong></span> <span class='ocrx_word' id='word_1_301' title='bbox 414 4189 505 4242; x_wconf 89' lang='lat' dir='ltr'><strong>metn&#39;s</strong></span> <span class='ocrx_word' id='word_1_302' title='bbox 528 4203 595 4242; x_wconf 85' lang='lat' dir='ltr'><strong>usus</strong></span> <span class='ocrx_word' id='word_1_303' title='bbox 618 4189 671 4254; x_wconf 88' lang='lat' dir='ltr'><strong>ost,</strong></span> <span class='ocrx_word' id='word_1_304' title='bbox 696 4203 866 4256; x_wconf 88' lang='lat' dir='ltr'><strong>nequaquam</strong></span> <span class='ocrx_word' id='word_1_305' title='bbox 889 4191 921 4242; x_wconf 90' lang='lat' dir='ltr'><strong>ut</strong></span> <span class='ocrx_word' id='word_1_306' title='bbox 942 4188 971 4242; x_wconf 86' lang='lat' dir='ltr'><strong>L.</strong></span> <span class='ocrx_word' id='word_1_307' title='bbox 991 4189 1024 4242; x_wconf 91' lang='lat' dir='ltr'><strong>de</strong></span> <span class='ocrx_word' id='word_1_308' title='bbox 1043 4188 1135 4242; x_wconf 83' lang='lat' dir='ltr'><strong>Ranka</strong></span> <span class='ocrx_word' id='word_1_309' title='bbox 1158 4191 1235 4258; x_wconf 86' lang='lat' dir='ltr'><strong>putat</strong></span> <span class='ocrx_word' id='word_1_310' title='bbox 1258 4189 1364 4259; x_wconf 77' lang='lat' dir='ltr'><strong>(Ptpsta</strong></span> <span class='ocrx_word' id='word_1_311' title='bbox 1383 4189 1424 4243; x_wconf 90' lang='lat' dir='ltr'><strong>ed.</strong></span> <span class='ocrx_word' id='word_1_312' title='bbox 1444 4190 1469 4244; x_wconf 88' lang='grc'><strong>2.</strong></span> 
     </span>
     <span class='ocr_line' id='line_1_38' title="bbox 239 4275 1471 4347; baseline 0.001 -16"><span class='ocrx_word' id='word_1_313' title='bbox 239 4277 267 4331; x_wconf 91' lang='grc' dir='ltr'>Π</span> <span class='ocrx_word' id='word_1_314' title='bbox 286 4279 349 4346; x_wconf 85' lang='grc'>543)</span> <span class='ocrx_word' id='word_1_315' title='bbox 372 4277 435 4331; x_wconf 90' lang='lat' dir='ltr'><strong>aovi</strong></span> <span class='ocrx_word' id='word_1_316' title='bbox 458 4277 556 4346; x_wconf 87' lang='lat' dir='ltr'><strong>aliquid</strong></span> <span class='ocrx_word' id='word_1_317' title='bbox 580 4279 643 4330; x_wconf 88' lang='lat' dir='ltr'><strong>erat.</strong></span> <span class='ocrx_word' id='word_1_318' title='bbox 680 4275 760 4330; x_wconf 88' lang='lat' dir='ltr'><strong>Multi</strong></span> <span class='ocrx_word' id='word_1_319' title='bbox 783 4276 828 4330; x_wconf 88' lang='lat' dir='ltr'><strong>alii</strong></span> <span class='ocrx_word' id='word_1_320' title='bbox 848 4277 904 4346; x_wconf 89' lang='lat' dir='ltr'><strong>jam</strong></span> <span class='ocrx_word' id='word_1_321' title='bbox 928 4278 997 4332; x_wconf 89' lang='lat' dir='ltr'><strong>idem</strong></span> <span class='ocrx_word' id='word_1_322' title='bbox 1020 4279 1199 4347; x_wconf 85' lang='lat' dir='ltr'><strong>tentaverant,</strong></span> <span class='ocrx_word' id='word_1_323' title='bbox 1223 4279 1359 4332; x_wconf 87' lang='lat' dir='ltr'><strong>intereos</strong></span> <span class='ocrx_word' id='word_1_324' title='bbox 1383 4279 1471 4333; x_wconf 89' lang='lat' dir='ltr'><strong>viret</strong></span> 
     </span>
     <span class='ocr_line' id='line_1_39' title="bbox 241 4365 1468 4436; baseline 0.002 -16"><span class='ocrx_word' id='word_1_325' title='bbox 241 4367 394 4436; x_wconf 88' lang='lat' dir='ltr'><strong>evangelica</strong></span> <span class='ocrx_word' id='word_1_326' title='bbox 411 4367 509 4436; x_wconf 90' lang='lat' dir='ltr'><strong>pietate</strong></span> <span class='ocrx_word' id='word_1_327' title='bbox 528 4368 555 4420; x_wconf 91' lang='lat' dir='ltr'><strong>et</strong></span> <span class='ocrx_word' id='word_1_328' title='bbox 573 4365 676 4436; x_wconf 87' lang='lat' dir='ltr'><strong>ingenio</strong></span> <span class='ocrx_word' id='word_1_329' title='bbox 696 4365 817 4435; x_wconf 86' lang='lat' dir='ltr'><strong>insignia,</strong></span> <span class='ocrx_word' id='word_1_330' title='bbox 836 4367 967 4421; x_wconf 85' lang='lat' dir='ltr'><strong>Antonius</strong></span> <span class='ocrx_word' id='word_1_331' title='bbox 981 4367 1152 4422; x_wconf 78' lang='lat' dir='ltr'><strong>Flamininus.</strong></span> <span class='ocrx_word' id='word_1_332' title='bbox 1186 4367 1311 4423; x_wconf 82' lang='lat' dir='ltr'><strong>Ceterum</strong></span> <span class='ocrx_word' id='word_1_333' title='bbox 1330 4367 1468 4422; x_wconf 88' lang='lat' dir='ltr'><strong>inveniun-</strong></span> 
     </span>
     <span class='ocr_line' id='line_1_40' title="bbox 241 4454 1468 4527; baseline 0.002 -20"><span class='ocrx_word' id='word_1_334' title='bbox 241 4457 285 4508; x_wconf 90' lang='lat' dir='ltr'><strong>tur</strong></span> <span class='ocrx_word' id='word_1_335' title='bbox 304 4455 329 4506; x_wconf 90' lang='lat' dir='ltr'><strong>in</strong></span> <span class='ocrx_word' id='word_1_336' title='bbox 348 4455 436 4524; x_wconf 87' lang='lat' dir='ltr'><strong>Papae</strong></span> <span class='ocrx_word' id='word_1_337' title='bbox 459 4455 587 4523; x_wconf 90' lang='lat' dir='ltr'><strong>poematis</strong></span> <span class='ocrx_word' id='word_1_338' title='bbox 605 4454 726 4508; x_wconf 88' lang='lat' dir='ltr'><strong>nonnulli</strong></span> <span class='ocrx_word' id='word_1_339' title='bbox 745 4471 839 4509; x_wconf 90' lang='lat' dir='ltr'><strong>versus</strong></span> <span class='ocrx_word' id='word_1_340' title='bbox 858 4472 892 4508; x_wconf 81' lang='lat' dir='ltr'><strong>ex</strong></span> <span class='ocrx_word' id='word_1_341' title='bbox 910 4457 1074 4509; x_wconf 80' lang='lat' dir='ltr'><strong>Anacreonte</strong></span> <span class='ocrx_word' id='word_1_342' title='bbox 1093 4455 1232 4525; x_wconf 87' lang='lat' dir='ltr'><strong>translata,</strong></span> <span class='ocrx_word' id='word_1_343' title='bbox 1256 4457 1320 4512; x_wconf 89' lang='lat' dir='ltr'><strong>item</strong></span> <span class='ocrx_word' id='word_1_344' title='bbox 1339 4458 1468 4527; x_wconf 86' lang='lat' dir='ltr'><strong>epigram·</strong></span> 
     </span>
     <span class='ocr_line' id='line_1_41' title="bbox 241 4523 1469 4616; baseline 0.005 -22"><span class='ocrx_word' id='word_1_345' title='bbox 241 4545 313 4595; x_wconf 86' lang='lat' dir='ltr'><strong>mata</strong></span> <span class='ocrx_word' id='word_1_346' title='bbox 336 4543 368 4596; x_wconf 93' lang='lat' dir='ltr'><strong>de</strong></span> <span class='ocrx_word' id='word_1_347' title='bbox 386 4543 487 4596; x_wconf 87' lang='lat' dir='ltr'><strong>Niobae</strong></span> <span class='ocrx_word' id='word_1_348' title='bbox 510 4543 596 4610; x_wconf 88' lang='lat' dir='ltr'><strong>deque</strong></span> <span class='ocrx_word' id='word_1_349' title='bbox 614 4542 715 4596; x_wconf 86' lang='lat' dir='ltr'><strong>Dianae</strong></span> <span class='ocrx_word' id='word_1_350' title='bbox 738 4543 892 4597; x_wconf 89' lang='lat' dir='ltr'><strong>dormientis</strong></span> <span class='ocrx_word' id='word_1_351' title='bbox 915 4523 1094 4598; x_wconf 69' lang='lat' dir='ltr'><strong>statiuis.⁸Cl.</strong></span> <span class='ocrx_word' id='word_1_352' title='bbox 1113 4545 1140 4598; x_wconf 86' lang='lat' dir='ltr'><strong>in</strong></span> <span class='ocrx_word' id='word_1_353' title='bbox 1164 4546 1278 4600; x_wconf 89' lang='lat' dir='ltr'><strong>editione</strong></span> <span class='ocrx_word' id='word_1_354' title='bbox 1299 4546 1469 4616; x_wconf 88' lang='lat' dir='ltr'><strong>supradicta</strong></span> 
     </span>
    </p>

    <p class='ocr_par' dir='ltr' id='par_1_7' title="bbox 282 4629 1284 4703">
     <span class='ocr_line' id='line_1_42' title="bbox 282 4629 1284 4703; baseline 0.006 -21"><span class='ocrx_word' id='word_1_355' title='bbox 282 4629 343 4683; x_wconf 92' lang='grc'><strong>220.</strong></span> <span class='ocrx_word' id='word_1_356' title='bbox 364 4629 423 4682; x_wconf 89' lang='grc'><strong>222.</strong></span> <span class='ocrx_word' id='word_1_357' title='bbox 461 4629 548 4684; x_wconf 81' lang='lat' dir='ltr'><strong>Etiam</strong></span> <span class='ocrx_word' id='word_1_358' title='bbox 566 4631 668 4684; x_wconf 88' lang='lat' dir='ltr'><strong>Graeca</strong></span> <span class='ocrx_word' id='word_1_359' title='bbox 686 4631 816 4700; x_wconf 88' lang='lat' dir='ltr'><strong>quaedam</strong></span> <span class='ocrx_word' id='word_1_360' title='bbox 835 4635 957 4700; x_wconf 87' lang='lat' dir='ltr'><strong>poemata</strong></span> <span class='ocrx_word' id='word_1_361' title='bbox 975 4633 1123 4703; x_wconf 87' lang='lat' dir='ltr'><strong>composuit</strong></span> <span class='ocrx_word' id='word_1_362' title='bbox 1140 4651 1166 4703; x_wconf 90' lang='lat' dir='ltr'><strong>p.</strong></span> <span class='ocrx_word' id='word_1_363' title='bbox 1182 4633 1233 4688; x_wconf 88' lang='grc'><strong>227</strong></span> <span class='ocrx_word' id='word_1_364' title='bbox 1248 4649 1284 4688; x_wconf 87' lang='lat' dir='ltr'><strong>ss.</strong></span> 
     </span>
    </p>
   </div>
   <div class='ocr_carea' id='block_1_6' title="bbox 0 0 1602 5042">
    <p class='ocr_par' dir='ltr' id='par_1_8' title="bbox 0 0 1602 5042">
     <span class='ocr_line' id='line_1_43' title="bbox 0 0 1602 5042; baseline 0 1"><span class='ocrx_word' id='word_1_365' title='bbox 0 0 1602 5042; x_wconf 95' lang='lat' dir='ltr'><strong> </strong></span> 
     </span>
    </p>
   </div>
  </div>
 </body>
</html>
