3144 5092
684 307 772 360 Curru
790 305 837 360 lv.
1343 309 1377 361 53

1216 403 1260 409 ...-
1271 403 1375 410 ----

147 513 221 584 erat,
244 509 282 568 ad
306 508 444 569 Carolum
466 508 592 569 missum
619 513 672 570 est
726 508 854 570 Easdem
880 508 994 570 litteras
1017 509 1099 588 Papa
1125 529 1179 587 per
1204 511 1378 588 episcopum

147 616 310 676 (lavensem
333 634 402 676 cum
425 617 561 677 omnibus
585 615 759 677 Germaniae
782 615 970 694 Principibus
988 607 1274 678 Romanocatholicis
1299 636 1377 678 com-

146 724 291 784 municari
315 723 414 801 jussit
472 724 589 784 Caesari
615 725 653 784 de
680 743 715 784 ea
743 741 776 783 re
808 728 912 802 questo
943 725 1108 802 respondit,
1141 725 1185 800 ,id
1217 725 1245 784 ei
1277 725 1377 803 potius

145 836 263 908 gratum
290 849 356 891 esse
383 831 489 892 debere
516 837 657 910 tanquam
684 832 905 892 excusationem
932 832 1097 909 legitimam
1127 833 1283 892 revocandi
1310 850 1377 909 pro-

146 938 238 998 missa
270 939 327 998 sibi
358 939 395 998 ab
428 939 495 998 aliis
523 944 650 1014 extorta,
678 940 751 998 dum
778 958 812 999 ea
832 932 971 1000 ¹cerneret
998 959 1015 999 a
1044 939 1155 1000 christi
1183 939 1300 1000 Vicario
1327 939 1377 998 da·

145 1049 263 1106 mnata!
314 1046 453 1124 Diploma
475 1046 551 1106 illud
574 1051 669 1107 totum
693 1047 827 1124 vulgarit
853 1045 1067 1124 Pallavicinus3
1100 1046 1181 1106 addit
1204 1064 1236 1108 se
1266 1046 1377 1106 Romae

146 1153 258 1214 vidisse
280 1154 406 1213 alterum
429 1154 494 1231 ejus
518 1154 671 1232 exemplar
692 1154 839 1214 minacius
862 1159 893 1214 et
914 1155 1062 1230 acerbius,
1085 1155 1164 1232 quod
1186 1159 1289 1232 postea
1307 1171 1376 1231 pru-

145 1261 227 1321 denti
250 1261 374 1321 consilio
396 1266 593 1338 temperatum
616 1279 683 1322 esse
705 1279 773 1322 enm
791 1261 879 1322 laude
897 1267 1052 1337 memorat,
1076 1261 1221 1339 expositis
1239 1261 1376 1339 pluribus

144 1367 277 1443 ejusdem
299 1369 342 1428 rei
365 1369 471 1428 carisis.
517 1368 606 1428 Prius
629 1369 710 1428 istud
732 1373 763 1429 et
786 1369 931 1429 minacius
954 1369 1085 1447 diploma
1107 1370 1173 1447 ipsc
1194 1387 1255 1429 non
1273 1369 1375 1443 edidit,

145 1476 197 1534 sed
216 1475 247 1534 in
265 1475 409 1535 tabrdaria
427 1475 577 1536 occultum
595 1493 714 1536 manere
732 1476 839 1553 voluit,
865 1477 944 1554 quod
962 1477 1045 1554 typis
1063 1493 1240 1553 expressum
1262 1475 1374 1552 impru-

143 1583 270 1642 dentiori
292 1583 413 1643 demum
435 1582 589 1658 Raynaldo
612 1582 774 1643 debemus.¹
821 1583 919 1644 Etiam
941 1584 997 1644 hcc
1021 1584 1068 1642 vel
1093 1584 1216 1660 jubente
1238 1582 1287 1642 vel
1309 1600 1375 1659 per-

143 1690 280 1750 mittente
301 1690 395 1750 Panlo
418 1690 470 1750 III.
500 1689 684 1751 Germanicis
711 1691 900 1768 Principibus
923 1691 1049 1750 missum
1076 1695 1129 1752 est
1179 1689 1216 1750 Id
1242 1709 1311 1750 vero
1337 1707 1376 1749 ne

143 1797 344 1858 Pallavicinus
363 1797 483 1876 quidem
501 1803 635 1876 noverat3
654 1803 767 1858 tantam
786 1799 901 1859 scilicet
918 1799 1133 1876 malignitatem
1146 1798 1177 1856 in
1191 1797 1375 1875 probissimo,

144 1923 233 1983 quem
261 1905 413 1979 describit,
440 1905 523 1982 Papa
550 1923 604 1965 suo
626 1923 686 1965 non
709 1905 860 1966 divinavit.
906 1905 987 1967 Haec
1009 1906 1067 1966 duo
1085 1905 1178 1982 igitur
1195 1905 1376 1982 exemplaria

144 2012 276 2088 ejusdem
304 2011 445 2090 epistolae
472 2012 504 2070 in
533 2011 690 2072 Germania
721 2031 774 2090 pro
806 2012 932 2072 diversis
964 2011 1099 2090 epistolis
1130 2011 1325 2085 habebantur,
1357 2030 1375 2070 a

145 2118 226 2195 Papa
252 2118 289 2178 ad
317 2118 417 2195 ipsum
441 2117 596 2178 Caesarem
622 2118 738 2196 missis3
767 2137 840 2197 quas
867 2119 941 2178 duas
969 2118 1058 2178 etiam
1086 2118 1237 2178 Lutherus
1262 2118 1375 2194 legerat

143 2226 227 2286 etin
250 2226 360 2303 scripto
383 2243 437 2285 sno
459 2225 605 2303 respicit²

250 2332 380 2411 Utraque
402 2332 440 2391 ad
464 2331 619 2393 Caesarem
637 2333 763 2411 epistola
781 2333 986 2410 superbissimi
996 2338 1136 2411 papatus,
1160 2333 1257 2411 qualis
1277 2333 1374 2393 medio

143 2458 214 2500 aevo
241 2440 354 2515 floruit,
386 2440 540 2516 ingenium
568 2441 668 2518 spirat.
719 2438 818 2500 Oratio
846 2445 892 2500 est
918 2446 1060 2519 tanquam
1091 2440 1205 2502 barbari
1237 2441 1373 2517 capucini

143 2548 310 2625 cujusdam,
338 2567 357 2607 a
383 2547 446 2606 viro
474 2548 559 2608 docto
587 2547 731 2624 elegantis
754 2548 910 2608 latinitatis
933 2548 1113 2609 dictionibus
1136 2548 1246 2608 induta
1292 2548 1375 2626 Papa

144 2655 248 2716 Carolo
270 2655 462 2718 dilectissimo
485 2655 559 2730 tilio,
583 2673 672 2733 quem
695 2660 792 2731 vocat,
815 2655 901 2733 qnasi
924 2655 1104 2716 conscientia
1121 2660 1240 2716 coactus
1258 2656 1373 2733 virgam

142 2763 284 2822 minatur:
309 2765 416 2823 moneri
439 2782 472 2824 sc
494 2764 536 2823 ait
557 2763 606 2823 nli
631 2763 791 2824 sacerdotis
814 2763 964 2840 exemplo,
993 2782 1082 2841 quem
1105 2767 1226 2841 propter
1248 2763 1371 2822 nimiam

142 2871 175 2929 in
197 2870 275 2930 filios
297 2870 513 2948 indulgentiam
532 2871 613 2931 Deus
637 2870 735 2930 subita
752 2876 845 2930 morte
863 2871 1020 2931 mulctarit.
1067 2871 1189 2931 Factum
1207 2870 1287 2930 enim
1305 2888 1372 2930 esse

143 2977 176 3036 in
200 2977 304 3038 Carolo
320 2977 388 3038 tilio
412 2979 490 3056 quod
513 2978 591 3038 dicat
613 2977 778 3054 apostolus,
806 2978 955 3055 corrumpi
982 2979 1073 3038 bonos
1096 2995 1192 3037 mores
1215 2977 1370 3054 colloquiis

142 3085 236 3146 malis.
284 3085 420 3162 Corrupti
439 3104 508 3146 vero
528 3085 661 3145 Caesaris
684 3101 781 3144 mores
795 3084 875 3161 Papa
891 3085 992 3160 judice
1010 3089 1164 3161 propterea
1182 3083 1372 3143 existimandi

143 3197 226 3268 sunt,
251 3193 330 3270 quod
352 3192 465 3270 patriae
486 3211 586 3251 amore
608 3192 715 3252 ductus
737 3191 789 3265 iis,
818 3191 926 3268 quibus
950 3189 1021 3250 solis
1044 3190 1107 3250 fieri
1134 3190 1243 3267 potuit,
1272 3189 1371 3250 condi-

142 3300 277 3360 cionibus
313 3318 417 3378 paoem
453 3319 521 3359 oum
554 3299 789 3360 Protestantibns
825 3298 1003 3375 composuit,
1041 3298 1120 3374 quod
1151 3297 1189 3356 de
1219 3296 1372 3373 religionis

142 3407 276 3466 discidiis
299 3408 331 3466 in
354 3407 523 3484 colloquiis,
552 3406 700 3482 Comitiis,
729 3405 852 3482 synodis
875 3405 923 3482 agi
946 3423 1015 3466 cum
1037 3405 1101 3465 illis
1123 3404 1230 3480 voluit,
1259 3405 1371 3482 quippe

142 3515 194 3592 qni
226 3515 350 3574 fortasse
383 3519 459 3574 teste
490 3515 614 3574 Erasmo
645 3513 740 3574 multa
770 3517 850 3574 reete
877 3518 1031 3573 monerent
1057 3517 1088 3573 et
1109 3513 1260 3588 docerent,
1293 3511 1372 3590 quod

141 3621 269 3699 deniqne
291 3640 360 3681 cum
384 3621 525 3682 Conciliis
549 3620 768 3681 constantiensi
791 3625 821 3680 et
838 3621 1003 3681 Basileensi
1022 3620 1171 3695 ecclesiis,
1194 3621 1371 3694 nationibus,

141 3729 330 3806 Principibus
350 3729 401 3806 jus
424 3728 585 3788 vindicavit
606 3727 821 3790 reformationis
844 3728 1027 3789 necessariae
1050 3728 1138 3788 etiam
1162 3727 1227 3788 sine
1250 3727 1372 3786 Pontifi-

141 3836 185 3896 cis
208 3835 345 3896 mandato
368 3835 580 3896 deliberandas.
626 3836 750 3913 Propter
773 3837 845 3896 baec
868 3835 959 3912 igitur
981 3835 1139 3896 commissa
1160 3834 1273 3911 flagitia
1290 3833 1371 3910 Papa

143 3947 307 4020 perterrere
325 3962 394 4004 eum
413 3943 512 4004 studet
530 3943 679 4019 congestis
697 3961 735 4002 cx
754 3947 814 4002 toto
832 3947 931 4002 vetere
949 3946 1123 4002 testamento
1142 3959 1243 4002 comm
1260 3939 1372 4018 poenis,

142 4051 194 4129 qui
213 4051 367 4111 sacerdotii
378 4051 446 4128 jura
464 4053 651 4125 affectarunt,
674 4055 709 4110 ut
727 4049 814 4126 Orac,
838 4051 969 4125 Datban,
991 4050 1143 4124 Abirunis,
1168 4049 1254 4124 Core,
1274 4047 1370 4109 Oziae.

140 4157 209 4218 Non
240 4159 340 4218 minus
367 4158 512 4218 horrenda
539 4157 676 4236 exempla
703 4176 742 4218 ex
769 4157 892 4218 historia
918 4157 1028 4234 partim
1055 4157 1275 4218 fabrdcsissima
1302 4173 1371 4216 oon-

142 4265 246 4342 quirit;
273 4265 317 4326 sic
340 4265 482 4326 Friderici
505 4265 638 4326 secundi
651 4265 786 4326 Caesaris
808 4265 987 4326 mentionem
1010 4264 1093 4340 lacit,
1122 4281 1212 4342 quem
1237 4269 1371 4341 stangu-

145 4424 358 4434 ——...

251 4511 277 4580 1)
295 4511 328 4566 In
346 4511 457 4566 historia
474 4511 536 4566 anni
556 4511 637 4580 1544,
657 4529 684 4564 n.
699 4512 724 4565 7.

249 4599 276 4670 2)
296 4600 373 4668 Quod
391 4601 492 4670 primus
511 4600 703 4656 demonstrarit
720 4599 884 4656 Seelendort
900 4601 917 4655 l.
938 4618 959 4656 c.
979 4600 1033 4670 ill,
1052 4617 1077 4671 p.
1092 4601 1146 4656 479
1156 4616 1192 4655 ss.
