3156 5056
201 313 253 371 186
443 337 449 350 ¹
690 315 794 366 Psarrs
812 314 924 367 Pmoars

201 531 316 606 fallant,
340 533 389 605 qui
411 533 441 591 te
456 530 611 590 Dominum
633 529 731 588 mundi
753 527 881 602 fingunt,
902 529 951 602 qui
973 529 1036 587 sine
1052 533 1103 588 tua
1118 528 1292 588 auctoritate
1307 529 1418 587 nullom

201 635 389 695 christianum
411 651 475 694 esse
498 637 609 708 sinunt,
631 633 680 707 qui
701 639 732 692 te
748 634 779 691 in
795 634 921 706 coelum,
942 633 1099 706 infernum,
1119 633 1317 706 purgatorium
1330 649 1418 706 posse

201 739 311 812 aliquid
336 739 476 812 garriunt
520 738 626 796 Hostes
655 738 686 795 bi
711 739 754 795 tui
785 743 852 795 sunt
875 742 906 796 et
930 738 1056 795 animam
1074 741 1153 794 taam
1176 736 1214 794 od
1235 736 1416 810 perdendum

201 847 362 918 quaerunt,
389 843 464 902 sicut
482 842 575 901 Isaias
602 841 686 900 dicit:
715 841 824 914 Popule
847 857 943 915 meus,
973 841 1022 913 qui
1045 845 1076 898 te
1098 840 1214 900 beatum
1237 840 1417 914 praedicant,

202 947 257 1020 ipsi
289 952 319 1006 te
351 946 507 1020 decipiunt.
558 946 680 1020 Errant,
717 947 767 1018 qui
799 950 829 1003 tc
865 961 953 1018 snpra
986 945 1138 1004 concilium
1169 949 1199 1002 et
1225 945 1417 1003 universalem

202 1050 357 1110 ecclesiam
385 1051 508 1110 elevant.
554 1049 679 1124 Errant,
708 1050 757 1122 qui
779 1049 833 1107 tibi
855 1049 909 1108 soli
932 1049 1094 1121 scripturae
1115 1049 1353 1122 interpretandae
1369 1050 1417 1122 jus

201 1156 347 1231 tribuunt,
374 1171 442 1214 suas
470 1156 547 1215 enim
576 1155 606 1212 hi
635 1170 735 1212 ornnes
766 1154 932 1228 impietates
954 1153 1007 1211 sub
1030 1159 1081 1211 tuo
1101 1153 1216 1212 nomine
1239 1157 1368 1212 statuere
1386 1153 1418 1211 in

203 1260 328 1320 ecclesie
360 1266 516 1334 quaerunt,
549 1265 580 1318 ct
610 1259 682 1332 proh
712 1259 794 1316 dolor
824 1257 944 1316 multum
968 1274 1022 1330 per
1048 1273 1098 1315 eos
1119 1258 1209 1316 Satan
1234 1255 1359 1330 proiecit
1386 1258 1417 1315 in

202 1365 259 1423 tuis
286 1364 568 1438 praedecessoribus.
621 1363 748 1422 Summa:
777 1362 864 1421 nullis
891 1362 979 1422 crede
1008 1363 1058 1435 qni
1085 1367 1115 1420 te
1146 1362 1275 1421 exaltant
1302 1361 1353 1420 sed
1380 1363 1418 1420 iis

202 1469 253 1541 qni
285 1473 315 1528 te
349 1469 509 1528 humiliant.
544 1500 586 1511 -
624 1468 780 1542 Impudcns
809 1465 884 1527 iorte
920 1483 996 1541 snm,
1030 1471 1142 1525 tantum
1170 1467 1310 1526 verticem
1340 1466 1418 1526 risus

203 1569 324 1644 docere,
347 1588 366 1631 a
387 1589 443 1645 quo
465 1571 563 1631 doceri
583 1587 683 1630 omnes
702 1576 825 1645 oportet.
864 1570 923 1630 Sed
938 1571 1068 1629 aemulor
1085 1572 1222 1630 Sanctum
1237 1570 1419 1629 Bernardum

203 1676 234 1733 in
260 1676 360 1734 libello
389 1676 426 1734 de
456 1675 688 1735 consideratione
721 1675 758 1734 ad
781 1675 958 1750 Eugenium,
988 1675 1066 1734 omni
1092 1673 1222 1748 pontifici
1249 1676 1419 1735 memoriter

203 1779 357 1838 noscendo.
406 1780 508 1852 Neque
538 1778 676 1852 docendi,
711 1778 763 1838 sed
798 1796 889 1852 purae
916 1777 1067 1851 fidelisque
1098 1778 1297 1838 sollicitudinis
1323 1779 1419 1838 studio

203 1882 258 1942 hoc
283 1882 367 1943 facio.
417 1883 509 1954 Quum
541 1883 617 1942 enim
645 1883 734 1942 sciam
761 1887 790 1942 te
820 1884 931 1942 versari
957 1889 989 1941 et
1009 1883 1144 1942 fluctuari
1166 1883 1292 1958 Romae,
1321 1884 1420 1943 idest

204 1987 300 2046 medio
322 1990 395 2047 mari
417 1985 536 2047 infinitis
557 1988 694 2060 periculis
717 1987 845 2060 undique
867 1992 1007 2062 urgento,
1030 1993 1061 2045 et
1081 2003 1117 2045 ea
1138 1993 1168 2047 te
1191 1988 1328 2048 miseriae
1351 2005 1419 2047 con-

205 2092 319 2152 dicione
340 2093 532 2166 laborantem,
555 2098 587 2150 ut
608 2093 697 2152 etiam
720 2094 858 2166 cujusque
879 2093 991 2151 minimi
1014 2090 1113 2150 fratris
1135 2092 1254 2151 minima
1273 2109 1328 2166 ope
1344 2093 1418 2151 indi·

205 2213 289 2271 geas,
315 2213 373 2256 non
394 2196 495 2255 videor
516 2197 586 2255 milri
608 2196 765 2270 absurdus,
794 2197 818 2254 si
842 2197 959 2254 interim
981 2197 1143 2269 majestatis
1165 2201 1233 2254 tuae
1255 2196 1419 2270 obliviscar,

206 2301 275 2360 dum
294 2299 388 2360 officio
409 2301 540 2360 cmitatis
563 2302 730 2374 explevero:
751 2301 817 2358 nolo
840 2300 954 2359 adulari
976 2302 1006 2358 in
1025 2318 1058 2359 re
1080 2307 1139 2360 tam
1161 2301 1239 2360 seria
1261 2307 1291 2360 et
1305 2303 1421 2376 pericu-

206 2407 281 2480 losa,
315 2407 345 2463 in
380 2423 437 2479 qua
467 2406 491 2463 si
520 2407 629 2464 amicus
667 2421 731 2464 esse
763 2411 793 2463 et
821 2405 885 2478 plus
913 2421 998 2478 quam
1027 2405 1253 2480 subjectissimus
1280 2405 1334 2464 tibi
1362 2423 1420 2465 non

206 2510 363 2584 intelligar,
382 2514 428 2569 est
449 2511 499 2582 qui
521 2509 666 2583 intelligat
689 2512 720 2567 et
738 2507 867 2580 jndicet.‘

255 2634 258 2640 '
294 2632 376 2691 Haec
403 2631 558 2692 Lutherus.
610 2630 690 2702 Quae
726 2647 794 2688 nnm
823 2630 884 2690 Leo
911 2648 974 2690 eum
1002 2631 1138 2705 adjnncta
1178 2635 1419 2694 commentatione

206 2753 332 2810 unquam
357 2737 477 2811 legerit,
506 2741 537 2794 ot
559 2735 584 2794 si
606 2735 713 2810 legerit
734 2736 864 2794 iratusue
889 2751 927 2794 an
946 2735 1045 2795 ridens
1067 2737 1219 2811 rejecerit,
1243 2745 1420 2812 compertum

204 2858 264 2912 non
284 2839 431 2901 babemus.
467 2841 609 2900 Molestus
627 2841 758 2899 veritatis
779 2839 879 2915 magis,
901 2856 987 2912 quam
997 2840 1143 2901 Lutherus
1164 2843 1293 2902 scribens
1312 2845 1421 2916 cogita·

205 2946 295 3021 verit,
319 2946 448 3006 Leonem
474 2946 674 3020 impatientem
701 2943 791 3003 inisse
821 2949 931 3003 certum
954 2951 1007 3004 est.
1051 2947 1118 3019 Ipse
1147 2947 1263 3020 quidem
1283 2947 1420 3007 Miltitius

205 3051 313 3112 bullam
336 3051 557 3126 damnatoriam,
585 3055 685 3125 utpote
712 3065 786 3123 quae
809 3047 936 3107 nondum
957 3051 1140 3124 promulgata
1163 3057 1257 3126 esset,
1285 3052 1421 3126 abrogari

206 3158 252 3216 vel
273 3155 418 3216 moderari
440 3173 525 3231 posse
545 3156 685 3230 jactabat,
708 3153 759 3214 sed
782 3155 851 3214 dum
872 3153 1030 3212 Lutherum
1054 3154 1091 3213 ad
1113 3156 1295 3216 scribendum
1317 3157 1420 3230 impel-

206 3261 255 3334 lit,
283 3261 425 3320 Saxoniae
447 3261 575 3320 Electuri
597 3260 747 3318 consilium
771 3258 864 3332 dedit,
886 3265 918 3317 ut
941 3257 1159 3334 Cardinalibus,
1181 3261 1312 3334 inprimis
1331 3277 1422 3334 nepo·

207 3363 284 3421 tibus
303 3365 352 3436 qui
369 3365 554 3438 vocabantur,
577 3365 731 3438 pecuniam
754 3359 911 3421 mitteret.¹
956 3362 1037 3436 Quod
1061 3381 1146 3437 quam
1168 3365 1286 3438 indigne
1308 3367 1420 3438 probis-

208 3466 297 3524 simus
319 3467 458 3540 Princeps
484 3469 596 3541 tulerit,
619 3467 706 3526 facile
726 3468 915 3541 intellegitur.
961 3467 1146 3542 Promulgata
1167 3469 1254 3543 paulo
1276 3475 1343 3544 post
1356 3471 1420 3543 ipsa

209 3570 289 3628 bulla
312 3575 369 3645 est,
389 3585 478 3644 quae,
498 3571 541 3629 uti
561 3571 650 3629 otiam
672 3569 811 3629 Erasmus
832 3572 947 3643 saepius
969 3577 1109 3645 testatur,
1132 3589 1255 3632 nascens
1278 3567 1419 3634 ecclesiae

208 3673 360 3734 discidium
382 3673 543 3733 insanabile
569 3674 632 3734 iero
649 3674 785 3734 reddidit.
830 3675 912 3734 Haec
928 3677 1010 3748 quasi
1026 3677 1122 3736 oleum
1144 3679 1215 3738 illud
1237 3684 1309 3754 crat,
1329 3697 1420 3753 pyrae

180 3755 351 3854 additum,
381 3781 461 3854 qu'us
488 3780 615 3854 imagine
654 3781 685 3836 in
717 3780 803 3838 mimo
838 3796 925 3853 supra
956 3787 1115 3841 memorato
1142 3783 1313 3856 tragoediae
1341 3790 1421 3844 cata·

206 3885 323 3959 stropho
357 3885 530 3959 depingitur.
583 3883 732 3944 Revocare
765 3885 925 3944 sententias
959 3903 995 3944 ex
1027 3887 1090 3958 ipso
1122 3887 1273 3961 evaugelio
1303 3887 1421 3948 bonnas

206 3990 351 4051 Lutherus
373 3992 452 4050 salva
471 3990 649 4050 conscientia
671 4007 728 4048 nou
750 3995 879 4064 poterat,
902 4006 955 4062 pro
978 3991 1055 4048 virili
1077 3996 1161 4064 parte
1177 3992 1323 4065 tyrannidi
1346 3994 1420 4052 anti-

207 4095 382 4155 christianae
403 4096 540 4155 resistare
562 4094 673 4154 indubii
695 4094 783 4154 officii
806 4101 878 4154 eret.
924 4095 1101 4169 Vitebergae
1121 4098 1242 4156 solemni
1265 4103 1331 4156 actu
1346 4115 1421 4172 sym-

207 4197 301 4257 bolico
323 4198 403 4257 bulla
425 4200 477 4258 illa
501 4207 603 4259 exusta
625 4205 683 4274 est,
713 4217 767 4274 por
789 4205 879 4258 totam
901 4197 1062 4273 Europam,
1091 4201 1169 4260 baud
1191 4217 1259 4260 raro
1278 4219 1336 4260 una
1355 4218 1420 4261 com

207 4303 329 4379 adjectis
347 4303 468 4364 Hutteni
503 4306 610 4365 notulis
643 4321 679 4363 ex
710 4311 793 4379 parte
827 4303 1073 4380 ingeniosissimis,
1107 4305 1192 4366 avide
1224 4307 1421 4386 lectitabatur.

210 4493 463 4502 .—-.-.-.-——

295 4607 322 4678 l)
342 4608 498 4661 Seeleudorl
515 4611 531 4662 l.
542 4627 562 4661 c.
582 4627 607 4677 p.
618 4615 649 4662 99
664 4627 694 4662 ex
712 4609 813 4662 Miltltii
831 4609 927 4662 litteris
947 4611 974 4662 in
992 4611 1097 4662 archivo
1112 4611 1238 4664 saxonico
1253 4613 1422 4670 conservatis.
