3156 5056
206 315 258 372 174
695 312 800 369 Panurs
817 313 931 369 Pacorus

561 409 781 415 ———--
803 410 817 415 -
840 410 848 415 .
866 406 1187 415 -—-.—.-——-—--—-
1211 403 1416 412 --.-,.—-.—..

205 550 269 595 esse
299 529 401 608 vidit,¹
435 532 521 606 idque
558 532 699 591 bonarum
734 533 849 592 illarum
877 533 1040 592 litterarum
1069 530 1188 603 auxilio,
1224 527 1326 602 quibus
1356 534 1418 587 tum

205 640 365 712 scripturae
393 643 423 697 et
450 637 590 696 historiae
619 638 727 697 veritas
750 638 960 712 vindicaretur,
990 644 1051 695 tum
1079 636 1187 708 largior
1215 635 1297 708 quasi
1319 651 1417 692 rerum

203 742 394 800 humanarum
425 747 559 814 aspectus
587 741 786 815 praeberetur.
838 743 949 800 Novam
979 757 1097 815 prorsus
1118 743 1246 797 aetatem
1266 739 1417 810 accedere,

205 849 286 922 cujus
316 847 373 904 dm
407 847 495 904 etiam
526 846 651 904 ecclesia
681 846 808 919 effugere
838 863 897 904 non
919 849 1029 919 posset,
1056 843 1102 901 vir
1124 844 1273 916 qnisquam
1295 841 1417 900 Erasmo

204 951 312 1010 clarius
340 950 486 1012 divinavit.
537 951 620 1008 Hanc
652 951 818 1009 venientem
847 951 910 1022 ipse
942 948 1086 1022 quondam
1110 947 1225 1021 juvenis
1253 946 1418 1004 incredibili

204 1055 310 1130 gaudio
340 1055 533 1128 salutaverat,
562 1060 735 1128 propterea,
766 1060 798 1112 ut
827 1055 919 1112 amico
942 1053 1071 1126 scripsit,
1101 1052 1179 1109 vitae
1201 1066 1319 1122 amans,
1341 1049 1419 1122 qnod

204 1165 315 1218 tantum
345 1159 558 1218 renascentium
586 1159 692 1231 ubique
723 1159 885 1218 litterarum
911 1157 1092 1231 splendorem
1122 1155 1313 1228 conspiceret.
1359 1153 1419 1213 Sed

204 1281 269 1323 mox
299 1268 486 1337 tempestates
514 1264 626 1337 ingenti
652 1265 778 1322 omnium
803 1279 900 1322 rernm
929 1263 1089 1321 mutatione
1119 1261 1281 1319 exemturas
1303 1259 1417 1330 timere,

204 1369 285 1442 paci,
312 1385 397 1441 quam
423 1369 543 1441 querela
564 1368 615 1426 illa
643 1368 816 1442 celebravit,
839 1367 990 1426 consulere
1018 1366 1121 1438 coepit.
1165 1363 1228 1422 Hoc
1258 1364 1352 1421 animo
1385 1363 1417 1420 in

204 1473 402 1530 controversia
423 1472 635 1531 Reuchliniana
659 1473 819 1545 juventutis
849 1471 886 1530 ab
913 1471 1004 1544 ipsius
1032 1485 1083 1528 ore
1113 1467 1267 1542 pendentis
1296 1468 1417 1525 nimium

205 1577 339 1636 ardorem
364 1577 510 1636 moderari
537 1577 655 1636 studuit.
699 1577 795 1648 Quare
827 1593 900 1635 nnus
931 1591 968 1634 ex
989 1575 1117 1634 obscuris
1140 1574 1209 1632 viris
1239 1573 1270 1630 in
1299 1569 1417 1630 famosis

205 1681 334 1755 epistolis
367 1681 516 1755 ingeniose
548 1679 694 1738 inducitur
727 1681 870 1740 scribens:
902 1680 1056 1754 ,Erasmm
1095 1682 1141 1736 est
1174 1677 1259 1736 homo
1285 1693 1338 1750 pro
1365 1675 1416 1735 se.‘

204 1785 347 1844 Nimirum
369 1801 503 1858 maguam
526 1790 557 1843 et
578 1787 774 1844 necessariam
796 1803 892 1844 rerum
914 1785 1103 1844 mutationem
1126 1782 1291 1841 consociato
1312 1782 1417 1839 multo-

204 1907 269 1949 rum
297 1891 433 1949 continuo
459 1891 558 1949 labore
585 1891 726 1964 paulatim
748 1888 812 1949 fieri
833 1891 930 1949 voluit.
974 1890 1040 1949 Jam
1062 1889 1131 1948 inde
1152 1889 1190 1946 ab
1212 1887 1263 1946 illo
1285 1892 1415 1960 tempore

203 2010 296 2054 novae
318 1993 396 2052 illius
417 1995 523 2054 aetatis
545 1995 732 2066 praenuntios
749 2001 779 2054 et
800 1995 880 2067 quasi
904 1999 1105 2052 antecursores
1119 1993 1199 2051 lente
1219 1989 1416 2050 festinandum

203 2115 268 2158 esse
298 2098 461 2172 admonuit,
494 2115 531 2156 ne
559 2105 679 2171 praeter
712 2098 872 2158 insanabile
900 2097 1123 2156 Pharisaeorum
1158 2102 1188 2155 et
1214 2095 1414 2170 Sophistarnm

203 2203 300 2262 odium
324 2205 411 2262 otiam
434 2204 584 2262 meliorum
606 2202 784 2276 quorundam
805 2203 965 2276 hominum,
995 2203 1176 2260 inveteratae
1200 2199 1416 2260 consuetudinis

204 2309 379 2380 amantium,
407 2309 451 2365 ira
480 2308 658 2367 excitaretur
680 2324 770 2382 neve,
801 2307 868 2366 dum
890 2306 1019 2366 medicus
1041 2307 1233 2366 inclementer
1253 2311 1284 2364 et
1306 2305 1416 2363 incom-

203 2411 288 2472 mode
325 2413 493 2471 admoveret
530 2411 707 2485 remedium,
746 2413 858 2486 aegroti
892 2411 979 2470 saluti
1012 2411 1210 2469 consulentem
1244 2425 1297 2483 pro
1329 2411 1414 2468 hoste

203 2517 353 2575 ducerent.
398 2515 560 2574 Convenire
583 2517 690 2589 magis,
709 2522 742 2574 ut
764 2517 826 2588 ,qui
846 2513 1053 2590 profiterentur
1073 2516 1164 2574 bonas
1186 2515 1315 2588 litteras,
1338 2531 1412 2587 quae

202 2621 288 2692 vulgo
310 2618 479 2676 laborarent
497 2619 606 2678 invidia
627 2619 781 2692 novitatis,
803 2637 891 2692 quum
913 2625 1011 2679 essent
1035 2620 1263 2693 antiquissimae,
1286 2619 1415 2677 civiliter

202 2725 367 2796 irreperent
388 2724 483 2797 potius
507 2739 591 2796 quam
614 2723 757 2782 hostiliter
771 2725 979 2796 irrumperent,
1001 2741 1096 2796 neque
1119 2725 1216 2782 statim
1231 2723 1310 2781 velut
1331 2739 1414 2782 sexa·

203 2829 337 2902 genarios
366 2827 404 2885 de
426 2833 513 2900 ponte
536 2827 729 2901 depellerent,
755 2827 807 2885 sed
836 2829 974 2901 paulatim
996 2829 1193 2886 coalescerent
1215 2844 1280 2886 cum
1303 2828 1413 2886 veteri·

201 2931 255 2990 bus
275 2927 436 2991 coloniis.‘²

289 3036 364 3096 Huic
383 3037 472 3112 igitur
492 3038 611 3111 negotio
632 3053 703 3111 prae
726 3037 833 3096 ceteris
854 3037 1000 3111 principes
1023 3039 1167 3097 ecclesiae
1183 3043 1214 3096 et
1233 3037 1412 3110 reipublicae

200 3141 367 3214 adiumento
390 3158 455 3202 esse
476 3141 599 3216 debere,
629 3143 707 3216 ipsos
730 3141 977 3201 commonefacere
996 3141 1135 3201 Erasmm
1157 3149 1275 3201 strerme
1297 3141 1412 3200 niteba-

201 3251 258 3306 tur.
302 3247 403 3320 Neque
427 3247 590 3320 ubicunque
612 3247 643 3305 id
665 3248 741 3320 agit,
766 3248 907 3305 sermonis
928 3247 1094 3306 libertatem
1116 3249 1147 3305 in
1169 3263 1205 3306 eo
1227 3247 1413 3306 desiderave-

200 3352 257 3423 ris,
276 3351 338 3408 sive
360 3352 438 3424 ipsos
456 3353 603 3424 principes
621 3352 682 3409 sire
705 3351 943 3410 familiarissimos
966 3369 1066 3411 eorum
1081 3353 1226 3410 ministros
1248 3352 1410 3424 alloquitur.

201 3453 362 3512 Dummodo
390 3457 485 3512 seriae
514 3455 740 3526 reformationis,
770 3455 864 3527 qualis
892 3455 1002 3514 tamdiu
1023 3461 1191 3529 exspectata
1213 3457 1265 3530 sit,
1295 3455 1411 3528 aliquod

201 3557 316 3615 initium
345 3555 410 3630 fiat,
440 3573 541 3615 omnes
563 3558 656 3617 bonae
679 3557 834 3616 voluntatis
854 3559 985 3619 homines
1007 3561 1146 3635 paulatim
1168 3561 1207 3618 ad
1228 3559 1410 3618 concordiam

200 3661 346 3721 redituros
370 3677 434 3719 esse
462 3667 568 3734 sperat.
620 3662 683 3720 Hac
709 3668 807 3720 mente
835 3679 911 3721 anno
933 3665 1010 3722 illius
1031 3666 1123 3723 seculi
1149 3666 1286 3723 vicesimo
1307 3669 1410 3736 quarto

200 3765 238 3826 ad
267 3764 483 3844 Ferdipandum
508 3765 606 3824 Caroli
626 3765 661 3824 V.
680 3765 801 3825 batrem
828 3769 954 3841 scripsit:
987 3769 1229 3843 ,Submonueram
1258 3768 1410 3827 inuictissi-

201 3889 278 3931 mnm
313 3871 469 3930 Caesarem
502 3888 556 3945 per
588 3871 767 3944 Glapionem.
825 3871 1052 3933 Submonueram
1086 3881 1115 3933 et
1146 3875 1304 3933 Adrianum
1340 3888 1412 3946 pon·

198 3975 312 4038 tificenn
367 3977 525 4037 Submonui
560 3976 739 4036 Clementem
777 3981 809 4036 et
840 3977 925 4051 hujns
960 3979 1088 4052 legatum
1126 3979 1322 4052 Campegium.
1378 3977 1410 4035 Si

198 4081 339 4154 quaedam
372 4087 569 4156 mutarentur,
607 4098 681 4156 qnae
710 4083 789 4141 nullo
818 4083 966 4158 religionis
994 4082 1162 4159 dispendio,
1193 4084 1272 4142 nulla
1300 4081 1409 4155 publici

199 4191 292 4243 status
319 4186 502 4246 conmisione
529 4189 634 4245 mutari
657 4194 792 4260 possunt,
829 4187 916 4261 idque
942 4185 1027 4247 fieret
1055 4205 1091 4247 ex
1114 4190 1287 4248 auctoritate
1316 4188 1411 4260 ponti·

197 4287 292 4364 ficum,
312 4291 509 4364 episcoporum
526 4297 557 4350 et
576 4291 756 4366 principum,
778 4293 900 4351 mundus
922 4294 1024 4366 opinor
1044 4294 1188 4367 inciperet
1209 4285 1410 4354 auscultare.‘⁸

197 4610 248 4661 xx
288 4523 671 4659 lgctparaphrjnlssor.
692 4533 718 4590 3,
739 4532 800 4578 tis.
908 4527 1020 4599 2)l?.pp.
1042 4528 1207 4596 mihil.
1291 4537 1318 4603 3)
1339 4537 1408 4604 Epp.

255 4613 323 4669 Α.
