3202 5058
687 325 779 375 Carum
797 326 831 376 II.
1328 331 1362 386 69

159 417 173 422 -
180 417 515 423 ...η-*ψ
523 417 656 424 --.--..

147 540 281 599 morendi
312 545 403 599 erent.
448 538 551 598 Fidem
582 537 750 598 catholicam
779 539 988 599 immutabilem
1022 555 1086 599 esse
1119 543 1245 616 episcopi
1271 559 1360 618 saepe

145 645 306 717 gloriantes
344 643 572 704 declaraverunt
625 641 664 701 At
691 643 933 702 Palaeooatbolioi
963 643 1049 702 fidem
1083 661 1140 703 non
1170 652 1361 721 mutaverant,

147 749 218 821 quin
249 750 335 808 immo
368 748 536 822 Jubentibus
573 747 729 821 episcopis,
762 755 882 822 propter
914 748 1002 806 animi
1034 750 1257 809 inconstantiam
1284 752 1360 810 male

146 839 276 926 iamoiis,
303 858 404 912 contm
426 853 632 911 conscientiam
654 856 766 910 mutare
789 849 873 911 fidem
893 859 1106 912 recusaverant.
1150 852 1361 914 Detrectabant
1423 911 1428 922 ,

146 957 325 1030 opinionem,
354 973 439 1030 quam
470 973 586 1030 prorsus
615 956 741 1014 alienam
770 973 788 1014 a
818 963 917 1016 vetere
948 958 1073 1017 ecclesia
1094 956 1182 1016 inisse
1202 957 1359 1018 doctissimi

145 1062 252 1134 quique
277 1059 450 1120 Germaniae
478 1061 605 1135 episcopi
646 1059 731 1133 paulo
764 1067 832 1119 ante
865 1062 970 1120 iterum
1003 1063 1165 1135 iterumque
1195 1063 1359 1122 necessarie

146 1165 433 1240 demonstraverant,
463 1179 547 1238 quam
571 1181 628 1224 non
650 1180 715 1223 esse
734 1165 905 1224 catholicam
927 1181 1027 1224 omnes
1049 1163 1207 1224 Hiberniae
1231 1165 1358 1238 episcopi

145 1285 201 1342 per
231 1271 348 1342 longum
378 1275 507 1342 tempus,
546 1269 626 1328 nullo
656 1269 872 1328 mnbadicente
900 1270 946 1328 vel
978 1268 1178 1328 intercedente
1208 1266 1358 1343 Pontifice,

141 1373 332 1446 Jurojurando
355 1371 604 1432 confirmaverant.
650 1373 733 1430 Nune
755 1374 896 1447 episcopi,
923 1374 970 1445 qui
993 1387 1066 1432 novo
1089 1372 1217 1446 dogmati
1238 1388 1269 1432 se
1291 1371 1357 1430 sub·

139 1479 289 1551 jecerant,
321 1477 472 1550 disputare,
499 1477 535 1535 de
574 1493 610 1536 eo
644 1493 707 1536 cnm
738 1476 925 1551 Doellingerc
962 1477 1084 1550 aliisque
1121 1474 1301 1550 praefracte,
1324 1481 1357 1534 ut

144 1581 283 1654 vidimus,
304 1581 485 1656 abnuebant,
508 1581 651 1640 ecclesiae
674 1581 842 1655 doctrinam,
866 1582 936 1640 licet
957 1587 1110 1654 mutam,
1135 1587 1233 1640 tamen
1254 1596 1358 1640 revera

144 1701 203 1743 non
228 1700 291 1743 esse
312 1689 466 1758 mmmmm,
489 1683 540 1743 sed
563 1685 771 1744 immutabilem
792 1686 984 1758 permansisse
1000 1685 1155 1744 ostendere
1171 1683 1357 1758 conabantur,

143 1789 198 1848 sed
226 1796 284 1848 tarn
314 1789 444 1849 ridiculis
471 1795 502 1848 et
524 1789 687 1863 sophisticis
707 1790 899 1864 argumentis,
927 1795 959 1848 ut
980 1788 1103 1848 fortasse
1126 1789 1241 1848 indocto
1262 1789 1357 1864 vulgo,

143 1893 193 1951 vix
225 1892 278 1952 sibi
305 1895 389 1968 ipsis,
424 1897 504 1952 certe
532 1909 591 1951 non
620 1894 698 1952 sanis
724 1894 942 1967 magistratuum
976 1893 1120 1952 mentibus
1145 1890 1356 1952 satisfacerent

140 1999 246 2070 Itaque
273 1997 374 2056 illido
401 1998 578 2072 argumentis
602 1999 661 2056 suis
686 1999 741 2070 ipsi
767 1997 956 2071 desperantes
986 1996 1089 2069 adjus
1116 1996 1251 2070 formale,
1280 1994 1356 2068 quod

141 2101 254 2174 dicunt,
275 2107 520 2175 provocaverunt:
543 2102 654 2160 scilicet
676 2101 891 2174 magistratibus
910 2100 946 2158 de
963 2100 1165 2158 controversiis
1187 2099 1356 2172 dogmaticis

145 2221 207 2262 non
227 2204 411 2276 judicandum
434 2221 513 2280 esse,
532 2205 583 2264 sed
606 2202 804 2278 quaerendum
826 2202 1037 2276 tantummodo,
1060 2219 1127 2260 num
1150 2201 1218 2274 qnid
1233 2201 1356 2260 ecclesia

143 2309 184 2367 de
215 2308 249 2367 iis
276 2326 312 2368 ex
339 2311 397 2368 suis
424 2309 536 2384 legibus
564 2310 621 2368 rite
651 2306 820 2381 decidissem
854 2307 931 2380 quod
960 2306 1029 2379 quin
1055 2305 1091 2364 de
1122 2320 1196 2364 novo
1222 2303 1357 2378 dogmate

145 2413 254 2471 sactum
284 2419 376 2486 esset,
406 2413 532 2472 dubitari
562 2429 620 2471 non
649 2427 742 2486 posse.
792 2411 832 2469 At
859 2428 895 2469 ne
925 2410 979 2468 boc
1008 2407 1124 2482 quidem
1149 2409 1215 2481 jure
1238 2413 1357 2466 conteu-

144 2516 262 2575 derunt.
306 2517 335 2574 Is
363 2518 453 2591 enim,
480 2533 564 2590 quem
592 2515 746 2574 Erasmnm
767 2515 926 2574 redivivum
952 2519 1142 2586 vocaverunt,
1174 2511 1280 2584 aliique
1302 2511 1357 2569 viri

143 2621 299 2679 uniuersae
319 2619 493 2681 Germaniae
514 2619 716 2694 spectatissimi
731 2618 903 2677 Vaticanum
926 2618 1079 2676 concilium
1102 2615 1259 2676 secundum
1280 2616 1358 2688 ipsas

142 2725 229 2798 leges
249 2725 460 2784 ecclesiasticas
481 2725 538 2783 rite
561 2729 659 2782 actum
681 2739 739 2780 non
760 2737 823 2780 esse
846 2722 1134 2794 demonstraverunt,
1163 2718 1250 2792 idque
1272 2711 1358 2792 argu·

142 2827 267 2902 mentis,
282 2823 367 2900 'quae
390 2825 486 2888 reielli
507 2844 563 2887 non
587 2843 672 2900 posse
695 2826 838 2884 communi
860 2826 1080 2900 magistratuum
1102 2823 1199 2882 sensui
1221 2821 1359 2880 videban-

141 2939 202 2989 tur.
248 2931 382 3005 Accedit,
410 2931 487 3004 quod
514 2931 601 2990 etiarn
624 2928 828 2988 Tridentinum
851 2928 1016 3000 concilium,
1043 2927 1073 2985 id
1097 2925 1174 2998 quod
1195 2924 1359 2984 Leibnitius
1404 2933 1407 2940 '

144 3035 272 3108 monuit,
303 3050 321 3092 a
351 3035 481 3109 pluribus
514 3036 611 3108 regnis
641 3033 791 3093 catholicis
820 3033 949 3107 agnitum
982 3047 1040 3089 non
1069 3036 1121 3088 est.
1170 3029 1205 3086 In
1234 3027 1359 3084 Bouaria

142 3139 290 3198 Vaticana
312 3138 431 3198 decreta
458 3139 521 3197 sine
540 3138 651 3197 Placito
674 3138 756 3212 regio
777 3136 965 3209 proclamari,
991 3133 1096 3190 nedum
1118 3136 1152 3189 nt
1174 3131 1254 3204 leges
1276 3145 1357 3187 usur-

142 3243 229 3316 pari,
250 3259 309 3301 non
331 3243 446 3302 licebat.
491 3243 570 3314 Quae
594 3259 680 3315 quum
703 3243 745 3298 ita
768 3244 879 3312 essent,
908 3253 976 3295 num
998 3235 1216 3308 Doellingernm
1239 3233 1358 3304 ejusque

142 3346 255 3404 amicos
270 3347 398 3429 Seberrii
420 3348 539 3420 eJ'usque
562 3345 696 3404 similium
719 3343 840 3402 arbitrio
859 3341 1004 3415 projicere
1026 3337 1071 3397 ias
1095 3339 1178 3398 erat?
1212 3334 1284 3394 Tale
1308 3335 1360 3394 ali-

143 3449 217 3524 quid
246 3451 347 3508 snmmi
378 3450 565 3522 magistratus
593 3451 640 3508 vel
663 3447 822 3508 Bavaricae
844 3445 1052 3506 Berussioaove
1081 3442 1206 3502 civitatis
1234 3440 1281 3499 uel
1308 3439 1361 3498 im·

141 3554 222 3629 perii
245 3553 408 3613 Germanici
430 3559 601 3627 perpetrare
624 3553 703 3612 nullo
723 3549 806 3610 modo
829 3554 972 3624 poterant
1018 3547 1048 3607 Si
1063 3547 1210 3619 fecissent,
1238 3551 1269 3603 et
1289 3545 1361 3618 ipsis

142 3655 318 3718 sacrificium
339 3658 479 3718 scientiae
503 3664 533 3718 et
555 3657 750 3716 conscientiae
780 3661 868 3714 antea
890 3651 1067 3712 offerendum
1089 3657 1161 3711 erat.
1207 3649 1307 3721 Itaque
1330 3649 1361 3705 iu

143 3762 277 3821 omnibus
299 3761 401 3836 rebus,
425 3763 461 3821 de
483 3763 586 3835 quibus
606 3761 677 3834 ipsis
696 3758 883 3833 iudicandum
905 3763 983 3832 erat,
1005 3753 1229 3831 prospiciebant,
1251 3757 1283 3808 ut
1305 3751 1360 3807 viri

143 3866 190 3924 illi
222 3883 285 3924 cum
318 3867 469 3925 immutata
498 3864 645 3924 sententia
678 3879 731 3922 sna
764 3864 852 3922 etiam
885 3862 1066 3920 imnutatum
1096 3861 1144 3932 jus
1176 3856 1206 3912 in
1237 3853 1361 3912 ecclesia

144 3969 292 4030 catholica
313 3971 485 4029 retinerent.

235 4074 269 4132 ld
290 4090 361 4132 vero
384 4071 528 4134 Pontifioii
547 4078 606 4131 tam
629 4088 717 4146 aegre
740 4071 883 4144 tulerunt,
906 4085 992 4141 quam
1015 4065 1193 4124 comitiorum
1209 4057 1361 4117 Germani·

143 4193 246 4237 corum
270 4184 371 4237 contra
391 4176 587 4236 restituendas
609 4181 703 4234 terras
725 4175 844 4248 papales
859 4173 921 4231 lata
935 4168 1079 4242 suffragia.
1124 4163 1254 4234 [lneque
1274 4161 1362 4236 igitur

141 4297 179 4340 re
210 4281 247 4340 ad
274 4281 478 4355 exagitandam
500 4281 616 4356 plebem
639 4279 802 4350 utebantur,
832 4274 971 4350 imprimis
995 4271 1089 4343 anxii,
1111 4283 1148 4326 ne
1176 4267 1362 4341 magistratus

141 4385 177 4442 in
199 4383 314 4443 tuendis
335 4385 516 4460 probissimis
544 4382 705 4458 quibusque
727 4378 966 4456 praeceptoribus
991 4381 1022 4436 et
1043 4372 1220 4448 presbyteris
1242 4368 1362 4428 catholi-

142 4487 202 4561 cis,
221 4489 269 4562 qui
290 4505 395 4548 nouam
421 4488 583 4548 infallibilis
594 4487 691 4560 Papae
709 4483 795 4543 fidem
818 4479 950 4543 confiteri
965 4479 1125 4549 noluerant,
1143 4473 1242 4550 populi
1263 4471 1362 4530 favore

141 4592 366 4666 adjuvarentnr3
390 4599 568 4668 quapropter
590 4591 736 4666 delatores
755 4588 922 4662 nequissimi
945 4585 1024 4644 viros
1046 4582 1111 4641 illos
1133 4579 1169 4638 de
1185 4575 1363 4636 instituenda
