3194 5042
691 336 779 390 Garun
797 336 830 389 V.
1323 341 1374 395 133

142 431 303 438 m..
474 431 630 437 ¹.—--..—-—-
830 432 927 438 -.---.--
949 433 1015 438 —n
1027 432 1171 439 .—--.—.
1187 434 1375 443 ——...—

140 539 296 613 examine,
324 539 377 598 sed
405 557 443 598 ex
470 540 578 598 affectu
605 556 711 616 parum
733 539 890 599 informato
912 539 1078 616 profectum
1100 557 1178 615 esse,
1207 545 1236 601 et
1258 542 1375 603 auditae

142 651 216 706 sunt
237 645 374 724 querelae
392 645 566 722 dicentium,
586 646 703 723 judices
721 647 982 708 astronomicarum
1001 648 1236 708 observationum
1255 649 1374 726 imperi·

143 753 277 813 tissimus
309 758 370 812 tam
403 754 564 831 impmviso
596 753 751 814 interdicto
784 773 844 814 non
877 755 1015 814 debuisse
1042 755 1127 834 quasi
1154 755 1217 816 alas
1243 757 1374 818 incidere

144 861 365 938 speculantium
387 861 523 938 ingeniis
566 860 697 936 Quorum
720 863 915 922 temeritatem
938 863 1027 922 tacite
1050 863 1190 922 sustineri
1208 881 1268 923 non
1286 883 1374 942 posse

145 973 228 1029 ratus
252 969 403 1046 equidem,
426 969 675 1046 prudentissimae
697 969 782 1030 illius
804 969 984 1030 definitionis
1007 971 1136 1048 perfecte
1155 989 1277 1048 gnarus,
1300 977 1373 1032 tam-

145 1095 235 1154 quam
273 1077 404 1137 sincerae
440 1077 573 1136 veritatis
609 1077 695 1137 testis
731 1077 763 1136 in
795 1078 899 1137 mundi
930 1079 1043 1138 theatro
1075 1097 1242 1156 comparere
1274 1081 1372 1140 statui

143 1184 263 1244 Etenim
286 1189 357 1244 tunc
379 1185 520 1262 temporis
543 1203 682 1262 praesens
706 1203 785 1244 eram
803 1185 925 1260 Romae,
949 1185 1248 1248 eminentissimorum
1268 1187 1374 1248 Curiae

143 1293 341 1370 praelatorum
368 1310 429 1351 non
456 1297 571 1351 tantum
598 1293 748 1353 auditione
777 1293 829 1353 sed
852 1293 941 1353 etiam
964 1293 1110 1371 applausu
1133 1295 1296 1371 gaudebam
1318 1313 1374 1355 nec

144 1401 210 1459 sine
228 1399 327 1478 aliqua
344 1400 551 1460 informatione
569 1419 634 1460 mea
651 1401 841 1461 antecedente
860 1402 1011 1460 decretum
1029 1401 1104 1460 illud
1123 1402 1239 1478 prodiit.
1277 1400 1373 1477 Quare
1429 1431 1438 1456 a

143 1508 200 1568 hoc
227 1525 292 1567 meo
319 1507 418 1568 labore
444 1508 598 1568 ostendere
624 1508 700 1567 mibi
726 1509 867 1586 proposui
894 1509 1004 1569 exteris
1032 1509 1212 1584 nationibus,
1245 1527 1314 1570 oum
1340 1511 1373 1570 in

143 1615 231 1674 Italia
253 1621 316 1674 tum
336 1615 446 1676 Romae
468 1620 584 1675 tantum
607 1616 677 1676 sciri
700 1617 737 1677 de
759 1617 815 1676 hac
836 1616 970 1692 materia,
994 1622 1140 1695 quantum
1158 1617 1223 1694 ejus
1241 1635 1373 1696 unquam

143 1723 327 1800 transalpina
349 1723 505 1800 diligentia
527 1723 687 1800 imaginata
708 1729 767 1799 est,
790 1724 921 1802 itemque
944 1725 1089 1802 quidquid
1112 1725 1149 1784 de
1173 1724 1372 1802 Copernicano

144 1835 306 1906 systemate
333 1831 532 1908 excogitatum
555 1835 602 1891 est
624 1831 754 1892 oratione
776 1832 950 1909 complexus
973 1833 1153 1906 monstrabo,
1181 1833 1373 1893 haecomnia

142 1937 254 1998 Romae
286 1939 370 2016 prius
398 1939 515 2015 cognita
542 1939 649 2014 fuisse,
682 1957 771 2016 quam
798 1939 851 1998 illa
878 1957 1003 1999 censura
1030 1941 1107 1999 sacta
1134 1917 1191 2014 sit,
1218 1945 1307 2017 atque
1334 1959 1372 2000 ex

143 2051 261 2106 nostrae
289 2045 418 2123 regionis
445 2046 525 2106 coelo
552 2063 613 2106 non
640 2050 756 2105 tantum
783 2047 920 2122 dogmata
942 2047 979 2105 ad
1002 2047 1160 2106 servandas
1183 2047 1296 2107 animas
1320 2047 1373 2107 sed

143 2154 231 2214 etiam
255 2154 409 2230 ingeniosa
431 2154 552 2213 inventa
574 2153 611 2212 ad
634 2153 805 2214 oblectanda
827 2153 947 2230 ingenia
969 2153 1067 2214 exire!

249 2261 315 2322 Hoc
341 2261 433 2338 igitur
459 2261 627 2321 intellectus
655 2261 810 2336 sacrificio,
839 2279 926 2339 quem
954 2279 1014 2320 non
1042 2261 1153 2321 serium
1181 2262 1237 2320 viri
1265 2262 1372 2322 cruditi

143 2369 231 2429 facile
253 2370 437 2446 perspecturi
460 2374 555 2443 erant,
579 2367 729 2429 Galilaeus
748 2369 858 2444 effecit,
881 2373 916 2428 ut
933 2369 1063 2446 primum
1083 2369 1195 2429 Censor
1211 2369 1371 2446 Romanus,

143 2477 249 2537 deinde
276 2477 440 2555 Inquisitor
467 2476 654 2536 Florentinus
685 2477 791 2536 edendi
819 2476 888 2536 libri
914 2477 1032 2536 reniam
1059 2477 1087 2537 ei
1114 2477 1204 2537 daret
1255 2476 1372 2555 Quippe

143 2585 336 2644 suadentibus
358 2585 474 2660 amicis,
499 2603 591 2662 quum
610 2584 720 2644 Romae
742 2583 840 2644 variae
862 2588 1054 2662 tempestates
1072 2584 1273 2661 imminerent,
1296 2603 1372 2662 opus

143 2711 231 2752 suum
258 2692 422 2752 Florentiae
454 2692 537 2769 typis
564 2692 791 2769 exprimendum
819 2709 921 2752 curare
949 2693 1087 2752 decrevit.
1138 2692 1265 2769 Magnus
1293 2693 1371 2768 Dux,

143 2804 177 2860 ut
199 2799 274 2859 illud
299 2799 355 2859 sibi
378 2799 574 2874 dedicaretur,
598 2800 725 2860 libenter
742 2800 885 2878 permisit
927 2800 991 2860 Hoc
1008 2801 1167 2877 adjuvaute
1184 2819 1277 2860 novae
1295 2800 1372 2860 diffi-

143 2907 269 2967 cultates
292 2908 370 2967 inter
387 2907 510 2966 Romam
533 2912 563 2967 et
580 2907 757 2968 Florentiam
783 2913 899 2968 exortae
922 2909 1102 2984 pedetentim
1121 2913 1275 2985 superatae
1293 2913 1370 2968 sunt.

142 3015 279 3093 Denique
311 3019 378 3092 post
408 3015 518 3074 multas
550 3032 646 3074 moras
679 3020 708 3073 et
740 3015 951 3091 impedimenta
981 3015 1077 3074 mensi
1105 3014 1262 3074 Februario
1288 3013 1371 3074 illius

143 3123 234 3183 seculi
272 3123 342 3182 anni
374 3123 494 3182 XXXII
525 3121 734 3182 celeberrimus
765 3121 840 3181 liber
871 3120 988 3198 prodiit
1043 3121 1108 3179 Jam
1140 3139 1233 3198 quum
1264 3121 1370 3195 omnia,

142 3248 336 3308 quaecunque
367 3247 504 3290 censores
536 3229 769 3307 postulaverant,
802 3228 858 3288 rite
889 3233 1007 3305 peracta
1034 3232 1146 3303 essent,
1179 3225 1371 3287 faustissimis

142 3337 290 3397 ominibus
318 3337 469 3398 Galilaeae
500 3337 622 3411 itemm,
655 3341 685 3396 et
716 3335 821 3395 fortius
854 3335 973 3413 quidem
1002 3353 1091 3413 quam
1117 3353 1249 3413 unquam
1276 3339 1370 3410 antea,

143 3446 198 3506 sub
221 3463 311 3505 exosa
333 3445 479 3505 mendacii
501 3445 582 3503 larva
601 3443 718 3503 veritati
736 3443 797 3501 vim
816 3443 964 3502 addidisse
983 3442 1040 3503 sibi
1059 3442 1143 3502 visus
1162 3447 1215 3502 est.
1257 3442 1371 3502 Revera

142 3553 248 3629 iugens
281 3553 379 3612 subito
410 3553 478 3612 libri
510 3553 589 3611 fama
621 3556 695 3626 erat,
728 3552 828 3610 crebra
859 3549 989 3610 virorum
1016 3550 1197 3610 eruditorum
1223 3549 1369 3626 assensio;

142 3678 239 3738 neque
267 3660 400 3736 deerant,
433 3659 485 3737 qui
513 3677 594 3718 nunc
620 3659 754 3734 demum,
782 3677 871 3736 quam
898 3663 978 3718 recta
1006 3657 1186 3736 Copemieus
1213 3657 1370 3732 docuisset,

143 3785 176 3828 se
207 3767 394 3828 intellexisse
426 3768 647 3827 confitebantur.
697 3765 803 3844 Neque
829 3784 898 3826 vero
927 3765 1004 3826 inter
1030 3769 1074 3824 tot
1100 3763 1191 3824 Italos
1219 3764 1370 3841 scriptoris

142 3875 253 3935 amicos
285 3880 315 3935 et
347 3876 550 3950 admiratores,
583 3879 644 3934 tam
677 3873 790 3933 sincera
818 3873 926 3950 pietate
954 3891 1043 3951 quam
1070 3872 1202 3932 doctrina
1228 3872 1370 3949 insignes,

142 3983 237 4043 fuisse
260 4001 438 4061 quemquam
461 3982 609 4056 videmus,
633 3981 684 4059 qui
707 3981 789 4040 illius
813 3980 1031 4040 simulationem
1055 3981 1153 4058 palam
1171 3979 1220 4040 rel
1238 3979 1370 4056 deplora-

142 4091 219 4150 verit
246 4090 295 4150 vel
323 4090 551 4168 reprehenderit.
598 4089 691 4149 Tanta
719 4088 798 4148 enirn
822 4088 884 4164 jam
912 4092 1044 4148 evaserat
1070 4087 1135 4162 illa,
1164 4104 1253 4164 quam
1280 4104 1371 4163 supra

143 4197 368 4275 descripsimus,
392 4197 537 4257 mendacii
557 4197 729 4270 dominatio,
752 4199 905 4256 utcontra
923 4214 988 4255 eam
1005 4195 1067 4256 veri
1085 4195 1255 4254 delensores
1273 4193 1371 4272 aliqua

144 4305 332 4366 simulatione
363 4305 409 4365 uti
440 4323 479 4365 ne
511 4305 667 4364 miraretur
698 4304 818 4382 quidem
850 4303 1021 4382 quisquam,
1053 4303 1163 4362 nedum
1194 4301 1277 4362 nefas
1306 4319 1372 4360 esso

144 4418 284 4473 censeret.
327 4411 465 4473 Sciebant
487 4429 602 4487 omnes,
627 4413 703 4470 hanc
726 4409 872 4471 scribendi
890 4410 1033 4470 rationem
1052 4409 1201 4486 scriptori,
1225 4409 1251 4468 si
1269 4408 1371 4468 auderi

143 4519 262 4596 publice
288 4519 391 4594 reflat,
419 4520 450 4578 vi
478 4519 604 4597 quadam
631 4519 726 4578 fuisse
749 4517 925 4595 impositam.
972 4516 1012 4576 Ut
1033 4516 1085 4576 ille
1108 4535 1168 4576 non
1190 4515 1287 4576 audiri
1310 4534 1371 4576 om-

143 4627 215 4686 nino
247 4645 336 4705 quam
367 4627 521 4688 veritatem
554 4627 610 4686 sub
642 4625 841 4686 simulationis
871 4623 1023 4684 involucro
1050 4625 1182 4703 prolerre
1208 4623 1371 4702 maluisset,
