<?xml version="1.0" encoding="UTF-8"?>
<!DOCTYPE html PUBLIC "-//W3C//DTD XHTML 1.0 Transitional//EN"
    "http://www.w3.org/TR/xhtml1/DTD/xhtml1-transitional.dtd">
<html xmlns="http://www.w3.org/1999/xhtml" xml:lang="en" lang="en">
 <head>
  <title>
</title>
<meta http-equiv="Content-Type" content="text/html;charset=utf-8" />
  <meta name='ocr-system' content='tesseract 3.04.00' />
  <meta name='ocr-capabilities' content='ocr_page ocr_carea ocr_par ocr_line ocrx_word'/>
</head>
<body>
  <div class='ocr_page' id='page_1' title='image "./erasmusredivivu00schlgoog_0193.png"; bbox 0 0 3156 5056; ppageno 0'>
   <div class='ocr_carea' id='block_1_1' title="bbox 250 265 972 326">
    <p class='ocr_par' dir='ltr' id='par_1_1' title="bbox 250 265 972 326">
     <span class='ocr_line' id='line_1_1' title="bbox 250 265 972 326; baseline -0.004 -2"><span class='ocrx_word' id='word_1_1' title='bbox 250 268 302 326; x_wconf 80' lang='lat'><strong>176</strong></span> <span class='ocrx_word' id='word_1_2' title='bbox 737 265 839 322; x_wconf 73' lang='lat' dir='ltr'><strong>Pharis</strong></span> <span class='ocrx_word' id='word_1_3' title='bbox 858 266 972 322; x_wconf 80' lang='lat' dir='ltr'><strong>Pntoars</strong></span> 
     </span>
    </p>
   </div>
   <div class='ocr_carea' id='block_1_2' title="bbox 556 361 866 368">
    <p class='ocr_par' dir='ltr' id='par_1_2' title="bbox 556 361 866 368">
     <span class='ocr_line' id='line_1_2' title="bbox 556 361 866 368; baseline 0 0"><span class='ocrx_word' id='word_1_4' title='bbox 556 361 742 368; x_wconf 73' lang='lat'>---—.-——-</span> <span class='ocrx_word' id='word_1_5' title='bbox 749 363 866 368; x_wconf 77' lang='lat'>—-—-</span> 
     </span>
    </p>
   </div>
   <div class='ocr_carea' id='block_1_3' title="bbox 242 481 1468 1183">
    <p class='ocr_par' dir='ltr' id='par_1_3' title="bbox 242 481 1468 1183">
     <span class='ocr_line' id='line_1_3' title="bbox 251 481 1468 557; baseline 0 -15"><span class='ocrx_word' id='word_1_6' title='bbox 251 499 285 542; x_wconf 90' lang='lat' dir='ltr'><strong>ac</strong></span> <span class='ocrx_word' id='word_1_7' title='bbox 318 483 491 543; x_wconf 88' lang='lat' dir='ltr'><strong>coelestibus</strong></span> <span class='ocrx_word' id='word_1_8' title='bbox 521 483 627 542; x_wconf 89' lang='lat' dir='ltr'><strong>litteris</strong></span> <span class='ocrx_word' id='word_1_9' title='bbox 654 481 826 557; x_wconf 90' lang='lat' dir='ltr'><strong>dignitatem</strong></span> <span class='ocrx_word' id='word_1_10' title='bbox 858 499 998 544; x_wconf 76' lang='lat' dir='ltr'>asserere.</span> <span class='ocrx_word' id='word_1_11' title='bbox 1050 481 1085 542; x_wconf 92' lang='lat' dir='ltr'><strong>Id</strong></span> <span class='ocrx_word' id='word_1_12' title='bbox 1108 482 1185 556; x_wconf 90' lang='lat' dir='ltr'><strong>quod</strong></span> <span class='ocrx_word' id='word_1_13' title='bbox 1209 482 1350 542; x_wconf 90' lang='lat' dir='ltr'><strong>hactenus</strong></span> <span class='ocrx_word' id='word_1_14' title='bbox 1381 486 1468 542; x_wconf 88' lang='lat' dir='ltr'><strong>tanto</strong></span> 
     </span>
     <span class='ocr_line' id='line_1_4' title="bbox 242 587 1468 663; baseline 0.003 -21"><span class='ocrx_word' id='word_1_15' title='bbox 242 588 303 648; x_wconf 85' lang='lat' dir='ltr'><strong>abs</strong></span> <span class='ocrx_word' id='word_1_16' title='bbox 326 593 355 648; x_wconf 91' lang='lat' dir='ltr'><strong>te</strong></span> <span class='ocrx_word' id='word_1_17' title='bbox 379 604 513 648; x_wconf 88' lang='lat' dir='ltr'><strong>successu</strong></span> <span class='ocrx_word' id='word_1_18' title='bbox 534 587 643 646; x_wconf 88' lang='lat' dir='ltr'><strong>factum</strong></span> <span class='ocrx_word' id='word_1_19' title='bbox 666 604 729 648; x_wconf 91' lang='lat' dir='ltr'><strong>esse</strong></span> <span class='ocrx_word' id='word_1_20' title='bbox 753 605 872 663; x_wconf 91' lang='lat' dir='ltr'><strong>censeo,</strong></span> <span class='ocrx_word' id='word_1_21' title='bbox 896 595 1026 648; x_wconf 83' lang='lat' dir='ltr'><strong>atcerte</strong></span> <span class='ocrx_word' id='word_1_22' title='bbox 1049 606 1108 648; x_wconf 90' lang='lat' dir='ltr'><strong>noa</strong></span> <span class='ocrx_word' id='word_1_23' title='bbox 1130 588 1253 662; x_wconf 89' lang='lat' dir='ltr'><strong>videam,</strong></span> <span class='ocrx_word' id='word_1_24' title='bbox 1275 604 1361 662; x_wconf 86' lang='lat' dir='ltr'><strong>quem</strong></span> <span class='ocrx_word' id='word_1_25' title='bbox 1382 593 1468 646; x_wconf 82' lang='lat' dir='ltr'><strong>uete-</strong></span> 
     </span>
     <span class='ocr_line' id='line_1_5' title="bbox 247 689 1468 766; baseline -0.002 -14"><span class='ocrx_word' id='word_1_26' title='bbox 247 711 311 752; x_wconf 89' lang='lat' dir='ltr'><strong>rum</strong></span> <span class='ocrx_word' id='word_1_27' title='bbox 332 693 531 766; x_wconf 80' lang='lat' dir='ltr'><strong>theologorum</strong></span> <span class='ocrx_word' id='word_1_28' title='bbox 553 691 608 750; x_wconf 91' lang='lat' dir='ltr'><strong>tibi</strong></span> <span class='ocrx_word' id='word_1_29' title='bbox 624 693 689 766; x_wconf 89' lang='lat' dir='ltr'><strong>jure</strong></span> <span class='ocrx_word' id='word_1_30' title='bbox 709 698 887 765; x_wconf 74' lang='lat' dir='ltr'><strong>anteponere</strong></span> <span class='ocrx_word' id='word_1_31' title='bbox 902 693 965 766; x_wconf 87' lang='lat' dir='ltr'><strong>quis</strong></span> <span class='ocrx_word' id='word_1_32' title='bbox 985 689 1132 751; x_wconf 85' lang='lat' dir='ltr'><strong>debeat.‘¹</strong></span> <span class='ocrx_word' id='word_1_33' title='bbox 1176 692 1229 750; x_wconf 94' lang='lat' dir='ltr'><strong>Illo</strong></span> <span class='ocrx_word' id='word_1_34' title='bbox 1250 697 1382 764; x_wconf 89' lang='lat' dir='ltr'><strong>tempore</strong></span> <span class='ocrx_word' id='word_1_35' title='bbox 1402 693 1468 764; x_wconf 90' lang='lat' dir='ltr'><strong>jam</strong></span> 
     </span>
     <span class='ocr_line' id='line_1_6' title="bbox 248 795 1468 872; baseline -0.002 -16"><span class='ocrx_word' id='word_1_36' title='bbox 248 799 337 857; x_wconf 91' lang='lat' dir='ltr'><strong>etiam</strong></span> <span class='ocrx_word' id='word_1_37' title='bbox 358 799 436 856; x_wconf 91' lang='lat' dir='ltr'><strong>inter</strong></span> <span class='ocrx_word' id='word_1_38' title='bbox 458 797 655 855; x_wconf 88' lang='lat' dir='ltr'><strong>universitatis</strong></span> <span class='ocrx_word' id='word_1_39' title='bbox 677 796 850 856; x_wconf 86' lang='lat' dir='ltr'><strong>Parisieusis</strong></span> <span class='ocrx_word' id='word_1_40' title='bbox 873 797 1021 870; x_wconf 88' lang='lat' dir='ltr'><strong>theologos</strong></span> <span class='ocrx_word' id='word_1_41' title='bbox 1045 803 1140 872; x_wconf 87' lang='lat' dir='ltr'><strong>erant,</strong></span> <span class='ocrx_word' id='word_1_42' title='bbox 1163 797 1212 870; x_wconf 85' lang='lat' dir='ltr'><strong>qui</strong></span> <span class='ocrx_word' id='word_1_43' title='bbox 1233 796 1337 855; x_wconf 93' lang='lat' dir='ltr'><strong>iisdem</strong></span> <span class='ocrx_word' id='word_1_44' title='bbox 1359 795 1468 856; x_wconf 90' lang='lat' dir='ltr'><strong>studiis</strong></span> 
     </span>
     <span class='ocr_line' id='line_1_7' title="bbox 247 900 1468 975; baseline 0 -15"><span class='ocrx_word' id='word_1_45' title='bbox 247 901 388 962; x_wconf 84' lang='lat' dir='ltr'><strong>faverent.</strong></span> <span class='ocrx_word' id='word_1_46' title='bbox 434 901 529 973; x_wconf 80' lang='lat' dir='ltr'><strong>Quare</strong></span> <span class='ocrx_word' id='word_1_47' title='bbox 552 900 690 958; x_wconf 86' lang='lat' dir='ltr'><strong>Erasmus</strong></span> <span class='ocrx_word' id='word_1_48' title='bbox 721 901 860 974; x_wconf 87' lang='lat' dir='ltr'><strong>ejusmodi</strong></span> <span class='ocrx_word' id='word_1_49' title='bbox 887 901 972 960; x_wconf 88' lang='lat' dir='ltr'><strong>laetis</strong></span> <span class='ocrx_word' id='word_1_50' title='bbox 1000 901 1104 975; x_wconf 89' lang='lat' dir='ltr'><strong>rebus,</strong></span> <span class='ocrx_word' id='word_1_51' title='bbox 1133 917 1208 973; x_wconf 90' lang='lat' dir='ltr'><strong>quae</strong></span> <span class='ocrx_word' id='word_1_52' title='bbox 1235 901 1360 973; x_wconf 88' lang='lat' dir='ltr'><strong>undique</strong></span> <span class='ocrx_word' id='word_1_53' title='bbox 1390 919 1468 960; x_wconf 90' lang='lat' dir='ltr'><strong>nun·</strong></span> 
     </span>
     <span class='ocr_line' id='line_1_8' title="bbox 246 1003 1467 1080; baseline -0.001 -15"><span class='ocrx_word' id='word_1_54' title='bbox 246 1007 404 1080; x_wconf 87' lang='lat' dir='ltr'><strong>tiabantur,</strong></span> <span class='ocrx_word' id='word_1_55' title='bbox 424 1003 546 1064; x_wconf 86' lang='lat' dir='ltr'><strong>conlisus</strong></span> <span class='ocrx_word' id='word_1_56' title='bbox 567 1005 622 1078; x_wconf 93' lang='lat' dir='ltr'><strong>ipsi</strong></span> <span class='ocrx_word' id='word_1_57' title='bbox 644 1004 737 1064; x_wconf 89' lang='lat' dir='ltr'><strong>Leoni</strong></span> <span class='ocrx_word' id='word_1_58' title='bbox 758 1004 808 1078; x_wconf 88' lang='lat' dir='ltr'><strong>X.,</strong></span> <span class='ocrx_word' id='word_1_59' title='bbox 837 1022 923 1079; x_wconf 87' lang='lat' dir='ltr'><strong>quum</strong></span> <span class='ocrx_word' id='word_1_60' title='bbox 955 1007 1078 1064; x_wconf 89' lang='lat' dir='ltr'><strong>alteram</strong></span> <span class='ocrx_word' id='word_1_61' title='bbox 1100 1005 1174 1064; x_wconf 86' lang='lat' dir='ltr'><strong>Novi</strong></span> <span class='ocrx_word' id='word_1_62' title='bbox 1197 1005 1376 1064; x_wconf 80' lang='lat' dir='ltr'><strong>Testamenti</strong></span> <span class='ocrx_word' id='word_1_63' title='bbox 1401 1005 1467 1064; x_wconf 90' lang='lat' dir='ltr'><strong>edi·</strong></span> 
     </span>
     <span class='ocr_line' id='line_1_9' title="bbox 247 1107 1467 1183; baseline -0.002 -13"><span class='ocrx_word' id='word_1_64' title='bbox 247 1112 357 1170; x_wconf 91' lang='lat' dir='ltr'><strong>tionem</strong></span> <span class='ocrx_word' id='word_1_65' title='bbox 390 1110 417 1169; x_wconf 95' lang='lat' dir='ltr'><strong>ei</strong></span> <span class='ocrx_word' id='word_1_66' title='bbox 442 1110 586 1182; x_wconf 90' lang='lat' dir='ltr'><strong>mitteret,</strong></span> <span class='ocrx_word' id='word_1_67' title='bbox 622 1108 677 1168; x_wconf 93' lang='lat' dir='ltr'><strong>hoc</strong></span> <span class='ocrx_word' id='word_1_68' title='bbox 709 1107 838 1168; x_wconf 89' lang='lat' dir='ltr'><strong>confiteri</strong></span> <span class='ocrx_word' id='word_1_69' title='bbox 866 1125 951 1168; x_wconf 91' lang='lat' dir='ltr'><strong>ausus</strong></span> <span class='ocrx_word' id='word_1_70' title='bbox 980 1115 1036 1167; x_wconf 89' lang='lat' dir='ltr'><strong>est:</strong></span> <span class='ocrx_word' id='word_1_71' title='bbox 1066 1109 1136 1182; x_wconf 83' lang='lat' dir='ltr'><strong>,Qui</strong></span> <span class='ocrx_word' id='word_1_72' title='bbox 1161 1109 1301 1168; x_wconf 89' lang='lat' dir='ltr'><strong>hacteuus</strong></span> <span class='ocrx_word' id='word_1_73' title='bbox 1329 1110 1467 1183; x_wconf 88' lang='lat' dir='ltr'><strong>putribus</strong></span> 
     </span>
    </p>
   </div>
   <div class='ocr_carea' id='block_1_4' title="bbox 248 1195 1567 1288">
    <p class='ocr_par' dir='ltr' id='par_1_4' title="bbox 248 1195 1567 1288">
     <span class='ocr_line' id='line_1_10' title="bbox 248 1195 1567 1288; baseline 0 -14"><span class='ocrx_word' id='word_1_74' title='bbox 248 1215 360 1274; x_wconf 83' lang='lat' dir='ltr'><strong>lacunis</strong></span> <span class='ocrx_word' id='word_1_75' title='bbox 383 1213 580 1288; x_wconf 83' lang='lat' dir='ltr'><strong>perturbatam</strong></span> <span class='ocrx_word' id='word_1_76' title='bbox 605 1213 749 1286; x_wconf 88' lang='lat' dir='ltr'><strong>quandam</strong></span> <span class='ocrx_word' id='word_1_77' title='bbox 771 1219 801 1272; x_wconf 93' lang='lat' dir='ltr'><strong>et</strong></span> <span class='ocrx_word' id='word_1_78' title='bbox 822 1212 956 1288; x_wconf 81' lang='lat' dir='ltr'><strong>frigidam</strong></span> <span class='ocrx_word' id='word_1_79' title='bbox 974 1214 1152 1288; x_wconf 82' lang='lat' dir='ltr'><strong>theologiam</strong></span> <span class='ocrx_word' id='word_1_80' title='bbox 1173 1214 1362 1288; x_wconf 87' lang='lat' dir='ltr'><strong>hauriebant,</strong></span> <span class='ocrx_word' id='word_1_81' title='bbox 1385 1231 1467 1274; x_wconf 92' lang='lat' dir='ltr'><strong>nunc</strong></span> <span class='ocrx_word' id='word_1_82' title='bbox 1566 1195 1567 1230; x_wconf 67' lang='lat'>³</span> 
     </span>
    </p>
   </div>
   <div class='ocr_carea' id='block_1_5' title="bbox 246 1315 1467 2020">
    <p class='ocr_par' dir='ltr' id='par_1_5' title="bbox 246 1315 1467 2020">
     <span class='ocr_line' id='line_1_11' title="bbox 247 1315 1467 1394; baseline 0 -16"><span class='ocrx_word' id='word_1_83' title='bbox 247 1336 264 1378; x_wconf 94' lang='lat' dir='ltr'><strong>e</strong></span> <span class='ocrx_word' id='word_1_84' title='bbox 298 1319 457 1394; x_wconf 89' lang='lat' dir='ltr'><strong>purissimis</strong></span> <span class='ocrx_word' id='word_1_85' title='bbox 489 1317 615 1377; x_wconf 89' lang='lat' dir='ltr'><strong>lontibus</strong></span> <span class='ocrx_word' id='word_1_86' title='bbox 652 1316 758 1376; x_wconf 85' lang='lat' dir='ltr'><strong>Christi</strong></span> <span class='ocrx_word' id='word_1_87' title='bbox 790 1323 820 1377; x_wconf 93' lang='lat' dir='ltr'><strong>et</strong></span> <span class='ocrx_word' id='word_1_88' title='bbox 855 1320 1048 1392; x_wconf 88' lang='lat' dir='ltr'><strong>apostolorum</strong></span> <span class='ocrx_word' id='word_1_89' title='bbox 1078 1319 1196 1378; x_wconf 89' lang='lat' dir='ltr'><strong>haurire</strong></span> <span class='ocrx_word' id='word_1_90' title='bbox 1222 1315 1371 1377; x_wconf 88' lang='lat' dir='ltr'><strong>malunt‘¹</strong></span> <span class='ocrx_word' id='word_1_91' title='bbox 1423 1319 1467 1378; x_wconf 89' lang='lat' dir='ltr'><strong>Et</strong></span> 
     </span>
     <span class='ocr_line' id='line_1_12' title="bbox 247 1419 1467 1498; baseline -0.002 -14"><span class='ocrx_word' id='word_1_92' title='bbox 247 1425 340 1484; x_wconf 85' lang='lat' dir='ltr'><strong>tribus</strong></span> <span class='ocrx_word' id='word_1_93' title='bbox 362 1423 445 1484; x_wconf 88' lang='lat' dir='ltr'><strong>annis</strong></span> <span class='ocrx_word' id='word_1_94' title='bbox 467 1428 533 1498; x_wconf 88' lang='lat' dir='ltr'><strong>post</strong></span> <span class='ocrx_word' id='word_1_95' title='bbox 555 1422 742 1480; x_wconf 83' lang='lat' dir='ltr'><strong>exclamavit:</strong></span> <span class='ocrx_word' id='word_1_96' title='bbox 773 1419 936 1496; x_wconf 89' lang='lat' dir='ltr'><strong>,Videmus‚</strong></span> <span class='ocrx_word' id='word_1_97' title='bbox 959 1427 1097 1494; x_wconf 90' lang='lat' dir='ltr'><strong>quantum</strong></span> <span class='ocrx_word' id='word_1_98' title='bbox 1119 1421 1280 1494; x_wconf 90' lang='lat' dir='ltr'><strong>profectum</strong></span> <span class='ocrx_word' id='word_1_99' title='bbox 1302 1424 1340 1482; x_wconf 92' lang='lat' dir='ltr'><strong>sit</strong></span> <span class='ocrx_word' id='word_1_100' title='bbox 1360 1425 1467 1498; x_wconf 90' lang='lat' dir='ltr'><strong>paucis</strong></span> 
     </span>
     <span class='ocr_line' id='line_1_13' title="bbox 247 1524 1466 1602; baseline 0.001 -16"><span class='ocrx_word' id='word_1_101' title='bbox 247 1529 338 1586; x_wconf 88' lang='lat' dir='ltr'><strong>annis.</strong></span> <span class='ocrx_word' id='word_1_102' title='bbox 383 1525 438 1586; x_wconf 88' lang='lat' dir='ltr'><strong>Ubi</strong></span> <span class='ocrx_word' id='word_1_103' title='bbox 465 1543 541 1584; x_wconf 90' lang='lat' dir='ltr'><strong>nuuc</strong></span> <span class='ocrx_word' id='word_1_104' title='bbox 568 1526 598 1584; x_wconf 89' lang='lat' dir='ltr'><strong>in</strong></span> <span class='ocrx_word' id='word_1_105' title='bbox 627 1526 732 1584; x_wconf 90' lang='lat' dir='ltr'><strong>scholis</strong></span> <span class='ocrx_word' id='word_1_106' title='bbox 766 1524 881 1584; x_wconf 86' lang='lat' dir='ltr'><strong>auditur</strong></span> <span class='ocrx_word' id='word_1_107' title='bbox 909 1525 1036 1586; x_wconf 83' lang='lat' dir='ltr'><strong>Michae&#39;l</strong></span> <span class='ocrx_word' id='word_1_108' title='bbox 1066 1525 1206 1602; x_wconf 88' lang='lat' dir='ltr'><strong>Modista,</strong></span> <span class='ocrx_word' id='word_1_109' title='bbox 1238 1527 1287 1586; x_wconf 93' lang='lat' dir='ltr'><strong>ubi</strong></span> <span class='ocrx_word' id='word_1_110' title='bbox 1317 1528 1466 1602; x_wconf 80' lang='lat' dir='ltr'><strong>glossema</strong></span> 
     </span>
     <span class='ocr_line' id='line_1_14' title="bbox 246 1629 1466 1706; baseline -0.002 -14"><span class='ocrx_word' id='word_1_111' title='bbox 246 1632 362 1706; x_wconf 87' lang='lat' dir='ltr'><strong>Jacobi,</strong></span> <span class='ocrx_word' id='word_1_112' title='bbox 390 1630 439 1690; x_wconf 92' lang='lat' dir='ltr'><strong>ubi</strong></span> <span class='ocrx_word' id='word_1_113' title='bbox 469 1631 575 1688; x_wconf 90' lang='lat' dir='ltr'><strong>citatur</strong></span> <span class='ocrx_word' id='word_1_114' title='bbox 601 1629 778 1704; x_wconf 89' lang='lat' dir='ltr'><strong>catholicon,</strong></span> <span class='ocrx_word' id='word_1_115' title='bbox 806 1630 997 1704; x_wconf 89' lang='lat' dir='ltr'><strong>brachylogus</strong></span> <span class='ocrx_word' id='word_1_116' title='bbox 1020 1635 1070 1688; x_wconf 90' lang='lat' dir='ltr'><strong>aut</strong></span> <span class='ocrx_word' id='word_1_117' title='bbox 1091 1631 1362 1706; x_wconf 88' lang='lat' dir='ltr'><strong>Mammaetrectus‚</strong></span> <span class='ocrx_word' id='word_1_118' title='bbox 1389 1649 1466 1706; x_wconf 88' lang='lat' dir='ltr'><strong>quos</strong></span> 
     </span>
     <span class='ocr_line' id='line_1_15' title="bbox 246 1733 1464 1808; baseline 0.002 -12"><span class='ocrx_word' id='word_1_119' title='bbox 246 1738 314 1796; x_wconf 91' lang='lat' dir='ltr'><strong>olim</strong></span> <span class='ocrx_word' id='word_1_120' title='bbox 339 1752 393 1794; x_wconf 92' lang='lat' dir='ltr'><strong>ceu</strong></span> <span class='ocrx_word' id='word_1_121' title='bbox 424 1751 523 1794; x_wconf 90' lang='lat' dir='ltr'><strong>rarum</strong></span> <span class='ocrx_word' id='word_1_122' title='bbox 551 1733 719 1792; x_wconf 87' lang='lat' dir='ltr'><strong>thesaurum</strong></span> <span class='ocrx_word' id='word_1_123' title='bbox 746 1734 843 1793; x_wconf 90' lang='lat' dir='ltr'><strong>aureis</strong></span> <span class='ocrx_word' id='word_1_124' title='bbox 870 1735 976 1793; x_wconf 88' lang='lat' dir='ltr'><strong>litteris</strong></span> <span class='ocrx_word' id='word_1_125' title='bbox 1004 1735 1165 1808; x_wconf 89' lang='lat' dir='ltr'><strong>descriptos</strong></span> <span class='ocrx_word' id='word_1_126' title='bbox 1193 1735 1342 1795; x_wconf 89' lang='lat' dir='ltr'><strong>habebant</strong></span> <span class='ocrx_word' id='word_1_127' title='bbox 1360 1754 1464 1798; x_wconf 88' lang='lat' dir='ltr'><strong>mona·</strong></span> 
     </span>
     <span class='ocr_line' id='line_1_16' title="bbox 248 1837 1464 1922; baseline 0.001 -22"><span class='ocrx_word' id='word_1_128' title='bbox 248 1841 364 1900; x_wconf 88' lang='lat' dir='ltr'><strong>chorum</strong></span> <span class='ocrx_word' id='word_1_129' title='bbox 393 1837 623 1922; x_wconf 70' lang='lat' dir='ltr'><strong>bibliothecae‘l‘</strong></span> <span class='ocrx_word' id='word_1_130' title='bbox 668 1837 796 1912; x_wconf 89' lang='lat' dir='ltr'><strong>Adjicic,</strong></span> <span class='ocrx_word' id='word_1_131' title='bbox 822 1854 897 1912; x_wconf 88' lang='lat' dir='ltr'><strong>quae</strong></span> <span class='ocrx_word' id='word_1_132' title='bbox 923 1839 1025 1897; x_wconf 90' lang='lat' dir='ltr'><strong>ultima</strong></span> <span class='ocrx_word' id='word_1_133' title='bbox 1046 1843 1197 1898; x_wconf 88' lang='lat' dir='ltr'><strong>senectute</strong></span> <span class='ocrx_word' id='word_1_134' title='bbox 1221 1841 1257 1898; x_wconf 90' lang='lat' dir='ltr'><strong>de</strong></span> <span class='ocrx_word' id='word_1_135' title='bbox 1280 1839 1381 1900; x_wconf 89' lang='lat' dir='ltr'><strong>studiis</strong></span> <span class='ocrx_word' id='word_1_136' title='bbox 1401 1844 1464 1902; x_wconf 90' lang='lat' dir='ltr'><strong>suis</strong></span> 
     </span>
     <span class='ocr_line' id='line_1_17' title="bbox 247 1942 1465 2020; baseline 0.001 -18"><span class='ocrx_word' id='word_1_137' title='bbox 247 1944 429 2020; x_wconf 81' lang='lat' dir='ltr'><strong>philologieis</strong></span> <span class='ocrx_word' id='word_1_138' title='bbox 452 1949 483 2002; x_wconf 90' lang='lat' dir='ltr'><strong>et</strong></span> <span class='ocrx_word' id='word_1_139' title='bbox 502 1942 674 2015; x_wconf 79' lang='lat' dir='ltr'><strong>theologicis</strong></span> <span class='ocrx_word' id='word_1_140' title='bbox 696 1942 783 2001; x_wconf 88' lang='lat' dir='ltr'><strong>dixit:</strong></span> <span class='ocrx_word' id='word_1_141' title='bbox 806 1943 930 2016; x_wconf 87' lang='lat' dir='ltr'><strong>,Fateor</strong></span> <span class='ocrx_word' id='word_1_142' title='bbox 944 1959 1008 2002; x_wconf 90' lang='lat' dir='ltr'><strong>esse</strong></span> <span class='ocrx_word' id='word_1_143' title='bbox 1024 1942 1129 2002; x_wconf 91' lang='lat' dir='ltr'><strong>multos</strong></span> <span class='ocrx_word' id='word_1_144' title='bbox 1149 1944 1198 2017; x_wconf 89' lang='lat' dir='ltr'><strong>qui</strong></span> <span class='ocrx_word' id='word_1_145' title='bbox 1219 1959 1265 2003; x_wconf 91' lang='lat' dir='ltr'><strong>me</strong></span> <span class='ocrx_word' id='word_1_146' title='bbox 1279 1945 1465 2018; x_wconf 89' lang='lat' dir='ltr'><strong>praecedunt</strong></span> 
     </span>
    </p>
   </div>
   <div class='ocr_carea' id='block_1_6' title="bbox 246 2046 1569 2228">
    <p class='ocr_par' dir='ltr' id='par_1_6' title="bbox 246 2046 1569 2228">
     <span class='ocr_line' id='line_1_18' title="bbox 246 2046 1569 2124; baseline 0 -16"><span class='ocrx_word' id='word_1_147' title='bbox 246 2050 301 2108; x_wconf 95' lang='lat' dir='ltr'><strong>hoc</strong></span> <span class='ocrx_word' id='word_1_148' title='bbox 335 2053 504 2124; x_wconf 89' lang='lat' dir='ltr'><strong>argumento</strong></span> <span class='ocrx_word' id='word_1_149' title='bbox 536 2046 647 2122; x_wconf 92' lang='lat' dir='ltr'><strong>landis,</strong></span> <span class='ocrx_word' id='word_1_150' title='bbox 677 2063 731 2105; x_wconf 92' lang='lat' dir='ltr'><strong>nec</strong></span> <span class='ocrx_word' id='word_1_151' title='bbox 761 2048 865 2106; x_wconf 89' lang='lat' dir='ltr'><strong>mirum</strong></span> <span class='ocrx_word' id='word_1_152' title='bbox 893 2052 950 2120; x_wconf 91' lang='lat' dir='ltr'><strong>est,</strong></span> <span class='ocrx_word' id='word_1_153' title='bbox 978 2065 1064 2120; x_wconf 91' lang='lat' dir='ltr'><strong>quum</strong></span> <span class='ocrx_word' id='word_1_154' title='bbox 1095 2063 1148 2121; x_wconf 91' lang='lat' dir='ltr'><strong>ego</strong></span> <span class='ocrx_word' id='word_1_155' title='bbox 1175 2048 1296 2120; x_wconf 91' lang='lat' dir='ltr'><strong>primam</strong></span> <span class='ocrx_word' id='word_1_156' title='bbox 1322 2048 1464 2108; x_wconf 83' lang='lat' dir='ltr'><strong>invidiam</strong></span> <span class='ocrx_word' id='word_1_157' title='bbox 1568 2075 1569 2090; x_wconf 36' lang='lat' dir='ltr'><strong>l</strong></span> 
     </span>
     <span class='ocr_line' id='line_1_19' title="bbox 248 2129 1569 2228; baseline 0 -16"><span class='ocrx_word' id='word_1_158' title='bbox 248 2154 412 2227; x_wconf 83' lang='lat' dir='ltr'><strong>exceperim</strong></span> <span class='ocrx_word' id='word_1_159' title='bbox 444 2153 577 2225; x_wconf 75' lang='lat' dir='ltr'><strong>demque</strong></span> <span class='ocrx_word' id='word_1_160' title='bbox 610 2151 777 2224; x_wconf 90' lang='lat' dir='ltr'><strong>munierim,</strong></span> <span class='ocrx_word' id='word_1_161' title='bbox 804 2167 890 2224; x_wconf 91' lang='lat' dir='ltr'><strong>quum</strong></span> <span class='ocrx_word' id='word_1_162' title='bbox 917 2153 1019 2211; x_wconf 65' lang='lat' dir='ltr'><strong>novus</strong></span> <span class='ocrx_word' id='word_1_163' title='bbox 1048 2168 1207 2228; x_wconf 90' lang='lat' dir='ltr'><strong>repurgare</strong></span> <span class='ocrx_word' id='word_1_164' title='bbox 1232 2153 1393 2227; x_wconf 71' lang='lat' dir='ltr'><strong>coeperim,</strong></span> <span class='ocrx_word' id='word_1_165' title='bbox 1427 2170 1463 2212; x_wconf 89' lang='lat' dir='ltr'><strong>ac</strong></span> <span class='ocrx_word' id='word_1_166' title='bbox 1568 2129 1569 2162; x_wconf 66' lang='lat' dir='ltr'><strong>r</strong></span> 
     </span>
    </p>
   </div>
   <div class='ocr_carea' id='block_1_7' title="bbox 247 2255 1463 2436">
    <p class='ocr_par' dir='ltr' id='par_1_7' title="bbox 247 2255 1463 2436">
     <span class='ocr_line' id='line_1_20' title="bbox 247 2255 1463 2329; baseline -0.001 -12"><span class='ocrx_word' id='word_1_167' title='bbox 247 2259 331 2317; x_wconf 92' lang='lat' dir='ltr'><strong>doleo</strong></span> <span class='ocrx_word' id='word_1_168' title='bbox 353 2274 411 2316; x_wconf 92' lang='lat' dir='ltr'><strong>non</strong></span> <span class='ocrx_word' id='word_1_169' title='bbox 432 2271 497 2316; x_wconf 89' lang='lat' dir='ltr'><strong>esse</strong></span> <span class='ocrx_word' id='word_1_170' title='bbox 519 2256 618 2328; x_wconf 91' lang='lat' dir='ltr'><strong>plures</strong></span> <span class='ocrx_word' id='word_1_171' title='bbox 643 2271 662 2314; x_wconf 87' lang='lat' dir='ltr'><strong>a</strong></span> <span class='ocrx_word' id='word_1_172' title='bbox 690 2255 792 2329; x_wconf 89' lang='lat' dir='ltr'><strong>quibus</strong></span> <span class='ocrx_word' id='word_1_173' title='bbox 814 2272 944 2329; x_wconf 88' lang='lat' dir='ltr'><strong>superer.</strong></span> <span class='ocrx_word' id='word_1_174' title='bbox 989 2256 1024 2314; x_wconf 90' lang='lat' dir='ltr'><strong>ln</strong></span> <span class='ocrx_word' id='word_1_175' title='bbox 1045 2255 1100 2314; x_wconf 91' lang='lat' dir='ltr'><strong>hoc</strong></span> <span class='ocrx_word' id='word_1_176' title='bbox 1123 2255 1200 2315; x_wconf 92' lang='lat' dir='ltr'><strong>enim</strong></span> <span class='ocrx_word' id='word_1_177' title='bbox 1221 2272 1239 2314; x_wconf 90' lang='lat' dir='ltr'><strong>a</strong></span> <span class='ocrx_word' id='word_1_178' title='bbox 1260 2273 1307 2315; x_wconf 92' lang='lat' dir='ltr'><strong>me</strong></span> <span class='ocrx_word' id='word_1_179' title='bbox 1326 2257 1463 2316; x_wconf 87' lang='lat' dir='ltr'><strong>sudatum</strong></span> 
     </span>
     <span class='ocr_line' id='line_1_21' title="bbox 247 2358 1462 2436; baseline -0.001 -15"><span class='ocrx_word' id='word_1_180' title='bbox 247 2369 300 2422; x_wconf 87' lang='lat' dir='ltr'><strong>est.</strong></span> <span class='ocrx_word' id='word_1_181' title='bbox 338 2359 420 2432; x_wconf 82' lang='lat' dir='ltr'><strong>Quod</strong></span> <span class='ocrx_word' id='word_1_182' title='bbox 442 2359 467 2418; x_wconf 92' lang='lat' dir='ltr'><strong>si</strong></span> <span class='ocrx_word' id='word_1_183' title='bbox 488 2360 551 2432; x_wconf 90' lang='lat' dir='ltr'><strong>quis</strong></span> <span class='ocrx_word' id='word_1_184' title='bbox 576 2359 707 2418; x_wconf 82' lang='lat' dir='ltr'><strong>conterat</strong></span> <span class='ocrx_word' id='word_1_185' title='bbox 721 2359 860 2434; x_wconf 90' lang='lat' dir='ltr'><strong>seculum,</strong></span> <span class='ocrx_word' id='word_1_186' title='bbox 883 2358 961 2432; x_wconf 92' lang='lat' dir='ltr'><strong>quod</strong></span> <span class='ocrx_word' id='word_1_187' title='bbox 975 2358 1030 2417; x_wconf 86' lang='lat' dir='ltr'><strong>luit</strong></span> <span class='ocrx_word' id='word_1_188' title='bbox 1051 2365 1119 2418; x_wconf 90' lang='lat' dir='ltr'><strong>aute</strong></span> <span class='ocrx_word' id='word_1_189' title='bbox 1138 2375 1230 2418; x_wconf 91' lang='lat' dir='ltr'><strong>anuos</strong></span> <span class='ocrx_word' id='word_1_190' title='bbox 1245 2360 1365 2435; x_wconf 72' lang='lat' dir='ltr'><strong>trig&#39;nta</strong></span> <span class='ocrx_word' id='word_1_191' title='bbox 1382 2361 1462 2436; x_wconf 90' lang='lat' dir='ltr'><strong>apud</strong></span> 
     </span>
    </p>
   </div>
   <div class='ocr_carea' id='block_1_8' title="bbox 249 2461 1570 2554">
    <p class='ocr_par' dir='ltr' id='par_1_8' title="bbox 249 2461 1570 2554">
     <span class='ocr_line' id='line_1_22' title="bbox 249 2461 1570 2554; baseline -0.002 -28"><span class='ocrx_word' id='word_1_192' title='bbox 249 2464 417 2538; x_wconf 88' lang='lat' dir='ltr'><strong>Germanos,</strong></span> <span class='ocrx_word' id='word_1_193' title='bbox 440 2480 504 2522; x_wconf 88' lang='lat' dir='ltr'><strong>curn</strong></span> <span class='ocrx_word' id='word_1_194' title='bbox 521 2463 575 2521; x_wconf 93' lang='lat' dir='ltr'><strong>hoc</strong></span> <span class='ocrx_word' id='word_1_195' title='bbox 589 2463 664 2536; x_wconf 90' lang='lat' dir='ltr'><strong>qnod</strong></span> <span class='ocrx_word' id='word_1_196' title='bbox 675 2478 752 2522; x_wconf 90' lang='lat' dir='ltr'><strong>nuno</strong></span> <span class='ocrx_word' id='word_1_197' title='bbox 767 2468 821 2538; x_wconf 88' lang='lat' dir='ltr'><strong>est,</strong></span> <span class='ocrx_word' id='word_1_198' title='bbox 840 2461 984 2536; x_wconf 90' lang='lat' dir='ltr'><strong>intelliget</strong></span> <span class='ocrx_word' id='word_1_199' title='bbox 1005 2479 1042 2521; x_wconf 90' lang='lat' dir='ltr'><strong>an</strong></span> <span class='ocrx_word' id='word_1_200' title='bbox 1058 2463 1167 2536; x_wconf 88' lang='lat' dir='ltr'><strong>aliquid</strong></span> <span class='ocrx_word' id='word_1_201' title='bbox 1181 2464 1287 2523; x_wconf 90' lang='lat' dir='ltr'><strong>litteris</strong></span> <span class='ocrx_word' id='word_1_202' title='bbox 1306 2466 1465 2524; x_wconf 89' lang='lat' dir='ltr'><strong>contulerit</strong></span> <span class='ocrx_word' id='word_1_203' title='bbox 1569 2518 1570 2554; x_wconf 50' lang='lat'><strong>,</strong></span> 
     </span>
    </p>
   </div>
   <div class='ocr_carea' id='block_1_9' title="bbox 243 2567 1463 4314">
    <p class='ocr_par' dir='ltr' id='par_1_9' title="bbox 244 2567 1463 4088">
     <span class='ocr_line' id='line_1_23' title="bbox 246 2567 1461 2641; baseline -0.002 -12"><span class='ocrx_word' id='word_1_204' title='bbox 246 2570 392 2629; x_wconf 85' lang='lat' dir='ltr'><strong>Erasmus.</strong></span> <span class='ocrx_word' id='word_1_205' title='bbox 437 2567 514 2626; x_wconf 79' lang='lat' dir='ltr'><strong>Ante</strong></span> <span class='ocrx_word' id='word_1_206' title='bbox 544 2567 760 2640; x_wconf 84' lang='lat' dir='ltr'><strong>annosviginti</strong></span> <span class='ocrx_word' id='word_1_207' title='bbox 789 2567 885 2626; x_wconf 74' lang='lat' dir='ltr'><strong>nullm</strong></span> <span class='ocrx_word' id='word_1_208' title='bbox 906 2572 968 2626; x_wconf 82' lang='lat' dir='ltr'><strong>crat</strong></span> <span class='ocrx_word' id='word_1_209' title='bbox 991 2567 1127 2641; x_wconf 90' lang='lat' dir='ltr'><strong>princeps</strong></span> <span class='ocrx_word' id='word_1_210' title='bbox 1149 2569 1198 2640; x_wconf 91' lang='lat' dir='ltr'><strong>qui</strong></span> <span class='ocrx_word' id='word_1_211' title='bbox 1217 2569 1381 2627; x_wconf 86' lang='lat' dir='ltr'><strong>teruncium</strong></span> <span class='ocrx_word' id='word_1_212' title='bbox 1405 2570 1461 2628; x_wconf 92' lang='lat' dir='ltr'><strong>im-</strong></span> 
     </span>
     <span class='ocr_line' id='line_1_24' title="bbox 247 2668 1461 2750; baseline 0 -17"><span class='ocrx_word' id='word_1_213' title='bbox 247 2673 388 2750; x_wconf 89' lang='lat' dir='ltr'><strong>penderet</strong></span> <span class='ocrx_word' id='word_1_214' title='bbox 413 2672 591 2730; x_wconf 85' lang='lat' dir='ltr'><strong>instituendo</strong></span> <span class='ocrx_word' id='word_1_215' title='bbox 618 2668 690 2729; x_wconf 88' lang='lat' dir='ltr'><strong>lilio:</strong></span> <span class='ocrx_word' id='word_1_216' title='bbox 722 2688 798 2729; x_wconf 93' lang='lat' dir='ltr'><strong>nunc</strong></span> <span class='ocrx_word' id='word_1_217' title='bbox 820 2672 914 2730; x_wconf 93' lang='lat' dir='ltr'><strong>nullus</strong></span> <span class='ocrx_word' id='word_1_218' title='bbox 938 2672 1053 2744; x_wconf 90' lang='lat' dir='ltr'><strong>estqui</strong></span> <span class='ocrx_word' id='word_1_219' title='bbox 1075 2688 1132 2730; x_wconf 93' lang='lat' dir='ltr'><strong>non</strong></span> <span class='ocrx_word' id='word_1_220' title='bbox 1155 2687 1259 2746; x_wconf 89' lang='lat' dir='ltr'><strong>magno</strong></span> <span class='ocrx_word' id='word_1_221' title='bbox 1283 2673 1461 2733; x_wconf 86' lang='lat' dir='ltr'><strong>conductum</strong></span> 
     </span>
     <span class='ocr_line' id='line_1_25' title="bbox 247 2774 1463 2852; baseline 0 -15"><span class='ocrx_word' id='word_1_222' title='bbox 247 2778 385 2838; x_wconf 89' lang='lat' dir='ltr'><strong>adhibeat</strong></span> <span class='ocrx_word' id='word_1_223' title='bbox 411 2775 595 2834; x_wconf 87' lang='lat' dir='ltr'><strong>formatorem</strong></span> <span class='ocrx_word' id='word_1_224' title='bbox 636 2776 820 2848; x_wconf 88' lang='lat' dir='ltr'><strong>peculiarem.</strong></span> <span class='ocrx_word' id='word_1_225' title='bbox 876 2774 1083 2834; x_wconf 87' lang='lat' dir='ltr'><strong>Reclamabant</strong></span> <span class='ocrx_word' id='word_1_226' title='bbox 1113 2775 1196 2834; x_wconf 91' lang='lat' dir='ltr'><strong>initio</strong></span> <span class='ocrx_word' id='word_1_227' title='bbox 1229 2776 1373 2852; x_wconf 91' lang='lat' dir='ltr'><strong>theologi,</strong></span> <span class='ocrx_word' id='word_1_228' title='bbox 1408 2779 1463 2838; x_wconf 91' lang='lat' dir='ltr'><strong>sed</strong></span> 
     </span>
     <span class='ocr_line' id='line_1_26' title="bbox 247 2878 1462 2954; baseline -0.002 -11"><span class='ocrx_word' id='word_1_229' title='bbox 247 2884 377 2944; x_wconf 85' lang='lat' dir='ltr'><strong>seniores</strong></span> <span class='ocrx_word' id='word_1_230' title='bbox 399 2880 495 2954; x_wconf 92' lang='lat' dir='ltr'><strong>modo,</strong></span> <span class='ocrx_word' id='word_1_231' title='bbox 513 2880 644 2954; x_wconf 88' lang='lat' dir='ltr'><strong>juniores</strong></span> <span class='ocrx_word' id='word_1_232' title='bbox 662 2885 763 2939; x_wconf 91' lang='lat' dir='ltr'><strong>nostra</strong></span> <span class='ocrx_word' id='word_1_233' title='bbox 777 2879 1036 2954; x_wconf 79' lang='lat' dir='ltr'><strong>amplectebantur,</strong></span> <span class='ocrx_word' id='word_1_234' title='bbox 1058 2896 1136 2938; x_wconf 91' lang='lat' dir='ltr'><strong>nunc</strong></span> <span class='ocrx_word' id='word_1_235' title='bbox 1150 2885 1181 2938; x_wconf 91' lang='lat' dir='ltr'><strong>et</strong></span> <span class='ocrx_word' id='word_1_236' title='bbox 1196 2878 1279 2938; x_wconf 83' lang='lat' dir='ltr'><strong>Casei</strong></span> <span class='ocrx_word' id='word_1_237' title='bbox 1294 2880 1462 2941; x_wconf 85' lang='lat' dir='ltr'><strong>mitescunt.</strong></span> 
     </span>
     <span class='ocr_line' id='line_1_27' title="bbox 246 2983 1463 3061; baseline -0.002 -13"><span class='ocrx_word' id='word_1_238' title='bbox 246 2987 309 3048; x_wconf 87' lang='lat' dir='ltr'><strong>Nec</strong></span> <span class='ocrx_word' id='word_1_239' title='bbox 329 2985 415 3061; x_wconf 91' lang='lat' dir='ltr'><strong>pauci</strong></span> <span class='ocrx_word' id='word_1_240' title='bbox 435 2985 495 3057; x_wconf 82' lang='lat' dir='ltr'><strong>jann</strong></span> <span class='ocrx_word' id='word_1_241' title='bbox 524 2984 672 3058; x_wconf 87' lang='lat' dir='ltr'><strong>monachi,</strong></span> <span class='ocrx_word' id='word_1_242' title='bbox 703 2999 777 3056; x_wconf 88' lang='lat' dir='ltr'><strong>quae</strong></span> <span class='ocrx_word' id='word_1_243' title='bbox 798 2983 878 3057; x_wconf 92' lang='lat' dir='ltr'><strong>prius</strong></span> <span class='ocrx_word' id='word_1_244' title='bbox 900 2983 1085 3058; x_wconf 86' lang='lat' dir='ltr'><strong>damnarant,</strong></span> <span class='ocrx_word' id='word_1_245' title='bbox 1109 2983 1251 3056; x_wconf 90' lang='lat' dir='ltr'><strong>incipiunt</strong></span> <span class='ocrx_word' id='word_1_246' title='bbox 1278 2983 1463 3059; x_wconf 81' lang='lat' dir='ltr'><strong>amplecti.‘⁸</strong></span> 
     </span>
     <span class='ocr_line' id='line_1_28' title="bbox 246 3087 1463 3167; baseline -0.002 -17"><span class='ocrx_word' id='word_1_247' title='bbox 246 3091 309 3167; x_wconf 87' lang='lat' dir='ltr'><strong>,Ad</strong></span> <span class='ocrx_word' id='word_1_248' title='bbox 337 3090 482 3166; x_wconf 90' lang='lat' dir='ltr'><strong>puriorem</strong></span> <span class='ocrx_word' id='word_1_249' title='bbox 507 3088 749 3147; x_wconf 81' lang='lat' dir='ltr'><strong>christianismum</strong></span> <span class='ocrx_word' id='word_1_250' title='bbox 774 3088 873 3147; x_wconf 88' lang='lat' dir='ltr'><strong>orbem</strong></span> <span class='ocrx_word' id='word_1_251' title='bbox 896 3088 1076 3146; x_wconf 90' lang='lat' dir='ltr'><strong>caerimoniis</strong></span> <span class='ocrx_word' id='word_1_252' title='bbox 1094 3103 1189 3160; x_wconf 89' lang='lat' dir='ltr'><strong>paene</strong></span> <span class='ocrx_word' id='word_1_253' title='bbox 1211 3087 1341 3147; x_wconf 88' lang='lat' dir='ltr'><strong>Judaicis</strong></span> <span class='ocrx_word' id='word_1_254' title='bbox 1363 3089 1463 3149; x_wconf 93' lang='lat' dir='ltr'><strong>indor-</strong></span> 
     </span>
     <span class='ocr_line' id='line_1_29' title="bbox 245 3189 1461 3268; baseline -0.002 -13"><span class='ocrx_word' id='word_1_255' title='bbox 245 3189 384 3256; x_wconf 73' lang='lat' dir='ltr'><strong>mientem</strong></span> <span class='ocrx_word' id='word_1_256' title='bbox 404 3191 602 3268; x_wconf 83' lang='lat' dir='ltr'><strong>expergefeci,</strong></span> <span class='ocrx_word' id='word_1_257' title='bbox 623 3193 665 3252; x_wconf 93' lang='lat' dir='ltr'><strong>sic</strong></span> <span class='ocrx_word' id='word_1_258' title='bbox 686 3197 784 3252; x_wconf 74' lang='lat' dir='ltr'><strong>tamar</strong></span> <span class='ocrx_word' id='word_1_259' title='bbox 808 3198 840 3250; x_wconf 87' lang='lat' dir='ltr'><strong>ut</strong></span> <span class='ocrx_word' id='word_1_260' title='bbox 862 3191 1005 3252; x_wconf 90' lang='lat' dir='ltr'><strong>ecclesiae</strong></span> <span class='ocrx_word' id='word_1_261' title='bbox 1029 3192 1219 3251; x_wconf 84' lang='lat' dir='ltr'><strong>caerimonias</strong></span> <span class='ocrx_word' id='word_1_262' title='bbox 1241 3209 1387 3266; x_wconf 88' lang='lat' dir='ltr'><strong>nunquam</strong></span> <span class='ocrx_word' id='word_1_263' title='bbox 1406 3195 1461 3254; x_wconf 91' lang='lat' dir='ltr'><strong>im-</strong></span> 
     </span>
     <span class='ocr_line' id='line_1_30' title="bbox 245 3291 1461 3374; baseline 0 -16"><span class='ocrx_word' id='word_1_264' title='bbox 245 3299 408 3374; x_wconf 89' lang='lat' dir='ltr'><strong>probarim,</strong></span> <span class='ocrx_word' id='word_1_265' title='bbox 437 3297 489 3356; x_wconf 87' lang='lat' dir='ltr'><strong>scd</strong></span> <span class='ocrx_word' id='word_1_266' title='bbox 512 3296 579 3370; x_wconf 90' lang='lat' dir='ltr'><strong>quid</strong></span> <span class='ocrx_word' id='word_1_267' title='bbox 599 3297 695 3370; x_wconf 88' lang='lat' dir='ltr'><strong>potins</strong></span> <span class='ocrx_word' id='word_1_268' title='bbox 718 3298 756 3355; x_wconf 92' lang='lat' dir='ltr'><strong>sit</strong></span> <span class='ocrx_word' id='word_1_269' title='bbox 778 3291 995 3356; x_wconf 83' lang='lat' dir='ltr'><strong>ostenderim.“</strong></span> <span class='ocrx_word' id='word_1_270' title='bbox 1040 3295 1120 3354; x_wconf 85' lang='lat' dir='ltr'><strong>Haec</strong></span> <span class='ocrx_word' id='word_1_271' title='bbox 1142 3297 1238 3356; x_wconf 91' lang='lat' dir='ltr'><strong>omnia</strong></span> <span class='ocrx_word' id='word_1_272' title='bbox 1261 3311 1344 3369; x_wconf 87' lang='lat' dir='ltr'><strong>vero,</strong></span> <span class='ocrx_word' id='word_1_273' title='bbox 1371 3315 1461 3372; x_wconf 89' lang='lat' dir='ltr'><strong>quae-</strong></span> 
     </span>
     <span class='ocr_line' id='line_1_31' title="bbox 245 3399 1461 3476; baseline 0.002 -16"><span class='ocrx_word' id='word_1_274' title='bbox 245 3419 357 3474; x_wconf 90' lang='lat' dir='ltr'><strong>cuuque</strong></span> <span class='ocrx_word' id='word_1_275' title='bbox 387 3401 524 3460; x_wconf 81' lang='lat' dir='ltr'><strong>Erasmus</strong></span> <span class='ocrx_word' id='word_1_276' title='bbox 553 3417 658 3458; x_wconf 85' lang='lat' dir='ltr'><strong>revera</strong></span> <span class='ocrx_word' id='word_1_277' title='bbox 683 3400 823 3474; x_wconf 79' lang='lat' dir='ltr'><strong>perfecit,</strong></span> <span class='ocrx_word' id='word_1_278' title='bbox 857 3400 925 3459; x_wconf 89' lang='lat' dir='ltr'><strong>inde</strong></span> <span class='ocrx_word' id='word_1_279' title='bbox 959 3399 995 3458; x_wconf 89' lang='lat' dir='ltr'><strong>ab</strong></span> <span class='ocrx_word' id='word_1_280' title='bbox 1027 3401 1110 3458; x_wconf 91' lang='lat' dir='ltr'><strong>initio</strong></span> <span class='ocrx_word' id='word_1_281' title='bbox 1138 3401 1180 3458; x_wconf 89' lang='lat' dir='ltr'><strong>ita</strong></span> <span class='ocrx_word' id='word_1_282' title='bbox 1209 3409 1391 3476; x_wconf 87' lang='lat' dir='ltr'><strong>susceperat,</strong></span> <span class='ocrx_word' id='word_1_283' title='bbox 1426 3411 1461 3462; x_wconf 91' lang='lat' dir='ltr'><strong>ut</strong></span> 
     </span>
     <span class='ocr_line' id='line_1_32' title="bbox 247 3503 1459 3580; baseline 0.002 -18"><span class='ocrx_word' id='word_1_284' title='bbox 247 3510 346 3563; x_wconf 77' lang='lat' dir='ltr'><strong>eonha</strong></span> <span class='ocrx_word' id='word_1_285' title='bbox 366 3503 578 3562; x_wconf 89' lang='lat' dir='ltr'><strong>obtrectatores</strong></span> <span class='ocrx_word' id='word_1_286' title='bbox 601 3503 638 3562; x_wconf 90' lang='lat' dir='ltr'><strong>ad</strong></span> <span class='ocrx_word' id='word_1_287' title='bbox 659 3504 921 3578; x_wconf 88' lang='lat' dir='ltr'><strong>praestantissimos</strong></span> <span class='ocrx_word' id='word_1_288' title='bbox 944 3505 989 3562; x_wconf 92' lang='lat' dir='ltr'><strong>sui</strong></span> <span class='ocrx_word' id='word_1_289' title='bbox 1009 3506 1073 3564; x_wconf 82' lang='lat' dir='ltr'><strong>aevi</strong></span> <span class='ocrx_word' id='word_1_290' title='bbox 1089 3505 1175 3580; x_wconf 86' lang='lat' dir='ltr'><strong>viros,</strong></span> <span class='ocrx_word' id='word_1_291' title='bbox 1198 3511 1258 3564; x_wconf 91' lang='lat' dir='ltr'><strong>tum</strong></span> <span class='ocrx_word' id='word_1_292' title='bbox 1273 3506 1459 3580; x_wconf 90' lang='lat' dir='ltr'><strong>acrijudicio</strong></span> 
     </span>
     <span class='ocr_line' id='line_1_33' title="bbox 244 3607 1459 3684; baseline 0.002 -17"><span class='ocrx_word' id='word_1_293' title='bbox 244 3608 406 3684; x_wconf 89' lang='lat' dir='ltr'><strong>praeditos,</strong></span> <span class='ocrx_word' id='word_1_294' title='bbox 437 3612 498 3666; x_wconf 91' lang='lat' dir='ltr'><strong>tum</strong></span> <span class='ocrx_word' id='word_1_295' title='bbox 534 3607 709 3666; x_wconf 89' lang='lat' dir='ltr'><strong>christianae</strong></span> <span class='ocrx_word' id='word_1_296' title='bbox 743 3608 847 3681; x_wconf 88' lang='lat' dir='ltr'><strong>pietati</strong></span> <span class='ocrx_word' id='word_1_297' title='bbox 880 3611 941 3666; x_wconf 88' lang='lat' dir='ltr'><strong>tcto</strong></span> <span class='ocrx_word' id='word_1_298' title='bbox 975 3614 1093 3682; x_wconf 87' lang='lat' dir='ltr'><strong>pectore</strong></span> <span class='ocrx_word' id='word_1_299' title='bbox 1127 3608 1271 3684; x_wconf 80' lang='lat' dir='ltr'><strong>tarentas,</strong></span> <span class='ocrx_word' id='word_1_300' title='bbox 1299 3626 1459 3684; x_wconf 77' lang='lat' dir='ltr'><strong>provocare</strong></span> 
     </span>
     <span class='ocr_line' id='line_1_34' title="bbox 244 3711 1460 3790; baseline -0.001 -17"><span class='ocrx_word' id='word_1_301' title='bbox 244 3717 352 3790; x_wconf 86' lang='lat' dir='ltr'><strong>posset.</strong></span> <span class='ocrx_word' id='word_1_302' title='bbox 396 3712 497 3785; x_wconf 85' lang='lat' dir='ltr'><strong>Itaque</strong></span> <span class='ocrx_word' id='word_1_303' title='bbox 520 3727 585 3770; x_wconf 89' lang='lat' dir='ltr'><strong>cum</strong></span> <span class='ocrx_word' id='word_1_304' title='bbox 607 3711 708 3770; x_wconf 90' lang='lat' dir='ltr'><strong>amicis</strong></span> <span class='ocrx_word' id='word_1_305' title='bbox 727 3713 786 3770; x_wconf 90' lang='lat' dir='ltr'><strong>suis</strong></span> <span class='ocrx_word' id='word_1_306' title='bbox 809 3719 977 3785; x_wconf 87' lang='lat' dir='ltr'><strong>speraverat</strong></span> <span class='ocrx_word' id='word_1_307' title='bbox 998 3713 1076 3784; x_wconf 85' lang='lat' dir='ltr'><strong>lore,</strong></span> <span class='ocrx_word' id='word_1_308' title='bbox 1110 3719 1156 3788; x_wconf 92' lang='lat' dir='ltr'><strong>ut,</strong></span> <span class='ocrx_word' id='word_1_309' title='bbox 1179 3715 1203 3772; x_wconf 92' lang='lat' dir='ltr'><strong>si</strong></span> <span class='ocrx_word' id='word_1_310' title='bbox 1225 3715 1370 3788; x_wconf 89' lang='lat' dir='ltr'><strong>inceptam</strong></span> <span class='ocrx_word' id='word_1_311' title='bbox 1392 3714 1460 3773; x_wconf 86' lang='lat' dir='ltr'><strong>leli-</strong></span> 
     </span>
     <span class='ocr_line' id='line_1_35' title="bbox 245 3814 1460 3893; baseline 0 -15"><span class='ocrx_word' id='word_1_312' title='bbox 245 3819 320 3878; x_wconf 86' lang='lat' dir='ltr'><strong>eiter</strong></span> <span class='ocrx_word' id='word_1_313' title='bbox 341 3817 417 3876; x_wconf 87' lang='lat' dir='ltr'><strong>viam</strong></span> <span class='ocrx_word' id='word_1_314' title='bbox 439 3817 528 3875; x_wconf 88' lang='lat' dir='ltr'><strong>unitis</strong></span> <span class='ocrx_word' id='word_1_315' title='bbox 551 3814 660 3874; x_wconf 70' lang='lat' dir='ltr'><strong>umbus</strong></span> <span class='ocrx_word' id='word_1_316' title='bbox 680 3821 781 3876; x_wconf 91' lang='lat' dir='ltr'><strong>tenere</strong></span> <span class='ocrx_word' id='word_1_317' title='bbox 803 3823 973 3892; x_wconf 88' lang='lat' dir='ltr'><strong>pergerent,</strong></span> <span class='ocrx_word' id='word_1_318' title='bbox 995 3823 1040 3878; x_wconf 92' lang='lat' dir='ltr'><strong>tot</strong></span> <span class='ocrx_word' id='word_1_319' title='bbox 1061 3817 1152 3878; x_wconf 87' lang='lat' dir='ltr'><strong>falsae</strong></span> <span class='ocrx_word' id='word_1_320' title='bbox 1176 3819 1325 3893; x_wconf 90' lang='lat' dir='ltr'><strong>opiniones</strong></span> <span class='ocrx_word' id='word_1_321' title='bbox 1345 3819 1460 3878; x_wconf 80' lang='lat' dir='ltr'><strong>invete-</strong></span> 
     </span>
     <span class='ocr_line' id='line_1_36' title="bbox 244 3921 1460 3996; baseline 0 -14"><span class='ocrx_word' id='word_1_322' title='bbox 244 3925 360 3996; x_wconf 89' lang='lat' dir='ltr'><strong>ratique</strong></span> <span class='ocrx_word' id='word_1_323' title='bbox 396 3922 502 3982; x_wconf 89' lang='lat' dir='ltr'><strong>abusus</strong></span> <span class='ocrx_word' id='word_1_324' title='bbox 528 3922 666 3995; x_wconf 89' lang='lat' dir='ltr'><strong>paulathn</strong></span> <span class='ocrx_word' id='word_1_325' title='bbox 692 3922 879 3982; x_wconf 90' lang='lat' dir='ltr'><strong>abolerentur</strong></span> <span class='ocrx_word' id='word_1_326' title='bbox 907 3927 936 3982; x_wconf 90' lang='lat' dir='ltr'><strong>et</strong></span> <span class='ocrx_word' id='word_1_327' title='bbox 968 3921 1082 3982; x_wconf 89' lang='lat' dir='ltr'><strong>beatior</strong></span> <span class='ocrx_word' id='word_1_328' title='bbox 1111 3924 1253 3982; x_wconf 87' lang='lat' dir='ltr'><strong>ecclesiae</strong></span> <span class='ocrx_word' id='word_1_329' title='bbox 1281 3929 1363 3982; x_wconf 88' lang='lat' dir='ltr'><strong>aetas</strong></span> <span class='ocrx_word' id='word_1_330' title='bbox 1390 3922 1460 3982; x_wconf 91' lang='lat' dir='ltr'><strong>illu·</strong></span> 
     </span>
     <span class='ocr_line' id='line_1_37' title="bbox 244 4034 384 4088; baseline 0 -2"><span class='ocrx_word' id='word_1_331' title='bbox 244 4034 384 4088; x_wconf 89' lang='lat' dir='ltr'><strong>cesccret.</strong></span> 
     </span>
    </p>

    <p class='ocr_par' dir='ltr' id='par_1_10' title="bbox 243 4129 1458 4314">
     <span class='ocr_line' id='line_1_38' title="bbox 331 4129 1458 4208; baseline 0.004 -18"><span class='ocrx_word' id='word_1_332' title='bbox 331 4130 389 4190; x_wconf 87' lang='lat' dir='ltr'><strong>Sed</strong></span> <span class='ocrx_word' id='word_1_333' title='bbox 411 4132 485 4192; x_wconf 90' lang='lat' dir='ltr'><strong>baec</strong></span> <span class='ocrx_word' id='word_1_334' title='bbox 506 4149 573 4208; x_wconf 92' lang='lat' dir='ltr'><strong>spes</strong></span> <span class='ocrx_word' id='word_1_335' title='bbox 595 4137 659 4192; x_wconf 91' lang='lat' dir='ltr'><strong>utut</strong></span> <span class='ocrx_word' id='word_1_336' title='bbox 680 4147 786 4208; x_wconf 84' lang='lat' dir='ltr'><strong>magna</strong></span> <span class='ocrx_word' id='word_1_337' title='bbox 808 4137 838 4193; x_wconf 91' lang='lat' dir='ltr'><strong>et</strong></span> <span class='ocrx_word' id='word_1_338' title='bbox 860 4129 963 4193; x_wconf 92' lang='lat' dir='ltr'><strong>nobilis</strong></span> <span class='ocrx_word' id='word_1_339' title='bbox 983 4150 1035 4192; x_wconf 89' lang='lat' dir='ltr'><strong>cur</strong></span> <span class='ocrx_word' id='word_1_340' title='bbox 1056 4133 1120 4193; x_wconf 92' lang='lat' dir='ltr'><strong>illos</strong></span> <span class='ocrx_word' id='word_1_341' title='bbox 1135 4129 1283 4208; x_wconf 76' lang='lat' dir='ltr'><strong>fefellerit,</strong></span> <span class='ocrx_word' id='word_1_342' title='bbox 1303 4147 1355 4192; x_wconf 89' lang='lat' dir='ltr'><strong>nos</strong></span> <span class='ocrx_word' id='word_1_343' title='bbox 1370 4130 1458 4194; x_wconf 86' lang='lat' dir='ltr'><strong>facile</strong></span> 
     </span>
     <span class='ocr_line' id='line_1_39' title="bbox 243 4233 1458 4314; baseline 0.002 -20"><span class='ocrx_word' id='word_1_344' title='bbox 243 4251 319 4294; x_wconf 89' lang='lat' dir='ltr'><strong>nunc</strong></span> <span class='ocrx_word' id='word_1_345' title='bbox 345 4233 484 4296; x_wconf 80' lang='lat' dir='ltr'><strong>videmus.</strong></span> <span class='ocrx_word' id='word_1_346' title='bbox 536 4237 686 4308; x_wconf 80' lang='lat' dir='ltr'><strong>Quantivis</strong></span> <span class='ocrx_word' id='word_1_347' title='bbox 716 4239 793 4298; x_wconf 89' lang='lat' dir='ltr'><strong>enim</strong></span> <span class='ocrx_word' id='word_1_348' title='bbox 823 4239 913 4298; x_wconf 90' lang='lat' dir='ltr'><strong>bonas</strong></span> <span class='ocrx_word' id='word_1_349' title='bbox 943 4239 1056 4298; x_wconf 90' lang='lat' dir='ltr'><strong>litteras</strong></span> <span class='ocrx_word' id='word_1_350' title='bbox 1079 4245 1110 4296; x_wconf 90' lang='lat' dir='ltr'><strong>et</strong></span> <span class='ocrx_word' id='word_1_351' title='bbox 1137 4243 1324 4314; x_wconf 89' lang='lat' dir='ltr'><strong>repurgatam</strong></span> <span class='ocrx_word' id='word_1_352' title='bbox 1344 4237 1458 4296; x_wconf 78' lang='lat' dir='ltr'><strong>duculo-</strong></span> 
     </span>
    </p>
   </div>
   <div class='ocr_carea' id='block_1_10' title="bbox 241 4453 1458 4608">
    <p class='ocr_par' dir='ltr' id='par_1_11' title="bbox 241 4453 1458 4608">
     <span class='ocr_line' id='line_1_40' title="bbox 241 4453 1458 4596; baseline 0.008 -90"><span class='ocrx_word' id='word_1_353' title='bbox 241 4457 354 4596; x_wconf 72' lang='lat' dir='ltr'><strong>XXIIl)</strong></span> <span class='ocrx_word' id='word_1_354' title='bbox 373 4457 442 4522; x_wconf 80' lang='lat' dir='ltr'><strong>Epp.</strong></span> <span class='ocrx_word' id='word_1_355' title='bbox 456 4455 508 4520; x_wconf 86' lang='lat' dir='ltr'><strong>XI,</strong></span> <span class='ocrx_word' id='word_1_356' title='bbox 526 4463 565 4510; x_wconf 80' lang='lat'><strong>13.</strong></span> <span class='ocrx_word' id='word_1_357' title='bbox 655 4453 883 4525; x_wconf 55' lang='lat' dir='ltr'><strong>ampelius.</strong></span> <span class='ocrx_word' id='word_1_358' title='bbox 975 4459 1001 4525; x_wconf 85' lang='lat'><strong>8)</strong></span> <span class='ocrx_word' id='word_1_359' title='bbox 1020 4457 1087 4526; x_wconf 79' lang='lat' dir='ltr'><strong>Epp.</strong></span> <span class='ocrx_word' id='word_1_360' title='bbox 1108 4455 1192 4522; x_wconf 81' lang='lat' dir='ltr'><strong>XXV,</strong></span> <span class='ocrx_word' id='word_1_361' title='bbox 1210 4467 1252 4512; x_wconf 79' lang='lat' dir='ltr'><strong>aa.</strong></span> <span class='ocrx_word' id='word_1_362' title='bbox 1340 4455 1458 4530; x_wconf 56' lang='lat' dir='ltr'><strong>impp.</strong></span> 
     </span>
     <span class='ocr_line' id='line_1_41' title="bbox 326 4549 396 4608; baseline 0.057 -15"><span class='ocrx_word' id='word_1_363' title='bbox 326 4549 396 4608; x_wconf 85' lang='lat' dir='ltr'><strong>‚aa</strong></span> 
     </span>
    </p>
   </div>
   <div class='ocr_carea' id='block_1_11' title="bbox 0 0 1582 5056">
    <p class='ocr_par' dir='ltr' id='par_1_12' title="bbox 0 0 1582 5056">
     <span class='ocr_line' id='line_1_42' title="bbox 0 0 1582 5056; baseline 0 1"><span class='ocrx_word' id='word_1_364' title='bbox 0 0 1582 5056; x_wconf 95' lang='lat' dir='ltr'><strong> </strong></span> 
     </span>
    </p>
   </div>
  </div>
 </body>
</html>
