3144 5092
244 237 281 294 62
784 237 871 292 Cnrnr
885 237 932 292 IV.

830 333 841 337 -
848 333 906 338 ...ω
914 333 1138 340 --—--—..—
1321 334 1506 342 -.——--

243 439 446 514 Ambrosium,
465 439 681 515 Hieronymum
699 439 836 514 scivisse,
854 439 965 500 nedum
984 439 1157 500 veterrimae
1172 439 1307 501 Orientis
1329 441 1506 514 ecclesiae,

243 551 288 607 tot
309 546 555 624 praeclarissimis
579 551 609 606 et
627 545 825 608 sanctissimis
843 547 1011 608 doctoribus
1029 547 1176 629 insignes,
1199 549 1256 608 sub
1274 548 1505 608 Romanorum

244 655 451 732 episcoporum
483 659 628 732 potestate
657 671 789 732 amquam
816 655 934 714 fuerint
979 654 1075 716 Ιιιιιιιο
1102 655 1202 733 ipsum
1229 655 1385 716 Sanctum
1420 655 1503 717 Gre-

245 763 362 839 gorium
384 761 408 822 I.
441 763 573 840 episcopi
605 760 783 822 universalis
815 779 923 822 nomen
950 779 1110 822 recrrsasse
1156 761 1245 822 Nunc
1271 781 1350 823 vero
1381 781 1501 823 omnes

243 869 347 930 Patres
369 868 438 930 iilos
461 869 623 930 haereticos
645 887 663 928 a
684 869 766 947 Papa
787 868 943 944 declarari,
966 869 1079 947 quippe
1100 869 1153 948 qui
1176 869 1405 930 oboedientiam
1432 871 1498 948 ipsi

244 981 278 1036 ιιι
304 976 394 1054 capiti
417 975 569 1036 Ecclesiae
594 975 724 1036 debitam
756 994 907 1036 summum
929 976 998 1036 fidei
1021 977 1180 1037 articrdum
1202 995 1269 1038 esse
1291 979 1494 1055 pronuntiet

244 1083 338 1160 Cujus
352 1083 479 1144 -mticuli
501 1101 540 1144 ne
562 1083 750 1143 levissimum
772 1083 894 1162 quidem
915 1083 1077 1161 uestigium
1098 1084 1168 1144 illos
1190 1084 1223 1144 in
1241 1085 1361 1144 Christi
1382 1087 1494 1145 verbis

243 1191 407 1267 invenisse,
435 1191 544 1269 quibus
567 1191 705 1268 Papistae
732 1209 813 1250 nunc
835 1191 872 1250 ad
894 1191 1043 1268 probanda
1066 1191 1257 1252 somniasse
1278 1193 1326 1252 uti
1351 1193 1491 1254 soleant

349 1297 464 1359 Horum
486 1303 660 1374 argumenta
682 1317 773 1376 quam
796 1299 896 1358 inania
918 1299 992 1374 sint,
1018 1298 1168 1358 Lutlrerus
1190 1298 1331 1375 religiose
1354 1300 1490 1360 demon·

244 1411 318 1467 strat
345 1405 536 1466 solidissimis
559 1406 737 1483 rationibus,
765 1423 890 1484 quarum
913 1423 1059 1466 summam
1083 1424 1172 1484 quam
1195 1407 1376 1468 brevissime
1401 1427 1488 1468 eom-

244 1513 364 1592 plectar.
407 1512 446 1574 Se
467 1513 552 1573 litem
574 1514 706 1574 virorum
728 1513 893 1590 doctorum,
917 1531 1042 1591 quorum
1064 1514 1202 1574 nonnulli
1219 1514 1344 1575 Petrum
1363 1515 1489 1576 Romae

243 1639 396 1699 nunquam
418 1620 512 1680 fuisse
534 1621 752 1698 contenderint,
775 1639 836 1682 non
857 1621 1020 1698 dijudicare
1041 1622 1096 1700 ait;
1120 1639 1159 1682 ex
1181 1621 1264 1682 Novo
1282 1621 1486 1684 Testamenta

243 1745 384 1806 apparere
406 1729 437 1787 id
460 1732 539 1788 certe
561 1729 671 1788 falsum
694 1747 772 1805 esse,
796 1729 876 1807 quod
897 1734 1030 1805 narrent,
1053 1729 1175 1789 Petrum
1193 1729 1357 1790 Romanam
1381 1732 1485 1792 eccle

218 1915 220 1920 Ι
243 1837 319 1896 siam
346 1835 488 1896 fundasse
515 1836 640 1914 ejusque
666 1837 839 1914 episcopum
866 1855 920 1914 per
946 1836 1054 1914 viginti
1081 1837 1214 1915 quinque
1240 1855 1335 1896 annos
1363 1838 1482 1915 fuisse;

243 1943 362 2004 omnino
389 1961 458 2004 eum
485 1945 580 2004 fuisse
607 1945 779 2022 episcopum
807 1943 971 2004 Romanum
999 1949 1110 2004 temere
1136 1944 1309 2022 asseverari3
1341 1950 1377 2004 ut
1407 1965 1482 2006 vero

243 2052 346 2128 fuerit,
382 2057 482 2111 ιιιιιιιιιι
517 2051 587 2112 inde
622 2051 706 2111 nullo
739 2051 807 2128 jure
843 2051 992 2127 concludi,
1035 2052 1061 2111 si
1098 2051 1171 2130 quid
1207 2053 1282 2112 forte
1318 2053 1480 2130 privilegii

244 2159 382 2220 Christus
409 2159 492 2220 Petri
524 2177 667 2237 personae
699 2158 870 2234 contulerit,
901 2159 933 2218 id
965 2159 1051 2238 quasi
1083 2160 1271 2220 successione
1301 2160 1340 2220 ad
1369 2179 1478 2222 omnes

242 2267 398 2345 episcopos
429 2267 578 2328 Romanos
609 2267 772 2328 transiisse.
822 2266 961 2345 Denique
992 2267 1131 2345 quisquis
1163 2285 1236 2327 eane
1266 2285 1301 2327 ac
1331 2267 1477 2345 religiose

126 2415 130 2424 ·
242 2379 342 2434 mente
373 2373 490 2435 Novum
523 2373 746 2436 Testamentum
783 2374 1040 2452 pervestigavcrit,
1077 2392 1145 2435 eum
1176 2375 1381 2434 dubitaturum
1414 2393 1476 2435 non

243 2499 321 2556 esse,
350 2483 423 2560 quin
449 2481 509 2541 tale
536 2482 707 2559 imperium,
735 2481 823 2560 quale
845 2481 943 2559 Papae
966 2482 1023 2542 sibi
1045 2486 1244 2558 arrogassent,
1273 2482 1414 2542 Christus
1438 2485 1476 2544 ad

242 2588 365 2648 Petrum
401 2606 555 2666 nunquam
585 2589 733 2650 dehderit
789 2587 846 2663 Qui
878 2607 971 2667 quum
1003 2607 1074 2666 prae
1105 2590 1211 2650 ceteris
1242 2589 1387 2667 apostolis
1420 2592 1474 2651 scd

242 2695 375 2755 omnium
401 2695 521 2755 nomine
547 2695 637 2755 fidem
660 2695 778 2756 Christo
805 2701 840 2756 ut
861 2695 938 2756 lilio
960 2697 1017 2756 Dei
1044 2697 1173 2756 habitam
1201 2697 1355 2758 confessus
1385 2705 1473 2772 aeset,

242 2803 323 2863 hunc
350 2803 377 2862 ei
403 2819 464 2863 non
491 2802 580 2862 aliam
607 2803 669 2862 vim
691 2807 781 2882 atque
802 2808 978 2881 potestatem
1000 2803 1157 2865 mandasse
1179 2810 1268 2883 atque
1290 2805 1382 2882 paulo
1405 2814 1473 2883 post

242 2909 348 2972 iisdem
371 2911 433 2971 fene
455 2910 553 2971 verbis
576 2911 714 2972 omnibus
732 2910 899 2988 apostolis.¹
939 2911 1111 2972 Pontificios
1129 2930 1212 2988 vero,
1236 2931 1329 2990 quum
1348 2912 1471 2973 Petrum

242 3023 331 3096 caput
358 3023 388 3078 et
415 3017 568 3078 dominum
595 3018 738 3079 ecelesiae
764 3019 959 3079 constitutum
986 3037 1053 3080 esse
1080 3020 1195 3095 fingant
1217 3020 1307 3098 idque
1329 3021 1470 3097 gravissi-

241 3145 325 3186 mum
346 3126 416 3186 fidei
439 3126 598 3186 articulum
620 3143 687 3187 esse
708 3126 915 3204 praetendant,
938 3145 1043 3205 reapse
1066 3127 1145 3187 sicut
1167 3127 1294 3187 summis
1317 3129 1469 3188 sanctissi-

241 3233 358 3312 misque
380 3235 512 3312 priorum
536 3234 704 3294 seculorum
726 3234 908 3310 doctoribus,
931 3235 973 3294 ita
995 3234 1084 3294 etiem
1107 3235 1183 3312 ipsis
1205 3234 1469 3312 apostolisbaere·

242 3359 308 3402 seos
332 3339 509 3402 maculam
500 3359 627 3402 munere.
670 3339 727 3415 Qui
747 3342 774 3401 si
792 3359 830 3401 ex
849 3341 974 3401 istorum
993 3342 1140 3402 sententia
1158 3341 1313 3402 orthodoxi
1332 3342 1466 3418 fuissem,

242 3447 416 3525 primarium
438 3448 601 3509 officium
592 3449 631 3508 ris
654 3448 820 3508 babendum
845 3453 920 3524 erat,
966 3453 1000 3508 ut
1022 3449 1160 3509 omnibus
1184 3449 1362 3510 Christianis
1385 3450 1466 3510 oboe-

241 3555 383 3614 mentam
414 3559 444 3616 et
475 3555 703 3632 observantiam,
736 3575 825 3634 quam
856 3556 944 3617 Petro
975 3560 1011 3616 ut
1037 3556 1149 3617 Christi
1180 3557 1289 3616 vinario
1320 3557 1463 3632 deberent,

241 3662 376 3740 diligent
369 3663 470 3723 resime
497 3663 688 3724 inordcarent.
668 3661 819 3738 thod
847 3663 992 3743 quomodo
1015 3663 1103 3724 etiam
1126 3663 1167 3723 ibi
1191 3663 1391 3741 neglexerint,
1417 3665 1462 3724 ubi

241 3771 360 3847 neglegi
378 3769 461 3832 nullo
479 3770 566 3830 modo
584 3775 711 3849 poterat,
730 3771 888 3832 dummodo
905 3771 1013 3832 Petrus
1031 3772 1153 3831 eandem
1171 3775 1360 3848 potestatem,
1379 3789 1460 3850 quam

240 3895 322 3938 nunc
343 3877 484 3938 Pontifex
507 3877 564 3938 sibi
586 3879 762 3955 vindIcaret,
783 3878 851 3956 jure
874 3879 932 3939 sibi
956 3879 1125 3954 sumsisset,
1149 3878 1179 3937 id
1202 3878 1353 3938 Lutherus
1375 3879 1460 3956 pluri·

240 3985 297 4046 bus
324 3985 499 4046 clarissimis
526 3985 674 4064 exemplis
701 3986 838 4046 illustrat
884 3985 1027 4064 Inprimis
1053 3985 1157 4064 Papis,
1185 3985 1212 4045 si
1240 3986 1296 4046 sibi
1324 3991 1459 4062 constent,

240 4091 368 4152 Paulum
390 4097 425 4153 ut
446 4093 684 4154 haeresiarcham
707 4093 957 4154 reformidandum
976 4111 1043 4154 esse
1060 4093 1202 4168 declarat,
1226 4092 1337 4171 quippe
1355 4094 1404 4172 qui
1420 4099 1460 4154 tot

241 4199 376 4278 epistolis
403 4201 545 4262 ecclesias
571 4201 608 4261 ab
635 4219 671 4262 eo
697 4201 830 4264 conditas
857 4217 1006 4280 nusquam
1032 4200 1176 4278 primatus
1199 4200 1280 4260 Petri
1302 4219 1458 4261 commone-

240 4306 342 4383 faciat,
371 4307 423 4368 sed
451 4307 524 4370 satis
551 4308 643 4369 libere
670 4308 708 4368 de
735 4327 769 4370 eo
789 4308 915 4386 judicet,
943 4309 1110 4383 intereos,
1139 4309 1203 4386 ‚qui
1225 4308 1380 4368 columnae
1400 4325 1458 4370 esse

349 4535 375 4602 1)
395 4535 433 4588 Cf.
453 4535 547 4589 Mattb.
569 4535 665 4604 16,19
685 4552 745 4589 cum
767 4535 812 4604 18,
829 4534 870 4590 18.

1562 3307 1564 3462 ι

1562 3471 1564 3626 f
