3156 5056
648 315 740 366 cim
759 315 792 366 X
1275 313 1325 367 251

110 531 212 592 omnia
235 531 341 590 secreti
370 531 482 588 consdii
511 547 619 589 arcam
648 533 704 590 sibi
731 532 878 604 proderet
929 531 1020 590 Simul
1049 547 1120 589 uero
1148 531 1213 604 plus
1241 546 1328 602 qnam

110 634 246 712 omnibus
266 637 311 694 bis
332 633 487 708 praesidiis
500 635 633 694 nomam
647 635 736 694 Curia
756 653 793 694 eo
814 636 952 710 proiecit,
974 635 1051 708 qnod
1068 635 1097 692 in
1113 635 1203 693 rebus
1218 635 1328 692 Italicis

109 740 217 799 relicto
238 737 350 799 Gallico
374 739 493 798 foedere
515 739 554 799 ad
575 739 711 799 Caesaris
732 747 834 815 partes
856 740 980 798 transiit
1024 739 1087 797 Hoc
1110 755 1229 798 necesse
1252 755 1328 812 esse,

109 861 149 904 nc
179 843 289 904 Caesar
316 843 484 904 Lntberano
511 846 630 918 negotio
660 845 806 904 hostiliter
833 845 973 903 aduersus
994 843 1164 902 Pontificem
1185 849 1328 915 uteretur,

110 949 261 1008 Aleander
288 949 394 1008 Curiae
423 951 583 1024 pers-num,
608 967 657 1009 ras
685 951 764 1023 ipsas
791 949 940 1023 politicas,
968 965 1044 1021 qnae
1073 949 1222 1022 dicuntur,
1252 950 1329 1008 alter

111 1053 211 1126 Papae
233 1054 365 1126 nuntius,
388 1053 584 1128 Caraceiolns,
606 1055 742 1114 sollerter
761 1053 938 1113 wormatiae
962 1054 1112 1125 transegit
1155 1053 1258 1126 ltaque
1279 1051 1329 1110 fir-

111 1163 190 1216 mato
218 1163 304 1230 pacto
335 1164 366 1216 et
391 1157 511 1218 loedere
539 1159 577 1218 de
605 1158 693 1218 rebus
722 1159 847 1232 Italicis,
875 1159 987 1232 negotii
1014 1157 1052 1216 ud
1079 1157 1233 1218 ecclesiam
1260 1175 1328 1231 per·

110 1262 233 1321 liuentis
262 1261 336 1320 baec
365 1265 500 1322 conuenit
526 1265 602 1322 ratio
630 1265 710 1323 inter
730 1264 854 1322 Nuntios
881 1269 913 1322 et
939 1268 1053 1336 partem
1076 1261 1264 1334 Caesaream,
1295 1269 1327 1320 nt

111 1365 273 1440 Lntberns,
295 1367 367 1426 licet
388 1367 535 1426 vocandus
553 1375 671 1441 propter
692 1367 866 1448 Germanos,
890 1373 988 1426 tamen
1010 1381 1048 1424 ne
1070 1367 1188 1425 minime
1211 1367 1326 1439 quidem

111 1487 181 1530 vere
213 1469 376 1545 audiretur,
405 1472 459 1531 sed
487 1472 691 1532 tandummodo
714 1473 959 1546 interrogaretur,
994 1489 1063 1530 num
1093 1471 1182 1530 libros
1211 1488 1279 1530 snos
1309 1487 1327 1528 a

111 1575 194 1650 Papa
218 1575 424 1637 condemnatos
444 1583 633 1636 reuooetnrns
654 1585 747 1652 emet,
772 1577 862 1651 idque
883 1579 908 1636 si
931 1578 1123 1650 detrectaret,
1150 1575 1188 1635 ab
1208 1577 1329 1649 imperio

110 1681 350 1753 proscriberetur.
388 1681 469 1754 Quae
491 1683 589 1741 omnia
609 1689 711 1756 postea
731 1683 891 1756 respiciens
911 1681 1080 1740 Fridericns
1101 1681 1223 1754 Sapiens
1243 1679 1327 1738 fratri

111 1785 243 1858 scripsit:
273 1785 404 1858 ,Nullum
423 1791 525 1845 contra
545 1786 620 1846 baec
645 1792 691 1845 est
712 1785 889 1858 remedium
919 1787 1015 1846 exitus
1037 1792 1137 1844 tamen
1157 1791 1216 1844 stat
1237 1801 1328 1858 penes

112 1888 215 1947 Deum.
259 1888 369 1948 Credas
390 1889 478 1949 velim
501 1906 559 1948 non
581 1891 673 1950 solnm
694 1891 808 1950 Annam
831 1897 862 1950 et
884 1889 1039 1964 Gaipbum
1065 1890 1116 1949 sed
1139 1891 1228 1948 etiarn
1250 1889 1327 1947 Pila-

112 1998 173 2050 tum
196 1997 226 2052 et
247 1993 395 2052 Herodem
415 1993 546 2054 Lutbero
568 1992 754 2055 aduersar'u‘1

199 2113 282 2173 Paeti
308 2115 386 2174 illius
407 2116 542 2174 meritum
564 2117 621 2190 ipsi
645 2117 708 2176 fere
731 2117 786 2176 soli
809 2117 913 2176 Carolo
938 2115 1088 2175 Alcandcr
1109 2117 1239 2188 imputat.
1284 2115 1327 2173 llo

113 2219 202 2276 luisse
225 2219 334 2292 aliquid
355 2221 387 2278 in
408 2220 487 2278 illius
509 2221 618 2294 auimo,
642 2223 718 2296 qnod
739 2223 911 2296 praesertim
931 2223 1083 2280 incitatum
1101 2220 1139 2278 ab
1153 2219 1229 2278 Alba
1244 2219 1326 2278 Duce

114 2323 234 2396 aliisque
257 2323 398 2382 similibus
419 2325 472 2382 tali
495 2327 615 2384 consilio
637 2325 764 2402 fureret,
795 2329 842 2384 vix
864 2328 1013 2400 quisquam
1040 2326 1201 2398 negaverit.
1245 2324 1328 2382 Nihi-

113 2427 234 2486 lominus
255 2428 380 2486 Nuntius
403 2445 485 2487 suanr
507 2429 585 2488 illins
607 2429 741 2489 fiduciam
763 2448 821 2490 nou
843 2447 959 2503 semper
981 2436 1091 2488 tantam
1111 2427 1215 2502 fuisse,
1236 2446 1326 2502 quau·

115 2537 171 2589 taur
194 2532 342 2590 interdum
361 2549 433 2606 prae
456 2549 489 2591 sc
511 2531 582 2607 lert,
604 2535 669 2608 plus
691 2536 782 2593 semel
804 2535 867 2608 ipse
890 2533 1017 2606 indicat,
1040 2533 1223 2608 prudentium
1246 2549 1327 2591 suanr

114 2636 267 2709 gloriatur,
295 2653 353 2709 qua
374 2636 498 2696 Lutberi
520 2638 609 2698 libros
633 2639 802 2698 cremandos
824 2641 867 2698 ita
888 2639 1048 2714 curaverit,
1071 2645 1104 2696 ut
1121 2637 1231 2696 Cacsar
1253 2640 1328 2712 ejus-

113 2757 166 2812 que
200 2741 358 2799 oonsiliarii
387 2743 482 2816 ,prius
503 2743 602 2816 ignem
623 2743 762 2802 libromm
784 2745 1002 2818 conspexerint,
1032 2759 1118 2816 quam
1140 2742 1177 2801 de
1200 2743 1329 2801 commit·

116 2845 202 2903 tendo
225 2845 280 2904 sibi
303 2846 451 2904 cremandi
466 2863 516 2905 eos
531 2847 668 2907 mandatu
685 2849 732 2907 vel
747 2843 980 2922 cogitaverint}¹
1015 2848 1171 2907 Caesarem
1190 2849 1327 2920 juvenem

114 2948 291 3008 consiliarios
310 2952 389 3022 jnsto
411 2948 525 3010 facilins
547 2953 629 3024 sequi
652 2953 768 3025 saepius
786 2953 925 3026 queritur.
962 2951 1064 3024 Neque
1084 2951 1218 3010 Caurium
1240 2957 1327 3024 atquc

116 3050 307 3111 Cattiuarinm
336 3053 373 3112 ab
402 3071 452 3128 eo,
483 3053 559 3128 qnod
581 3056 770 3115 suadentibus
791 3057 863 3131 ipsis
884 3056 1004 3114 Carolus
1027 3055 1176 3114 Frirlerico
1196 3056 1328 3128 Sapienti

113 3171 163 3227 per
200 3157 316 3216 litteras
347 3160 537 3235 promiserat,
575 3167 607 3219 nt
640 3159 786 3220 Lutborns
819 3162 896 3220 serio
930 3161 1080 3221 audiretur
1088 3157 1110 3233 ³,
1147 3165 1206 3217 tam
1240 3159 1327 3232 longe

114 3260 291 3322 discessuros
322 3263 410 3322 inisse
440 3265 616 3339 putaverim,
653 3267 709 3324 uisi
737 3271 858 3340 propter
891 3284 940 3326 res
970 3265 1087 3324 Italicas
1117 3264 1327 3323 connivendum

114 3381 175 3426 osse
195 3365 328 3425 Pontifici
346 3367 537 3441 judicassent.
576 3369 711 3444 Denique
733 3371 823 3430 iidem
846 3371 935 3430 etiarn
957 3375 1026 3428 tunc
1048 3368 1171 3428 fortasse
1193 3385 1247 3442 per
1268 3385 1328 3442 eos,

115 3472 160 3541 qui
181 3469 292 3530 Romae
313 3473 430 3532 mitiora
451 3473 566 3532 Erasmi
588 3475 710 3534 consilia
732 3475 986 3550 commendabant,
1018 3474 1193 3533 Nuntiorum
1216 3474 1327 3534 callidi·

115 3579 203 3634 tatem
236 3575 418 3649 aliquatenus
454 3578 628 3653 cludissent,
663 3580 720 3638 uisi
753 3578 870 3654 Glapio,
905 3579 1078 3639 fortissimus
1114 3579 1327 3638 reformationis

115 3681 313 3754 evangelicae,
346 3681 462 3754 qualem
489 3681 626 3742 Erasmus
652 3683 789 3759 docebat,
819 3683 897 3758 apud
927 3683 1085 3744 Caesarem
1114 3690 1267 3759 patronus,
1297 3683 1328 3740 in

116 3782 340 3844 adversariorum
361 3791 457 3846 castra
479 3793 679 3861 umsuressus
702 3796 787 3848 esset.
832 3788 915 3862 Quod
936 3807 1022 3862 quam
1044 3787 1197 3848 manifesto
1219 3787 1327 3846 factum

116 3886 165 3962 sit,
196 3904 232 3947 ex
255 3906 291 3948 eo
313 3907 425 3964 qnoque
447 3897 544 3967 patet,
575 3893 652 3966 qnod
675 3895 739 3967 ille,
763 3911 849 3967 quum
867 3893 1016 3953 Aleauder
1039 3893 1147 3966 ubique
1171 3893 1327 3951 monachos

117 3989 209 4052 donno
231 3994 370 4054 adversus
385 3996 542 4055 Luthernm
561 3997 729 4057 excitandos
749 4015 813 4058 csse
831 4005 978 4073 censeret,
1003 3999 1216 4072 quadringenta
1230 3995 1328 4056 bullab

117 4093 311 4159 damnatorias
346 4101 525 4176 exemplaria
557 4103 635 4162 iuter
660 4103 869 4164 Franciscanos
902 4121 1040 4179 spargere
1077 4108 1226 4178 promptus
1257 4107 1329 4162 erat.

201 4351 226 4420 1)
245 4353 285 4407 Oi.
305 4355 335 4406 do
351 4355 406 4406 bis:
424 4356 570 4409 Laemmarr
588 4375 700 4410 monum.
714 4359 840 4410 Vaticano
858 4377 884 4426 p.
900 4366 923 4411 l.
942 4350 1067 4410 dicandus
1085 4359 1113 4410 in
1128 4359 1257 4410 Muuntori
1278 4357 1295 4412 l.
1310 4357 1328 4412 l.

123 4443 258 4500 p.tr.ss.
294 4441 557 4508 Pullavie.1,rs,a.
595 4447 823 4513 Beckendorilp.
839 4452 897 4499 1⁵8.
934 4447 1226 4514 Renlel.1.l,autr.

208 4525 236 4592 2)
254 4527 374 4579 Alcandri
392 4547 450 4596 epp.
470 4549 496 4598 p.
511 4539 568 4585 118.

31 4683 33 4701 ¹
192 4615 234 4744 ,δι
250 4615 410 4668 Soclcudorl
425 4619 438 4668 I
456 4635 481 4689 p.
498 4625 555 4676 lta.

94 5008 103 5013 -
475 4956 533 5014 k
