3134 5054
604 304 698 354 Garun
715 303 777 357 ΧΠ.
1245 303 1298 356 ‘293

91 520 192 595 bimus,
211 527 311 580 cenna
325 517 503 592 Pontificios‚
526 520 564 580 ad
578 519 722 594 Paparum
744 520 865 580 decreta
886 499 1090 595 prouocantes,
1113 536 1145 579 se
1159 521 1232 580 haec
1246 520 1297 580 ubi

91 624 158 683 talea
179 631 276 684 essem
297 641 353 684 non
376 641 478 684 curare
493 625 627 684 asseruit
672 623 784 699 Quare,
806 624 837 684 id
859 624 936 699 qnod
958 639 1047 699 supra
1068 625 1298 700 memoravimus,

91 731 172 788 etiam
193 737 258 802 post
279 730 490 788 damnantium
510 729 619 788 Leonis
639 727 748 788 bullam
769 729 931 788 Lutherum
952 745 1010 788 non
1033 729 1094 788 vult
1113 729 1152 788 ab
1174 730 1299 790 ecclesia

91 833 225 892 cadrolica
251 833 378 892 alienum
407 834 605 907 pronuntiare.
651 833 734 904 Quod
761 833 798 892 ad
820 833 956 907 dogmata
977 833 1051 892 citra
1073 834 1299 893 controuersiam

93 940 181 1012 posita
206 938 349 1011 pertinet,
378 937 475 1010 ‚Talia
504 939 594 1010 sunt‘,
627 937 732 1010 iuquit,
764 953 853 1012 ‚quae
884 952 1022 1010 expresse
1054 937 1240 997 continentur
1266 940 1298 997 in

91 1043 176 1101 sacris
197 1042 303 1100 litteris
325 1047 355 1101 et
377 1042 408 1100 in
429 1041 558 1114 symbolo
581 1041 752 1115 apostolico,
776 1041 880 1114 quibus
904 1041 1021 1116 adjungi
1042 1041 1150 1114 patiar,
1173 1058 1248 1114 quaa
1268 1044 1299 1102 in

91 1147 211 1206 conciliis
241 1148 297 1205 rite
326 1149 488 1206 conuocatis
518 1153 548 1206 et
576 1148 704 1221 peractis
734 1147 854 1206 decreta
885 1143 992 1205 sunt‘¹
1037 1146 1119 1205 Haec
1145 1146 1299 1206 admodum

91 1257 167 1309 caute
191 1252 323 1324 loquitur.
373 1251 522 1324 Quaenam
551 1252 629 1311 enim
659 1253 690 1309 in
721 1251 851 1310 conciliis
881 1251 938 1308 rite
960 1266 999 1308 an
1021 1267 1080 1310 uon
1101 1253 1158 1310 rite
1180 1251 1299 1310 decreta

90 1356 143 1413 sint
164 1355 337 1429 dijudicare,
364 1357 511 1415 interdum
533 1373 596 1415 rem
618 1371 683 1415 esse
707 1355 784 1414 haud
806 1357 850 1414 ita
872 1353 989 1414 facilem
1012 1355 1136 1428 indicat,
1163 1355 1299 1428 piissimis

90 1459 340 1532 eruditissimisque
360 1461 430 1519 viris
449 1459 685 1519 committendam
707 1475 762 1519 nec
784 1465 896 1519 temere
917 1458 1069 1532 subitoque
1084 1458 1299 1532 perficiendum.

89 1562 242 1622 Couseusui
269 1564 358 1637 igitur
380 1564 524 1624 ecclesiae
548 1564 709 1623 catholicae
731 1565 750 1622 i.
771 1581 797 1622 e.
820 1564 991 1623 universalis
1009 1570 1069 1622 tum
1092 1565 1151 1622 late
1172 1563 1300 1622 liberali-

89 1673 188 1741 terque
217 1674 329 1742 sumpto
350 1667 488 1727 Erasmus
517 1670 633 1728 sincero
665 1668 761 1727 animo
792 1669 880 1726 etiam
911 1667 1073 1726 sententias
1095 1683 1163 1727 suas
1183 1668 1299 1726 criticas

89 1772 222 1846 subJecit,
250 1772 331 1830 verbi
358 1774 455 1844 gratia
483 1773 520 1831 de
549 1773 662 1846 eumne
690 1773 831 1846 epistolae
854 1772 892 1830 ad
914 1771 1067 1832 Hebraeos
1088 1789 1146 1832 non
1167 1771 1300 1846 Paulina,

90 1875 162 1948 quod
195 1893 279 1950 quum
313 1877 392 1936 dicat
424 1877 496 1936 nihil
527 1877 606 1936 aliud
642 1875 703 1951 ugit
732 1878 787 1935 nisi
819 1883 852 1936 ut
882 1874 1068 1950 confiteatur,
1099 1877 1131 1935 in
1161 1876 1299 1951 ejusmodi

89 1979 300 2052 quaestionibus
330 1997 430 2040 errare
460 1998 492 2040 ee
525 1998 612 2056 posse
636 1981 727 2041 etad
750 1981 866 2054 plenam
889 1987 988 2040 certae
1011 1981 1207 2055 persuasionis
1227 1978 1300 2040 ddu-

90 2085 160 2143 ciam
184 2101 280 2144 eorum
310 2101 452 2146 consensu
483 2102 586 2160 egere,
615 2087 665 2159 qni
692 2085 751 2145 illis
785 2085 930 2144 solvendis
959 2101 1045 2158 pares
1072 2087 1137 2144 sint
1187 2085 1299 2159 Quippe

87 2205 137 2260 pro
162 2189 257 2248 indole
286 2205 339 2248 sua
369 2195 399 2248 et
428 2190 516 2248 insita
542 2190 666 2264 quadam
690 2189 833 2250 modestia
859 2188 997 2248 audacior
1023 2195 1089 2248 erat
1110 2189 1299 2264 disceptando

88 2309 169 2366 quam
193 2294 359 2356 dirimendo.

172 2399 266 2470 Quare
289 2400 377 2458 etiam
399 2402 429 2458 in
450 2401 538 2460 rebus
562 2399 744 2474 grauioribus
762 2415 935 2458 consensum
954 2399 1110 2473 ecelesiae,
1130 2413 1216 2472 quam
1230 2396 1299 2456 inde

89 2502 122 2560 ab
136 2503 220 2561 initio
232 2502 376 2562 Christum
387 2503 654 2564 fundamentalibus
670 2503 816 2562 erroribus
827 2503 945 2564 tradere
960 2521 1016 2562 non
1027 2503 1156 2578 potuisse
1168 2501 1299 2576 putabat,

89 2610 131 2681 pie
154 2624 190 2667 ac
212 2609 325 2668 sincere
349 2615 465 2668 secutus
489 2616 548 2684 est,
579 2611 621 2668 ita
644 2615 758 2682 tamem
789 2613 822 2667 ut
851 2609 889 2666 ad
915 2609 1009 2682 ipsum
1027 2609 1107 2666 illum
1130 2622 1300 2666 consensum

88 2712 301 2785 dijudicandum
323 2718 355 2771 et
373 2711 569 2772 definiendum
585 2713 750 2772 libertatem
769 2712 912 2786 quandam
928 2713 984 2770 sibi
1002 2711 1124 2790 aliisque
1139 2711 1208 2770 viris
1228 2711 1300 2770 satis

87 2815 205 2874 eruditis
233 2821 399 2876 constanter
427 2823 599 2876 reservaret
652 2816 706 2875 Gni
735 2819 781 2876 rei
810 2817 983 2876 documento
1014 2816 1073 2874 sint
1101 2815 1240 2874 nonnulla
1263 2830 1299 2872 cx

86 2921 134 2993 iis,
177 2937 251 2994 quae
283 2920 319 2980 de
353 2921 556 2981 Eucharistiae
590 2927 771 2981 sacramento
806 2921 944 2980 Erasmus
978 2921 1116 2994 cogitauit
1148 2925 1179 2978 et
1211 2918 1299 2990 signi·

85 3023 187 3084 ficavit.
230 3025 264 3083 Iu
294 3027 418 3100 epistola
447 3026 485 3085 nd
515 3027 680 3101 episcopum
710 3027 1008 3100 Hildesheimensem‚
1037 3040 1112 3097 quae
1140 3024 1230 3080 multa
1262 3022 1298 3080 de

87 3129 209 3188 historia
233 3128 375 3204 dogmatis
397 3131 539 3206 continet,
567 3131 644 3189 illius
672 3131 802 3204 mysterii
826 3146 942 3204 scopum
965 3129 1006 3188 nil
1029 3127 1107 3186 uliud
1130 3143 1194 3186 esse
1217 3125 1298 3196 dicit,

86 3234 141 3291 nisi
171 3239 202 3291 ut
231 3235 356 3294 ecclesia
385 3234 501 3308 ‚eodem
530 3251 652 3308 corpore
681 3250 816 3308 vescens,
847 3234 970 3294 eundem
993 3232 1161 3306 sanguinem
1184 3229 1296 3300 bibone,

86 3354 139 3408 per
161 3337 283 3398 eundem
305 3339 487 3412 spirituum
509 3357 597 3398 unum
620 3356 724 3413 corpus
747 3339 897 3414 redigatur
919 3345 950 3396 et
972 3337 1094 3408 Christo,
1118 3334 1207 3408 capiti
1226 3334 1299 3407 vivo,

85 3441 150 3498 viva
168 3443 374 3502 connectatur}
405 3443 460 3512 ,Et
484 3449 598 3517 tamen,
615 3444 723 3518 iuquit,
748 3443 878 3502 videmus
900 3439 1021 3501 artificio
1037 3441 1161 3499 Satanae
1183 3436 1300 3509 iactum,

85 3549 116 3601 nt
145 3560 181 3602 ea
206 3561 254 3605 res
285 3563 358 3620 quae
393 3547 582 3606 conciliandis
612 3547 745 3607 omnibus
775 3547 844 3606 data
873 3545 982 3619 fuerat,
1013 3550 1056 3603 tot
1086 3543 1205 3602 dissidia
1233 3541 1300 3600 olim

87 3649 237 3724 genuerit,
258 3667 353 3724 nuper
370 3652 568 3725 renovaverit,
587 3651 654 3710 dum
677 3652 726 3710 alii
749 3657 859 3726 negant
881 3649 1036 3724 quidquam
1058 3663 1122 3706 esse
1145 3648 1176 3704 in
1196 3645 1301 3707 eucha-

85 3752 169 3810 ristia
190 3759 309 3826 praeter
332 3755 461 3828 symbola
484 3757 612 3829 corporis
634 3761 665 3814 et
686 3755 847 3831 sanguinis,
871 3754 921 3813 alii
944 3751 1073 3812 latentur
1094 3751 1136 3808 ibi
1157 3749 1299 3808 Christum

85 3872 155 3914 vere
178 3855 281 3916 adesse
305 3859 358 3918 sed
380 3859 433 3918 sub
455 3859 515 3918 vini
539 3865 569 3917 et
587 3861 670 3933 panis
693 3858 862 3918 substantia
913 3855 1022 3914 Rursus
1047 3859 1131 3913 eraut
1153 3852 1202 3924 qui
1224 3849 1301 3908 dice-

85 3966 153 4019 rent
173 3977 226 4034 per
245 3962 335 4021 uerba
356 3965 558 4022 consecrantis
579 3965 676 4038 perire
698 3964 783 4038 panis
801 3978 835 4020 ac
857 3959 916 4018 vini
938 3957 1128 4017 substantiam
1151 3960 1181 4014 et
1202 3967 1300 4012 succc-

85 4064 157 4123 dere
179 4081 281 4139 corpus
297 4071 328 4126 et
343 4069 513 4142 sanguinem
530 4066 658 4127 domini‘
693 4067 815 4142 Rejicit,
837 4063 875 4122 ad
898 4067 1024 4138 ‚tamum
1040 4059 1136 4134 pupuli
1152 4055 1301 4116 christiani

86 4171 271 4228 consensum‘
293 4187 466 4247 provocans,
490 4188 555 4231 eam
570 4172 721 4232 dumtaxat
735 4171 924 4243 sententiam,
946 4165 1102 4226 secundnm
1120 4178 1205 4236 qnam
1220 4176 1301 4219 mera

87 4273 215 4346 symbola
237 4277 354 4334 suntin
381 4292 474 4336 coena
494 4276 611 4336 domini.
657 4277 741 4336 Hanc
763 4275 800 4334 ab
823 4271 1045 4345 Oecolampedio
1068 4273 1152 4327 acute
1176 4264 1302 4324 erudite-

86 4359 142 4450 que
166 4379 327 4452 expoaitam
351 4395 415 4440 esse
439 4387 470 4440 et
491 4383 584 4442 multa
606 4381 637 4439 in
661 4381 723 4453 ejus
747 4379 821 4438 libro
846 4379 892 4438 vel
914 4391 985 4434 vera
1004 4388 1084 4448 esse,
1105 4371 1153 4430 vel
1175 4368 1302 4442 speciem

177 4607 203 4676 1)
223 4609 291 4674 Opp.
309 4608 348 4674 X,
368 4613 444 4662 1569.
