3144 5092
202 239 254 330 '88
762 275 850 329 Curua
868 276 902 330 V.

218 497 285 538 rum
312 477 516 554 magnitudine
543 496 596 556 por
623 477 734 538 maritos
761 479 900 556 aequales
928 498 1039 558 eosque
1067 486 1098 542 et
1120 481 1328 544 doctissimos
1355 489 1395 543 et
1423 501 1493 560 pra
1537 510 1545 585 p

219 585 356 648 bissimos
384 591 504 663 stupore
532 585 659 663 quodam
682 585 936 666 admirationeque
959 587 1007 647 sui
1030 591 1207 664 affecerunt,
1241 609 1362 650 verum
1392 591 1492 651 etiarn
1539 588 1550 729 p

219 696 252 756 in
283 693 434 772 republica
465 692 618 768 litteraria,
655 693 873 772 qualiscunque
903 699 977 755 tuno
1009 701 1084 770 erat,
1116 715 1211 757 novos
1248 698 1495 776 inauditosque

220 803 316 864 adhuc
351 805 449 861 motus
485 799 619 878 impulsu
655 809 685 860 et
721 803 829 862 effectu
864 803 902 862 ad
939 821 1027 863 omne
1058 804 1194 863 futurum
1227 823 1353 865 aarum
1390 807 1493 864 dura-

220 917 302 972 turos
329 908 540 970 excitavenunt.
587 906 683 982 Quare
710 909 882 987 quicunque
908 910 1109 970 doctrinarum
1136 911 1352 989 physicarum
1382 914 1493 973 histo-
1552 988 1556 1019 Ι

220 1019 295 1079 riam
321 1021 456 1078 accurata
483 1015 716 1094 descripserunt,
744 1035 805 1076 non
831 1022 992 1095 potueruut
1018 1037 1079 1078 non
1101 1019 1138 1078 ab
1161 1018 1225 1079 illis
1251 1021 1337 1080 viris
1364 1041 1490 1081 noram
1551 1026 1557 1101 j

221 1126 363 1205 epocham
390 1121 525 1185 duoere.¹
571 1123 659 1185 Grato
687 1124 786 1184 animo
809 1143 868 1184 noa
891 1129 1009 1185 tautum
1031 1131 1167 1186 nostrum
1190 1127 1341 1187 seculum
1369 1129 1490 1206 splen-
1554 1180 1562 1203 ,

221 1235 290 1294 dida
317 1233 379 1294 illis
406 1235 598 1293 monumenta
625 1231 733 1308 erexit,
762 1232 815 1292 sed
844 1250 962 1311 semper
989 1233 1099 1308 denuo,
1130 1234 1202 1312 quid
1226 1235 1268 1294 iis
1293 1237 1487 1309 deberetur,
1557 1290 1563 1315 ,

221 1346 289 1420 post
311 1346 354 1402 tot
376 1345 532 1420 tantosque
555 1339 743 1418 sequentium
765 1343 932 1418 temporam
954 1359 1130 1418 progressus
1154 1343 1266 1401 summi
1292 1344 1360 1403 viri
1383 1363 1486 1422 prae»

222 1449 401 1510 dicaverunt.

330 1555 379 1617 Sic
406 1555 455 1632 pia
477 1553 643 1614 Leibuitius
670 1553 702 1614 in
731 1556 905 1631 ‚tentamina
928 1556 965 1616 de
988 1555 1163 1616 coelestiana
1185 1561 1328 1617 motuum
1354 1561 1480 1632 carteia,

224 1663 344 1738 ‚Divina
371 1662 581 1740 providentia‘,
609 1662 719 1740 inquit,
748 1664 872 1739 ,lactum
900 1668 959 1740 est,
985 1669 1020 1723 ut
1044 1664 1201 1742 Oopemici
1229 1665 1475 1727 observationes

223 1775 253 1832 et
279 1769 431 1830 molimina
457 1769 593 1830 venerint
620 1769 651 1828 in
674 1787 779 1832 manus
806 1771 862 1830 viri
889 1771 1142 1849 incomparabilis,
1171 1771 1297 1833 loannis
1325 1774 1475 1852 Kepleri,

223 1878 272 1938 oui
296 1879 356 1939 fata
379 1882 578 1953 servaverant,
601 1881 636 1937 ut
658 1877 773 1955 primus
795 1878 960 1956 publicaret
982 1879 1156 1940 mortalibus

470 1998 531 2069 jura
549 1998 603 2069 poli
622 2015 765 2069 veramque
783 1999 863 2054 fidem
881 1998 1008 2070 legesque
1026 1999 1179 2055 Deorum‘.²

329 2109 434 2189 Neque
461 2111 583 2172 minoris
610 2111 698 2190 pretii
725 2112 762 2172 ab
785 2111 922 2172 omuibus
944 2117 1007 2172 arte
1029 2112 1133 2190 peritis
1156 2131 1192 2172 ea
1214 2131 1336 2190 semper
1357 2115 1469 2176 habita

224 2223 307 2296 sunt,
335 2237 410 2298 quae
437 2219 489 2280 ille
516 2219 642 2280 contulit
669 2219 707 2278 ad
734 2219 915 2280 definiendas
943 2220 1064 2280 videndi
1091 2220 1174 2297 leges
1202 2225 1233 2280 et
1259 2223 1465 2296 conditiones,

224 2327 256 2386 in
283 2327 472 2387 minimorum
499 2327 825 2405 minutissimorumque
852 2327 931 2387 oculi
958 2329 1195 2388 membranorum
1218 2333 1307 2406 atqua
1332 2347 1464 2406 organo-

223 2453 290 2496 rum
322 2435 540 2496 oonstructioae
571 2435 691 2513 positas.
741 2434 862 2495 Etenim
892 2435 925 2494 ia
957 2435 1012 2496 hac
1044 2453 1161 2513 quoque
1192 2436 1321 2496 mirabili
1355 2455 1464 2498 rerum

224 2542 416 2620 physicarum
446 2547 529 2619 parte
562 2542 648 2601 illum
678 2543 808 2620 primum
835 2547 932 2602 rectae
959 2547 989 2603 et
1016 2547 1113 2603 certae
1140 2543 1318 2620 cognitionis
1348 2545 1465 2604 sunda-

224 2653 323 2709 menta
342 2649 451 2725 jecisse
473 2667 568 2726 nuper
585 2649 682 2709 denuo
700 2649 889 2710 Hermanuus
907 2649 1077 2710 Helmholtz
1096 2649 1326 2727 praedicantia
1345 2670 1464 2730 magno

225 2760 255 2815 et
282 2755 431 2833 praeclaro
458 2773 547 2832 opera
572 2755 609 2814 ad
632 2756 750 2833 opticen
772 2756 1007 2834 physiologicam
1030 2757 1210 2834 pertinente,
1238 2776 1297 2835 quo
1319 2761 1464 2835 graviora

225 2862 323 2923 omnia
354 2881 577 2941 praecessorum
608 2863 764 2923 conamina
791 2864 960 2941 complecti,
993 2863 1167 2941 dijudicare,
1200 2865 1354 2942 supplere,
1389 2885 1463 2943 par-

224 2971 312 3032 ficore
342 2971 422 3032 haud
454 2971 564 3031 inastra
596 2969 718 3031 studuit
768 2970 866 3032 Etiam
898 2972 930 3031 iu
962 2972 1091 3048 singulis
1118 2973 1220 3046 rebus,
1252 2977 1287 3031 ut
1313 2972 1346 3031 in
1375 2975 1462 3034 oculi

224 3078 502 3154 accommodatione,
526 3078 558 3138 in
580 3077 780 3154 irradiatione,
803 3079 836 3138 in
858 3080 955 3158 optioa
978 3080 1054 3140 situs
1072 3085 1102 3140 et
1120 3079 1277 3139 distantiae
1296 3098 1460 3157 corporum

224 3187 427 3246 aestimatione
449 3205 525 3265 quae
545 3186 607 3262 jam
625 3186 677 3246 ille
695 3191 774 3248 recte
791 3187 900 3246 viderit
917 3186 1060 3246 aalnotat.8
1100 3186 1251 3248 Galilaeae
1269 3205 1339 3247 vero
1356 3187 1459 3248 Italus

225 3298 259 3354 ut
293 3294 400 3366 unicus
432 3295 510 3354 inter
541 3294 678 3372 aequales
710 3295 932 3354 mathematicos
963 3299 993 3355 et
1024 3294 1165 3372 physicos
1198 3294 1337 3355 Germani
1368 3295 1457 3356 illius

225 3401 318 3460 nostri
342 3401 440 3462 socius
463 3401 637 3479 plenissimo
656 3403 723 3480 jure
741 3407 771 3462 et
789 3407 861 3462 tuno
879 3420 897 3460 a
915 3401 1177 3480 praestantissimis
1195 3402 1269 3462 viris
1287 3401 1456 3462 celebratus

225 3511 272 3567 est
298 3511 328 3566 et
355 3525 473 3585 semper
499 3509 535 3568 ab
564 3509 701 3568 omnibus
728 3508 929 3570 celebrabitur.
977 3509 1070 3586 Cujus
1098 3509 1192 3586 gloria
1213 3514 1333 3586 propter
1355 3509 1454 3570 varias

225 3631 329 3674 causas
360 3615 410 3674 vel
441 3615 531 3676 latius
564 3635 653 3694 quam
680 3616 802 3694 Kopleri
833 3617 937 3694 patuit.
987 3617 1116 3677 Facilius
1143 3617 1329 3694 praesertim,
1362 3636 1452 3694 quam

223 3722 306 3799 leges
329 3722 404 3783 coeli
426 3723 463 3783 ab
485 3723 542 3784 hoo
564 3724 780 3797 manifestatae,
809 3723 934 3785 Galilaei
956 3723 1077 3784 inventa
1099 3743 1117 3783 a
1139 3723 1214 3784 mua
1235 3723 1375 3784 varietate
1397 3742 1452 3784 sua

332 3953 358 4022 1)
379 3952 417 4007 cf.
437 3951 573 4021 Whewol,
596 3951 614 4006 1.
634 3969 656 4007 o.
680 3952 766 4008 1432
789 3952 941 4022 ‚inductiva
965 3953 1050 4022 epoch
1072 3953 1101 4007 ol
1121 3952 1248 4022 Kepler‘;
1271 3953 1335 4006 item
1358 3955 1451 4021 postea

223 4042 320 4113 ,epooh
339 4043 368 4098 ol
384 4041 495 4097 Galilei.‘
532 4042 663 4096 Kaostuer
680 4042 707 4096 in
726 4045 782 4097 toto
800 4042 860 4097 libri
879 4059 960 4112 supra
977 4042 1078 4097 modali
1097 4045 1168 4098 tomo
1186 4042 1234 4111 IV,
1254 4042 1299 4112 qai
1318 4043 1352 4096 ad
1370 4042 1451 4096 disci-

222 4133 308 4202 plinas
331 4131 512 4201 mechanicas,
537 4132 651 4202 opticas,
675 4132 863 4188 astronomicas
886 4131 1013 4202 pertinet,
1037 4132 1217 4202 copiosissime
1236 4133 1268 4186 de
1288 4130 1405 4186 Galilaea
1423 4135 1451 4186 et

223 4221 337 4292 Keplero
356 4221 482 4292 loquitur.

330 4313 358 4381 2)
377 4311 409 4366 Ιιι
427 4311 493 4366 actis
512 4312 677 4367 eruditorum
695 4327 718 4366 a
739 4311 808 4367 1689
827 4329 852 4381 p.
872 4311 915 4366 82.

329 4401 357 4470 3)
373 4401 411 4456 of.
426 4400 645 4472 Physiologisohe
661 4400 741 4471 Optik
754 4419 779 4470 p.
792 4401 851 4457 102.
863 4401 915 4456 334
925 4417 946 4456 s.
962 4400 1022 4458 620.
1033 4400 1094 4456 688.
1123 4401 1162 4456 Gi.
1176 4399 1257 4456 etiam
1270 4399 1304 4454 H.
1314 4399 1447 4470 Welcirer‚

222 4477 296 4543 fiber
319 4489 361 4543 die
379 4490 545 4544 irradiation.
583 4490 668 4558 Quem
692 4507 741 4546 suo
756 4490 818 4560 jare
836 4490 946 4561 Keplori
964 4489 1093 4545 theoriam
1110 4505 1254 4545 renovasse
1272 4489 1337 4544 dicit
1353 4487 1446 4543 Helm-

222 4576 294 4632 holta
312 4577 330 4632 l.
346 4595 368 4634 c.
388 4597 413 4650 p.
429 4581 489 4634 335.
