3176 5064
196 204 232 257 46
731 201 818 256 Ceron
836 200 884 255 IV.

201 295 411 304 ...——----.·-
665 296 724 302 ..---
752 295 880 301 ...--

196 405 413 476 abhorrentem,
436 403 534 462 omnia
551 403 750 462 restituendae
773 404 855 479 pacis
877 402 1093 462 ecclesiasticae
1111 403 1209 462 studia
1226 402 1441 478 impedivissc‚

196 516 231 571 ut
249 529 338 570 suum
355 511 514 588 imperium
532 511 714 570 mundanum
734 514 864 570 servaret
886 513 916 568 et
933 511 1118 569 confirmaret
1172 507 1267 583 Quare
1285 507 1442 586 praemis·

198 620 240 679 sis
267 618 433 692 nonnullis,
464 635 539 695 quae
566 618 604 676 ad
633 617 872 694 perspiciendum
895 617 984 677 Aonii
1012 616 1170 676 consilium
1197 617 1337 692 prodesse
1363 633 1442 694 pos·

198 731 280 802 sunt,
303 725 478 802 gravissima
496 725 640 802 quaedam
658 724 753 784 libelli
772 742 861 801 supra
884 723 954 784 dicti
979 725 1152 784 exscribam.
1198 722 1255 798 Qui
1280 729 1441 802 quatenus
1558 759 1559 792 ,

197 853 265 894 cum
283 833 406 893 Luthen'
424 832 539 908 libelle,
563 832 681 910 dequo
704 837 772 909 post
793 831 879 890 illum
903 832 977 891 mihi
1000 832 1154 892 dicendam
1172 831 1241 906 erit,
1265 831 1440 908 comparari

197 942 304 1019 possit,
326 940 415 1000 facile
437 940 596 1017 apparebit.

303 1049 454 1108 Palearius
477 1047 608 1125 primum
629 1047 785 1124 epistolam
803 1047 884 1106 dedit
901 1048 939 1106 ad
957 1047 1135 1122 Lutherum,
1159 1046 1439 1121 Melanchthonem‚

194 1156 353 1230 Bucerum,
377 1156 535 1215 Calvinum
559 1161 589 1214 et
608 1155 782 1216 Germaniae
800 1154 1012 1233 Helvetiaeque
1031 1154 1226 1229 Christianos,
1249 1173 1309 1214 non
1327 1155 1440 1214 addito

199 1264 350 1341 scriptoris
382 1263 513 1338 nomine,
546 1264 624 1341 quod
652 1281 721 1322 vero
754 1263 906 1322 tabellario
937 1263 1021 1322 illam
1049 1241 1198 1339 perlaturo
1224 1265 1329 1322 notum
1354 1270 1436 1322 erat.

198 1370 279 1444 Quae
302 1371 426 1448 epistola
449 1390 521 1430 num
543 1371 581 1430 ad
599 1370 678 1430 viros
696 1370 766 1430 illos
786 1389 839 1430 suo
859 1375 991 1448 tempore
1009 1371 1176 1447 pervenerit
1193 1371 1338 1430 incertum
1356 1371 1436 1430 est¹

197 1479 359 1538 Praeclaris
386 1495 436 1537 eos
464 1478 597 1538 hortatur
618 1478 716 1538 verbis
743 1478 781 1536 ad
809 1477 981 1538 servandam
1005 1479 1190 1538 concordiam
1217 1478 1435 1554 evangelicam,

198 1605 257 1664 qua
288 1585 351 1645 sola
381 1585 531 1644 unanimis
558 1585 735 1644 adversariis
762 1586 901 1645 resistere
928 1586 1052 1662 possint.
1105 1585 1251 1662 Graphice
1283 1585 1433 1662 depingit,

198 1712 287 1772 quam
309 1693 475 1753 incredibili
498 1693 653 1768 diligentia
675 1693 813 1753 Pontifex
841 1693 879 1752 ad
906 1693 1074 1754 habendum
1100 1693 1265 1754 Concilium
1288 1711 1320 1753 se
1343 1699 1434 1770 paret

198 1806 228 1860 et
250 1801 399 1879 expediat,
426 1801 469 1860 ita
491 1806 537 1877 ut,
566 1801 702 1878 quamvis
725 1819 784 1860 non
808 1801 882 1860 satis
904 1801 989 1860 firma
1008 1801 1048 1860 sit
1065 1801 1247 1876 valetudine,
1270 1803 1369 1859 tamen
1389 1819 1432 1860 ne

197 1915 374 1968 nocturnum
403 1909 523 1987 quidem
550 1914 668 1986 tempus
696 1908 734 1967 ad
762 1908 891 1985 quietem
919 1908 976 1967 sibi
1003 1908 1164 1985 relinquat3
1193 1925 1274 1968 orare
1301 1926 1370 1967 eum
1398 1913 1433 1967 et

198 2018 348 2078 obsecrare
371 2035 486 2091 omnes,
509 2021 544 2075 ut
566 2017 597 2075 in
621 2033 806 2076 communem
829 2034 929 2075 curam
953 2015 1137 2091 incumbant,
1161 2021 1191 2074 et
1215 2016 1247 2074 in
1270 2016 1326 2075 hoc
1350 2016 1431 2075 Con·

198 2124 266 2184 cilio
282 2125 318 2184 de
337 2125 489 2201 majestate
507 2123 648 2184 ecclesiae
658 2123 806 2183 Romanae
819 2124 915 2201 deque
929 2124 1057 2183 fortunis
1073 2123 1206 2183 omnium
1220 2123 1430 2200 episcoporum

198 2237 228 2292 et
251 2232 439 2292 Summorum
462 2232 640 2292 Pontificum
663 2232 711 2308 agi
733 2235 847 2308 putent.
897 2231 1009 2307 Adjicit
1027 2231 1191 2306 Palearius,
1215 2231 1292 2290 inter
1314 2231 1430 2308 episco-

197 2358 303 2416 porum
325 2339 548 2398 multitudinem
570 2339 669 2400 ubivis
691 2344 836 2398 terrarum
855 2339 990 2414 singulos
1008 2343 1124 2398 tantum
1143 2356 1209 2398 esse
1227 2339 1307 2398 viros
1325 2339 1429 2414 bonos,

197 2447 340 2523 integros,
363 2447 529 2506 divinarum
552 2465 651 2506 rerum
674 2447 784 2523 peritos
791 2466 798 2524 ;
822 2447 910 2522 longe
933 2447 1077 2524 plurimos
1100 2445 1339 2524 corruptissimos
1366 2465 1429 2505 non

198 2553 381 2613 deecclesia
409 2554 552 2614 sollicitos
581 2572 659 2628 esse,
688 2555 774 2630 cujus
802 2559 891 2631 caput
906 2554 1052 2614 Christus
1076 2555 1128 2630 sit,
1161 2555 1213 2614 sed
1236 2555 1273 2613 de
1296 2554 1429 2630 seipsis

197 2677 291 2719 unum
315 2661 461 2738 quoddam
484 2679 591 2738 corpus
614 2661 851 2737 conficientibus,
874 2663 960 2739 eujus
984 2667 1073 2740 caput
1096 2662 1136 2722 sit
1157 2662 1298 2720 Pontifex
1320 2661 1429 2721 Roma-

197 2786 267 2844 nus;
296 2787 350 2846 pro
377 2768 468 2844 hujus
495 2769 633 2846 imperio,
662 2769 752 2829 immo
780 2787 848 2829 vero
876 2770 1047 2845 tyrannide,
1074 2774 1215 2847 tanquam
1238 2787 1291 2847 pro
1313 2769 1374 2828 aris
1397 2775 1430 2828 et

197 2876 271 2936 focis
294 2895 438 2954 pugnare,
462 2894 618 2936 commune
640 2878 772 2936 omnium
795 2877 953 2937 consilium
975 2895 1054 2955 esse;
1083 2877 1231 2953 synodum
1253 2877 1295 2936 ita
1317 2877 1429 2937 consti-

197 2984 242 3044 tui
265 2985 383 3060 volunt,
406 2989 441 3044 ut
462 2985 666 3062 perejusmet
688 2985 850 3045 sententias
877 2985 1032 3045 firmentur
1059 3003 1160 3045 eorum
1186 3003 1290 3063 regna,
1317 3003 1427 3044 census

197 3097 227 3152 et
249 3098 442 3170 quaestuosae
464 3093 644 3152 traditiones.
690 3091 774 3152 Nihil
797 3111 863 3152 esse
890 3093 995 3169 igitur,
1023 3093 1101 3170 quod
1128 3093 1229 3152 dicant
1256 3093 1288 3151 in
1312 3091 1425 3168 Spiritu

198 3199 305 3260 Sancto
323 3201 480 3260 convenire
500 3219 532 3260 se
550 3205 638 3278 atque
657 3200 827 3277 congregari
847 3201 878 3258 in
896 3201 1016 3260 nomine
1032 3200 1150 3260 Christi.
1189 3199 1285 3273 erare
1299 3199 1425 3273 Caesari,

196 3307 341 3382 Regibus,
365 3307 541 3368 Civitatibus
569 3308 732 3367 cavendma
759 3325 825 3368 esse
847 3308 996 3382 admonet,
1024 3325 1063 3366 ne
1086 3307 1175 3367 Curia
1198 3307 1292 3384 judex
1319 3309 1371 3365 fiat
1393 3307 1425 3365 in

198 3431 252 3474 sua
274 3433 375 3489 carisa,
398 3421 487 3492 atque
509 3415 736 3490 consulendum,
760 3421 794 3474 ut
816 3434 853 3475 ex
877 3416 957 3474 omni
979 3419 1068 3491 gente
1090 3413 1194 3492 optimi
1217 3415 1273 3473 viri
1296 3415 1333 3472 ud
1356 3432 1425 3474 cou-

197 3521 299 3581 cilinm
332 3522 518 3599 delegentur;
556 3521 638 3599 ipsos
669 3522 736 3580 vult
759 3522 891 3582 Concilio
922 3523 1027 3583 adesse
1058 3527 1147 3600 atque
1178 3522 1359 3600 prospicere,
1390 3527 1426 3579 ut

197 3629 295 3688 omnia
317 3629 420 3704 libere,
441 3630 535 3705 juste,
558 3629 719 3688 christiane
741 3635 888 3705 gerantur.
935 3631 985 3691 Sic
1007 3629 1104 3690 adhuc
1126 3631 1262 3708 sperabat
1288 3629 1363 3704 fore,
1392 3633 1426 3687 ut

197 3741 227 3796 et
248 3737 314 3813 ipse
336 3736 487 3812 Pontifex,
512 3737 753 3814 quamprimum
781 3737 858 3797 inter
885 3755 970 3814 pares
997 3755 1117 3796 manere
1138 3738 1267 3812 volebat,
1294 3737 1331 3796 ad
1358 3725 1430 3814 per-'

196 3844 351 3903 ficiendam
369 3863 423 3921 pro
437 3844 517 3903 virili
535 3849 618 3920 parte
636 3846 782 3906 sinceram
800 3844 907 3922 capitis
925 3849 955 3904 et
974 3847 1171 3904 membrorum
1188 3844 1424 3905 reformationem

195 3956 422 4028 permoveretur.

302 4059 416 4118 Verum
448 4059 521 4118 haec
553 4075 622 4136 spes
645 4061 765 4120 evanuit
788 4066 938 4120 crescente
970 4059 1193 4121 antichristianae
1219 4057 1425 4137 Inquisitionis

196 4167 377 4226 crudelitate.
433 4165 577 4226 limatam
600 4172 729 4226 mentem
761 4185 831 4244 prae
864 4186 896 4227 se
927 4169 987 4227 fert
1018 4167 1152 4243 libellus,
1189 4185 1277 4245 quem
1310 4166 1425 4226 Aonius

305 4413 330 4480 1)
349 4411 426 4465 Hanc
450 4413 552 4481 primus
576 4412 647 4481 typis
670 4411 852 4464 excutiendam
876 4413 979 4466 emovit
1002 4411 1149 4467 Schelhom
1176 4413 1204 4465 in
1230 4428 1332 4490 amoen.
1361 4413 1422 4465 hist.

197 4497 260 4551 eccl.
280 4499 305 4565 I,
325 4499 386 4553 448.

1550 4931 1559 5002 l
