3156 5056
243 305 294 360 166
729 308 832 358 Pataris
854 307 964 357 anonrs

735 399 746 402 -
759 398 823 404 ...-
979 397 1001 402 --
1010 397 1069 402 -----
1087 397 1100 402 ι.
1142 397 1166 402 -.-
1260 397 1265 401 -
1287 395 1456 403 --——-—---

243 504 498 598 spectatissimum,
541 537 593 595 per
626 521 773 594 Europam
812 521 1050 596 celeberrimum,
1084 537 1183 580 rernm
1221 520 1361 596 angustiis
1401 535 1459 578 non
1574 569 1575 610 ἦ

243 627 365 700 amplius
392 625 577 701 impeditum,
609 626 660 684 sed
688 626 831 699 pecuniae
861 626 1027 700 liberalem,
1061 626 1187 700 suspicio
1222 622 1309 683 facile
1343 625 1459 698 cecidit,
1574 677 1575 712 ,

244 731 325 804 quasi
348 731 393 790 soi
416 729 557 788 commodi
580 745 667 788 causa
689 730 720 788 in
742 746 892 805 proceres,
915 731 1088 804 praesertim
1110 730 1213 803 quibus
1234 729 1323 788 libros
1345 728 1460 788 diesve·
1574 747 1575 776 v

242 840 303 910 rat,
325 835 444 893 nimiam
466 833 581 892 laudem
605 834 782 894 contulisset.
828 834 886 894 Ubi
909 835 985 893 enim
1006 835 1070 894 illos
1094 835 1181 894 toties
1204 833 1319 908 publice
1338 832 1460 892 laudare

244 941 330 1000 moris
365 947 396 999 et
431 939 578 997 civilitatis
616 944 693 1012 erat,
728 940 816 998 etiam
846 940 948 1013 optimi
981 939 1053 1014 viri,
1087 941 1148 1013 jam
1178 945 1352 1013 propterea,
1384 938 1461 1011 quod
1574 955 1575 992 v

245 1043 375 1104 variandi
411 1045 442 1102 in
475 1043 577 1102 eodem
609 1044 725 1118 negotio
764 1044 906 1102 sermonis
940 1043 1060 1103 studiosi
1094 1049 1194 1118 erant,
1228 1043 1342 1101 modum
1374 1043 1461 1102 facile

246 1154 439 1209 excesserunt.
485 1148 692 1207 Verumtamen
718 1148 796 1221 apud
818 1148 970 1206 Erasmnm
997 1148 1104 1208 nimiae
1128 1147 1269 1221 ejusmodi
1291 1147 1407 1222 laudes,
1435 1148 1462 1206 si

247 1253 360 1326 quando
387 1257 557 1327 occurrunt,
588 1269 703 1326 semper
729 1250 792 1310 fere
815 1253 896 1326 quasi
919 1250 1062 1326 praelatio
1083 1257 1150 1311 sunt
1172 1267 1292 1311 severae
1315 1251 1461 1325 veritatis,
1574 1319 1575 1322 Ἴ

246 1374 332 1431 quam
363 1362 471 1430 quanta
501 1357 636 1416 libertate
665 1373 762 1415 coram
785 1356 888 1415 iisdem
910 1357 1079 1431 proceribus
1101 1355 1233 1430 proloqui
1256 1372 1341 1414 ausus
1364 1356 1463 1430 luerit,
1574 1389 1575 1410 t

247 1468 310 1520 turn
339 1478 428 1536 supra
450 1461 643 1535 ostendimus,
670 1467 730 1519 tum
760 1463 824 1535 plus
847 1463 936 1519 semel
960 1462 1149 1534 sequentibus
1173 1460 1464 1520 commentationibus
1574 1463 1575 1474 ¹

247 1566 439 1625 ostendemus.
493 1565 580 1624 Certe
616 1565 652 1624 de
686 1567 730 1624 his
761 1565 893 1624 omnibus
932 1583 968 1624 ex
997 1565 1111 1624 illorum
1138 1571 1300 1639 temporum
1327 1565 1464 1638 moribus,
1574 1551 1575 1576 ¹

247 1672 377 1744 quamvis
399 1671 661 1746 reprehendendis,
681 1669 812 1744 judicare
831 1669 978 1729 debemus.
1022 1670 1125 1742 Neque
1148 1670 1313 1729 omittamus
1335 1670 1366 1728 id
1385 1669 1464 1744 quod

226 1766 345 1834 'nobile
369 1780 414 1834 est
435 1776 466 1833 in
488 1776 545 1834 illis
565 1775 707 1849 moribus,
730 1775 863 1848 quoniam
885 1775 1024 1834 Erasmus
1045 1789 1138 1848 aeque
1161 1791 1196 1833 ae
1214 1773 1359 1833 Lutherus
1381 1774 1464 1848 inge·

248 1881 328 1938 nium
357 1897 438 1938 auum
459 1879 587 1940 vendere
610 1897 668 1938 non
691 1880 767 1953 vult,
800 1885 829 1938 et
851 1880 1055 1938 amicissimum
1078 1880 1263 1953 bibliopolam
1286 1879 1465 1938 Frobenium

248 2001 307 2044 nen
329 1985 359 2043 in
382 1990 547 2044 mercatura
569 1985 701 2058 quadam,
725 1983 777 2044 sed
799 1986 830 2043 in
849 1985 910 2042 solo
933 1973 1037 2044 altiore
1060 1985 1178 2059 negotio
1199 1984 1310 2044 socium
1331 1988 1362 2042 et
1383 1984 1465 2058 adju·

247 2095 342 2148 torem
371 2107 455 2148 snum
483 2091 630 2164 aestimat,
659 2089 695 2148 de
722 2106 777 2162 quo
807 2090 869 2148 viro
894 2090 925 2147 in
953 2089 1076 2162 epistola
1102 2089 1140 2148 ad
1168 2088 1340 2164 Vergaram
1360 2089 1465 2162 Hispa·
1499 2133 1504 2142 .

248 2200 317 2253 num
349 2193 420 2253 data
453 2200 624 2268 perpetuam
657 2194 753 2268 illam,
787 2193 823 2254 de
851 2211 908 2267 qua
938 2193 1075 2268 diximus,
1107 2209 1234 2268 pugnam
1254 2209 1336 2251 suam
1357 2175 1466 2252 ‹lesiri-
1541 2217 1544 2222 ·

248 2299 338 2372 bens,
368 2297 480 2372 ,Mihi‚‘
513 2299 620 2372 iuquit,
649 2299 696 2374 ,in
731 2299 793 2358 acie
824 2299 914 2357 amnti
940 2299 1121 2358 moriendum
1150 2303 1212 2373 est,
1244 2297 1282 2356 ad
1308 2314 1373 2356 eam
1401 2313 1465 2356 rem

250 2402 564 2462 accommodatissimus
597 2403 667 2461 mibi
703 2408 748 2460 est
775 2402 937 2462 Frobenins
965 2419 1047 2462 arma
1078 2403 1220 2476 pugnanti
1258 2401 1464 2477 suppeditans‘

249 2505 375 2580 Propter
412 2506 552 2581 ejusmodi
587 2507 766 2579 potissimum
799 2508 887 2565 animi
914 2507 1080 2566 testimonia
1113 2513 1182 2565 tunc
1211 2507 1349 2580 temporis
1376 2522 1465 2582 gene-

250 2611 392 2669 rosissimi
421 2609 566 2684 homines,
598 2611 727 2684 quamvis
743 2627 859 2698 naevos
878 2613 908 2669 in
928 2611 1051 2670 Erasmo
1077 2628 1136 2670 non
1161 2611 1343 2685 ignorarent,
1366 2615 1465 2670 umen

251 2731 339 2789 saepe
366 2713 551 2789 judicabant,
584 2716 687 2788 maJori
715 2716 796 2774 illum
817 2717 1054 2792 Maecenatibus,
1085 2733 1169 2792 qnam
1189 2716 1381 2776 Maecenates
1412 2715 1464 2790 illi,

252 2819 355 2878 honori
379 2836 451 2878 esse.
970 2833 973 2839 ·

339 2922 397 2983 Sed
428 2923 465 2982 ad
494 2924 640 2997 inceptum
667 2924 829 2984 redeamus.
881 2925 964 2984 Illam
988 2926 1076 3000 igitur
1105 2925 1220 2984 Erasmi
1250 2925 1463 2994 anctoritatem,

156 3087 167 3104 ,
252 3031 333 3104 cujus
356 3046 458 3089 causas
478 3029 730 3109 investigavimus,
753 3045 840 3104 quum
863 3035 893 3089 et
916 3047 1001 3104 quam
1023 3032 1081 3089 late
1104 3030 1233 3104 patuerit
1255 3035 1285 3089 et
1305 3046 1391 3104 quam
1406 3029 1465 3088 alte

252 3135 355 3194 animis
377 3133 466 3193 infixa
495 3133 585 3193 fuerit
606 3134 836 3210 consideramus,
866 3139 977 3194 tantam
998 3136 1029 3193 in
1050 3135 1187 3194 universa
1209 3134 1344 3209 Europae
1367 3134 1465 3208 reipu-

251 3239 329 3298 blica
357 3239 514 3310 litteraria,
543 3245 679 3312 quantam
707 3246 772 3314 post
793 3241 874 3298 illum
898 3239 1005 3298 nullius
1026 3256 1164 3314 unquam,
1195 3237 1284 3297 fuisse
1305 3239 1372 3311 jure
1396 3238 1466 3297 dici-

252 3360 322 3402 mus.
368 3343 452 3401 Hanc
479 3345 504 3401 si
523 3345 717 3418 principatum
740 3345 884 3418 quendam
905 3345 1102 3417 nominamus,
1130 3344 1172 3402 nil
1194 3343 1261 3401 novi
1283 3341 1467 3417 proferimus,
1574 3391 1575 3394 ,

253 3445 305 3505 sed
331 3446 447 3505 illorum
475 3453 636 3520 temporum
657 3449 795 3522 judicium
825 3449 983 3522 repetimus
1008 3453 1039 3508 et
1060 3449 1245 3509 vindicamus.
1289 3447 1324 3505 ld
1347 3445 1466 3505 mirifice

255 3567 423 3624 expressum
445 3551 566 3623 legimus
589 3554 620 3610 in
644 3552 768 3626 epistola
790 3553 912 3626 quadam
936 3553 1051 3612 Alberti
1074 3551 1236 3612 Cardinalis
1259 3557 1290 3612 et
1311 3551 1467 3625 Electoris,

253 3655 473 3729 Archiepiscopi
496 3656 659 3729 Mogontiai
680 3661 710 3714 et
731 3657 1001 3732 Magdeburgensis,
1024 3657 1158 3716 Primatis
1181 3655 1366 3726 Gennaniae,
1388 3655 1468 3713 Mar·
1574 3635 1575 3644 ἵ

254 3760 363 3820 chionis
386 3759 643 3836 Brandenburgici.
690 3761 744 3834 Qui
772 3780 858 3836 quum
887 3762 1038 3822 admodum
1063 3763 1177 3835 juvenis
1207 3762 1238 3820 in
1261 3767 1342 3820 tanto
1362 3761 1467 3834 princi·

252 3871 336 3940 patus
370 3865 561 3924 ecclesiastici
590 3871 620 3925 et
647 3867 786 3926 secularis
821 3866 937 3941 fastigio
966 3869 1122 3926 collocatus
1149 3872 1239 3941 esset,
1275 3866 1349 3924 haee
1380 3863 1468 3922 verba

253 3971 368 4044 scripsit
396 3969 434 4029 ad
462 3971 639 4030 eruditorum
660 3973 833 4046 prinoipem:
866 3973 979 4046 ,Nuper
996 3973 1027 4030 in
1050 3972 1224 4030 voluminum
1248 3971 1299 4028 abs
1321 3975 1351 4028 te
1375 3969 1467 4027 edite·

252 4092 315 4132 rum
337 4076 492 4134 lectionem
514 4075 692 4150 incidentes,
712 4075 832 4134 Erasmo
854 4076 1036 4150 doctissime,
1059 4093 1147 4149 quum
1169 4075 1297 4133 divinum
1319 4073 1374 4131 boc
1389 4079 1466 4131 tuum
1574 4125 1575 4138 ,

252 4179 415 4254 ingenium,
438 4181 620 4256 omnigenam
643 4179 834 4240 eruditionem
855 4185 886 4239 et
907 4197 995 4254 supra
1017 4185 1132 4254 captum
1154 4194 1249 4252 paene
1271 4177 1355 4252 hrrjus
1378 4175 1468 4235 seculi
1574 4189 1575 4266 ,

254 4288 284 4342 et
308 4284 421 4356 patriae
454 4285 648 4359 eloquentiam
676 4285 809 4344 admirati
842 4301 987 4359 essemus,
1015 4285 1094 4358 cepit
1125 4301 1178 4343 nos
1200 4285 1303 4356 ingens
1325 4281 1467 4355 quoddam
1574 4277 1575 4284 ’

252 4393 282 4448 te
304 4388 421 4448 videndi
444 4390 634 4450 desiderium:
658 4391 764 4462 quippe
788 4391 859 4448 nibil
882 4391 974 4464 magis
996 4406 1032 4448 ex
1055 4389 1197 4464 dignitate
1212 4392 1312 4446 nostra
1335 4385 1468 4444 arbitrati

252 4509 362 4568 sumus,
392 4510 478 4566 quam
510 4513 595 4566 (laum
627 4511 677 4552 nos
706 4493 761 4552 Dei
789 4495 855 4568 Opt.
888 4494 966 4552 Max.
997 4495 1178 4567 benignitate
1208 4493 1240 4551 in
1272 4490 1468 4564 principem
1574 4521 1575 4524 =

253 4597 453 4673 episcoporum
475 4599 568 4657 locum
592 4599 686 4659 evecti
708 4599 813 4675 simus,
837 4615 903 4658 eum
926 4598 1031 4673 virum,
1054 4598 1103 4675 qui
1124 4615 1182 4656 non
1204 4613 1260 4674 per
1283 4595 1466 4656 Germaniam
