3202 5058
740 309 841 364 Pan-rrs
861 311 977 364 Parcius

260 525 402 598 (quaedam
437 525 598 598 ephemeris
632 525 774 585 litteraria
808 541 901 598 nuper
935 525 1071 585 monuit¹
1124 525 1196 584 Cum
1228 527 1284 584 hac
1314 529 1377 601 ipsa
1408 544 1478 586 vero

260 631 405 690 strictiore
428 637 460 688 et
481 631 627 689 severiore
650 629 760 704 ingenii
783 631 905 700 cultura,
929 631 1127 704 evangelicam
1150 631 1292 704 originem
1314 631 1477 705 redolente,

259 735 396 794 Bnrnssia
415 735 451 793 iis
474 740 587 794 tantum
602 734 758 793 Catholicis
772 735 889 807 placere
904 735 1016 808 potuit,
1039 737 1105 808 qni,
1127 751 1219 810 aeque
1234 741 1322 808 atque
1338 735 1477 794 Erasmus

259 841 414 914 qnondam,
448 842 479 898 in
509 839 638 898 Luthero
669 840 752 912 juxta
786 855 914 914 errores,
946 857 1017 912 quos
1047 845 1168 915 putant,
1202 841 1263 899 veri
1297 847 1328 900 et
1361 842 1476 900 sincere

260 945 410 1005 christiani
439 943 548 1017 aliquid
576 951 736 1018 agnoscunt
765 943 887 1017 ideoque
916 945 1063 1018 propriam
1093 945 1159 1003 novi
1181 946 1247 1004 aevi
1269 945 1395 1004 indolem
1417 961 1478 1004 non

258 1067 375 1123 prorsus
408 1067 473 1108 cum
499 1049 552 1107 Pio
585 1065 661 1108 nono
692 1049 828 1122 rejiciunt
862 1055 949 1122 atque
985 1047 1187 1108 condemnant.
1231 1049 1286 1120 Qui
1320 1065 1384 1107 cum
1420 1050 1477 1107 hoc

259 1155 340 1229 Papa
368 1151 480 1213 iaciunt
505 1169 600 1227 neque
629 1169 755 1227 unquam
783 1147 830 1232 (nt
859 1169 924 1212 cnm
945 1152 1076 1213 Romano
1095 1159 1183 1228 poete
1203 1147 1368 1232 loquamur)
1398 1155 1476 1227 ,cnl-

258 1267 342 1319 turae
364 1261 524 1332 patientem
547 1273 648 1317 aurem
671 1257 880 1332 commodant,‘
904 1259 926 1314 ii
947 1274 1047 1317 omnes
1071 1257 1151 1332 iere,
1174 1259 1244 1316 licet
1264 1256 1369 1316 callide
1385 1258 1477 1316 inter·

259 1364 343 1438 dnm,
362 1369 395 1422 nt
417 1363 549 1422 Jesnitae
573 1363 625 1421 sub
641 1361 792 1421 Friderieo
811 1362 934 1437 Magno,
957 1362 1045 1421 ulium
1070 1363 1197 1420 animum
1219 1363 1364 1435 simulent,
1387 1363 1477 1421 corde

259 1485 310 1526 sno
337 1473 397 1526 tam
425 1473 538 1526 atroces
568 1483 603 1526 ac
633 1465 688 1526 ieri
709 1465 864 1525 Bornssiae
895 1483 994 1526 osores
1021 1471 1103 1541 sunt,
1135 1473 1168 1525 nt
1189 1481 1335 1538 nunqnam
1355 1481 1387 1524 se
1409 1481 1475 1523 cum

260 1587 296 1630 ea
322 1572 353 1630 in
381 1569 509 1630 amicitia
538 1571 600 1630 iore
630 1571 668 1628 ad
698 1587 779 1630 arem
805 1571 919 1644 jurasse
949 1569 1112 1633 videantur.
1157 1571 1254 1643 Quare
1284 1569 1328 1628 vir
1349 1569 1477 1643 prudens

258 1676 305 1736 vix
327 1675 365 1735 de
387 1677 508 1749 singulis
530 1692 595 1734 eum
615 1674 716 1734 eodem
739 1679 827 1748 poeta
848 1673 969 1734 dixerit:

477 1797 569 1856 Nemo
591 1795 665 1855 adeo
686 1794 765 1854 ferus
787 1801 852 1871 est,
875 1803 984 1856 utnon
1006 1798 1160 1855 mitescere
1182 1797 1281 1869 pessit.

261 1917 363 2002 Neque
392 1918 543 1978 miraberis
571 1917 648 1976 istud
678 1917 788 1990 odium,
823 1934 879 1990 qno
905 1917 1009 1978 fortior
1030 1917 1171 1977 Jesnitica
1201 1934 1268 1991 pars
1293 1918 1324 1975 in
1344 1915 1478 1975 Romana

258 2024 385 2082 ecelesia
415 2021 493 2082 facta
524 2028 583 2096 est,
615 2039 650 2081 eo
678 2022 787 2095 largius
810 2028 943 2096 auctum,
973 2021 1099 2095 deniqne
1119 2021 1261 2080 Vaticano
1290 2021 1413 2080 concilio
1437 2023 1478 2080 ad
1589 2075 1590 2088 ,

260 2143 400 2186 summum
423 2127 538 2186 culmen
561 2127 739 2200 pervenisse.

345 2231 379 2290 ld
401 2249 453 2290 nos
476 2239 645 2305 praesentes
668 2237 824 2305 exparte,
851 2247 938 2304 quum
961 2230 999 2289 ad
1020 2230 1154 2288 Rhenum
1176 2245 1375 2304 versaremur,
1403 2229 1479 2288 vidi·

257 2353 327 2396 mus.
379 2337 411 2394 ld
440 2337 577 2409 permulti
608 2337 653 2394 vel
685 2337 834 2409 propiores
866 2352 963 2394 rerum
986 2336 1204 2408 observatores,
1233 2333 1478 2408 praestantissimi

256 2441 391 2498 nimirum
410 2439 568 2499 Christiani
601 2439 736 2498 catholici
758 2439 904 2512 iidemque
926 2441 1040 2513 patriae
1064 2439 1268 2512 amantissimi,
1299 2454 1356 2496 uno
1378 2438 1478 2496 auimo

257 2545 358 2604 testati
391 2549 464 2602 snut.
511 2543 545 2602 ld
573 2560 608 2602 ex
640 2543 685 2602 his
719 2543 964 2618 ingeniosissimus
997 2560 1110 2617 quoqne
1141 2549 1276 2602 narrator
1301 2543 1351 2600 ille
1376 2541 1478 2601 West·

257 2647 404 2722 phalicns,
426 2663 514 2721 opere
535 2647 611 2720 qnod
634 2647 755 2706 diximus
782 2649 1004 2707 domesticarum
1033 2665 1131 2706 rernm
1148 2647 1346 2706 condicionem
1359 2646 1478 2720 poetice

257 2753 425 2827 depingens,
449 2752 598 2811 verissime
619 2753 754 2813 ostendit
788 2752 882 2822 Quum
903 2753 981 2810 enim
1003 2752 1140 2811 Berussia
1160 2752 1199 2810 ad
1220 2753 1333 2826 longius
1350 2767 1477 2823 progre-

256 2855 392 2915 diendum
415 2872 452 2914 ea
471 2857 533 2929 via,
564 2873 650 2928 qnam
673 2856 869 2930 duodeviginti
891 2857 975 2915 annis
997 2865 1066 2915 ante
1081 2853 1338 2915 Francofurtensia
1356 2855 1478 2914 comitia
1588 2835 1589 2910 f

256 2961 538 3033 demonstraverunt,
573 2961 746 3018 necessitate
782 2959 905 3032 quadam
944 2961 1115 3036 duceretur,
1150 2960 1227 3019 bello
1261 2964 1362 3018 exorto
1395 2959 1478 3030 apud
1588 2937 1589 2946 ἵ

255 3065 410 3124 Rhenanos
437 3071 468 3124 et
489 3063 675 3138 Westphalos
704 3070 816 3124 tantum
846 3082 904 3124 uon
926 3081 1025 3124 omnes
1048 3065 1085 3139 ii,
1114 3065 1164 3138 qni
1186 3081 1205 3123 a
1226 3063 1367 3123 Jesuitica
1387 3069 1477 3135 parte

255 3171 386 3244 stabant,
412 3170 629 3229 Austriacorum
652 3185 796 3229 armorum
825 3169 974 3228 victoriam
996 3169 1180 3243 cupidissime
1203 3167 1388 3242 appetebant
1434 3167 1477 3225 Hi

254 3275 351 3333 cuncti
382 3281 447 3348 post
475 3275 618 3348 proelium
640 3273 805 3333 Sadovense
833 3273 912 3332 haud
940 3273 1051 3347 exiguis
1082 3272 1237 3347 angoribus
1268 3271 1478 3331 ecclesiasticis

255 3379 471 3452 premebantur.
518 3379 622 3438 Postea
645 3395 714 3438 vero
729 3379 815 3451 longe
829 3379 946 3451 plurimi
962 3395 1075 3452 eorum,
1098 3395 1186 3451 quum
1200 3377 1350 3450 Napoleon
1364 3375 1477 3435 bellum

255 3482 338 3541 nobis
365 3483 525 3556 intulisset,
552 3481 748 3541 felicissimam
774 3483 870 3555 illam,
900 3499 985 3555 quam
1010 3499 1097 3557 snpra
1116 3482 1354 3555 memoravimus,
1379 3485 1478 3539 muta-

255 3587 363 3644 tionem
387 3585 549 3657 snbiernnt,
581 3583 697 3644 fortiter
723 3591 937 3660 pugnaverunt,
968 3587 1127 3646 vulneratis
1147 3586 1286 3644 militibus
1307 3583 1476 3658 adfuerunt,
1587 3577 1588 3588 ³

255 3691 458 3750 resuscitatum
481 3689 633 3763 imperium
653 3687 857 3748 Germanicum
881 3690 1047 3750 laetissimis
1069 3693 1142 3749 votis
1161 3691 1367 3749 salutaverunt.
1413 3687 1478 3748 lta-

255 3813 311 3869 que
334 3793 510 3869 sperandnm
531 3809 596 3852 esse
619 3794 773 3853 videbatur
795 3793 873 3868 iore,
897 3801 929 3853 nt
951 3795 1087 3854 restituta
1101 3801 1224 3854 externa
1240 3793 1362 3866 unitate,
1384 3809 1476 3865 qnam

255 3901 362 3959 frustra
389 3898 498 3959 tamdiu
521 3900 642 3973 populus
664 3907 763 3958 noster
783 3899 1017 3974 desideraverat,
1048 3901 1137 3960 etiam
1158 3897 1303 3958 discordia
1325 3897 1361 3957 de
1384 3895 1477 3956 rebus

255 4003 292 4064 ad
314 4005 486 4079 religionem
508 4003 722 4078 pertinentibus
744 4005 835 4078 magis
858 4005 1006 4078 magisque
1029 4005 1221 4079 mitigaretur,
1250 4002 1281 4061 id
1303 4017 1373 4060 vero
1395 4001 1477 4074 quod

346 4271 371 4334 1)
390 4269 428 4322 Oi.
448 4271 534 4320 Rarus
553 4269 662 4335 critique
684 4275 750 4322 1879
775 4271 821 4320 Nr.
841 4275 882 4320 te.
903 4287 927 4336 p.
941 4275 982 4321 69.
1018 4269 1125 4320 Ilu’cat
1149 4285 1196 4333 pas
1215 4269 1325 4318 doutenx
1344 4283 1392 4333 que
1411 4269 1478 4320 e'eat

255 4355 331 4421 grtes
354 4357 369 4405 h
391 4373 431 4406 rac
454 4357 620 4416 unirer-cites,
646 4373 693 4422 quc
712 4357 882 4422 l’Allemagno
905 4365 944 4407 eat
961 4357 1073 4408 dercnne
1093 4357 1119 4408 la
1138 4355 1197 4422 plus
1215 4355 1296 4421 greum
1316 4355 1478 4407 laboratoire

254 4443 411 4509 sciantiflqns
430 4443 464 4493 dn
482 4444 586 4506 monde,
603 4443 696 4509 qn'alle
715 4461 730 4494 a
749 4461 784 4508 pu
802 4443 932 4510 aequirir,
951 4444 1046 4508 malgre
1065 4459 1111 4494 son
1129 4443 1318 4494 morcellemcnt
1336 4442 1478 4508 pontique,

254 4533 279 4581 la
298 4532 432 4582 sentiment
449 4531 480 4580 de
498 4531 585 4581 l’nuiti
603 4531 733 4582 nationale
752 4537 777 4581 at
796 4537 860 4580 cette
878 4531 977 4581 cultura
1002 4529 1132 4597 generale,
1157 4535 1223 4580 cette
1241 4527 1400 4594 Allgemeiue
1418 4529 1478 4582 Bil-

255 4618 338 4684 dung,
355 4617 417 4667 dont
433 4618 557 4683 l’Europa
575 4620 617 4670 n'a
636 4635 683 4684 qne
703 4629 761 4685 trop
780 4619 888 4669 resecuti
906 4619 932 4668 ln
951 4617 1019 4668 ierne
1038 4617 1198 4668 irresistible.
