3134 5054
231 223 284 278 280
720 225 824 275 Pauus
843 225 960 274 Ριιοιιιι

490 315 550 322 ...-
560 316 672 321 ———

230 455 318 513 supra
339 437 487 500 diximus.¹
525 439 571 498 De
591 456 666 498 novo
688 457 758 499 vero
779 439 934 514 opusculo,
956 438 1031 513 quod
1053 440 1091 500 ad
1115 439 1240 500 eundem
1262 439 1349 502 ιἰιιιι
1373 459 1451 502 oom-

229 559 340 618 poucre
364 550 515 619 coeperat,
537 544 646 604 haecce
668 542 777 603 ibidem
799 545 951 617 leguntur:

318 648 438 724 ,Tribus
465 649 589 722 dialogis
613 647 727 722 pridem
755 650 886 724 aggressi
912 665 1011 708 sumus
1036 649 1221 709 collationem
1243 651 1339 710 verim
1363 667 1451 725 quam

230 753 456 828 disputationem
492 752 530 811 de
564 753 681 828 negotio
718 752 839 812 Martini
874 751 998 812 Lutheri
1034 751 1087 812 sed
1123 755 1241 814 mutatis
1278 756 1451 834 nominibus

230 859 305 917 Nam
333 857 527 932 Thrasybulus
555 857 677 917 Lutheri
705 863 805 932 partes
832 863 915 932 aget,
942 857 1075 916 Eubulus
1098 857 1242 934 diversm,
1270 859 1451 920 Philaletbes

230 969 300 1038 aget
328 963 476 1022 arbitrum.
520 963 635 1022 Primus
662 963 794 1037 dialogus
820 963 964 1037 inquiret,
993 978 1032 1022 aa
1054 962 1218 1037 expedierit
1238 963 1295 1023 bac
1316 965 1366 1024 via
1388 981 1450 1025 rem

230 1068 363 1142 nactam,
391 1067 505 1126 etiamsi
533 1067 680 1127 Lutherus
707 1067 805 1126 omnia
831 1083 901 1127 vere
929 1067 1100 1140 scripsisset
1144 1066 1294 1128 Secundus
1322 1071 1451 1129 excutiet

231 1173 342 1247 aliquot
368 1173 447 1232 illius
475 1171 620 1246 dogmata
664 1172 782 1232 Tertius
811 1171 947 1231 ostendet
975 1171 1067 1246 dam,
1097 1187 1155 1246 qua
1175 1173 1315 1234 tumultus
1337 1175 1388 1234 hic
1409 1175 1451 1234 iu

230 1278 322 1352 possit
343 1277 446 1353 sopiri,
479 1278 565 1337 utin
586 1283 736 1352 posterum
756 1275 836 1336 haud
857 1276 944 1336 facile
966 1277 1151 1350 repullescat
1202 1277 1261 1337 Res
1292 1285 1450 1354 peragetur

230 1383 308 1442 inter
329 1383 399 1442 duos
420 1381 529 1456 absque
549 1383 689 1458 convicio,
711 1383 792 1442 nulla
815 1383 1010 1457 contentione,
1033 1383 1115 1441 nullo
1135 1380 1215 1458 luc03
1237 1387 1351 1444 tautum
1373 1384 1450 1443 nude

231 1488 355 1560 simplex
386 1493 418 1547 et
445 1489 593 1547 masticans
620 1488 729 1547 veritas
754 1493 945 1564 proponetur,
976 1490 1060 1546 tanta
1079 1487 1204 1548 veritate
1227 1493 1370 1562 tantaque
1392 1505 1450 1548 mo·

231 1591 394 1667 deratione,
433 1597 466 1651 ot
498 1594 591 1667 majus
622 1592 784 1666 periculum
817 1592 965 1667 videatur,
997 1609 1035 1651 ue
1071 1592 1141 1651 mibi
1174 1599 1347 1652 succenseat
1382 1609 1449 1668 pers

231 1695 360 1771 diversa,
396 1697 534 1756 videlicet
571 1697 724 1756 lenitatem
765 1713 859 1756 meam
891 1697 1090 1770 interpretans
1124 1697 1326 1772 collusionem,
1363 1713 1449 1771 quam

230 1801 377 1860 Lutherus
398 1801 475 1876 ipse,
497 1802 522 1860 si
542 1801 627 1861 modo
648 1802 754 1861 micam
773 1801 863 1860 ullam
876 1800 972 1872 ,habet
993 1803 1057 1876 ejus
1071 1801 1187 1876 mentia
1209 1817 1296 1874 quam
1311 1803 1397 1861 multi
1413 1801 1448 1862 dc

231 1921 267 1965 eo
288 1905 473 1981 praedicant3
495 1916 526 1966 et
547 1923 601 1980 ego
619 1911 700 1965 corte
720 1907 850 1981 gratulor
871 1907 896 1965 si
918 1906 1023 1966 babet:
1045 1911 1114 1980 opto
1137 1905 1162 1964 si
1184 1921 1242 1964 non
1263 1902 1376 1966 habet!

318 2009 481 2070 Dubitabat
501 2011 591 2084 igitur
613 2015 683 2070 tnnc
703 2010 856 2086 Erasmus,
879 2016 912 2070 ut
933 2011 1007 2070 aliae
1029 2009 1113 2083 dicit,
1135 2009 1172 2070 de
1192 2007 1314 2069 lutheri
1334 2012 1446 2086 spiritu.

232 2115 302 2176 Sese
325 2115 515 2191 Pelagianum
546 2121 575 2175 et
601 2116 759 2191 palponem
786 2116 886 2175 vocari
915 2115 1037 2174 adnotat
1067 2131 1086 2174 a
1113 2114 1303 2189 Lutheranis,
1332 2132 1406 2190 quos
1431 2131 1448 2174 ι

231 2221 361 2280 Luthero
385 2237 500 2294 semper
522 2219 689 2295 distinguit,
719 2221 808 2280 etiam
830 2221 879 2304 bic
899 2237 969 2280 voro
991 2225 1110 2295 propter
1131 2237 1248 2295 causae,
1276 2237 1349 2294 quas
1371 2220 1447 2279 infra

234 2325 398 2386 accuratius
428 2326 649 2401 explicabimus,
684 2326 800 2400 saepius
830 2326 900 2386 satia
928 2326 1035 2401 injuste
1066 2330 1096 2384 ιι
1121 2327 1238 2386 incaute
1263 2325 1300 2386 de
1324 2325 1446 2386 Ειιιιιο

230 2431 342 2490 Ιοιιιιι
371 2437 442 2490 erat
501 2430 616 2490 Erasmi
644 2431 792 2490 sententia
821 2430 874 2490 illa
901 2429 938 2489 dc
969 2429 1097 2490 Luthero
1128 2447 1183 2490 nec
1210 2429 1369 2505 prudentia
1395 2447 1447 2489 nec

233 2533 392 2594 christiana
427 2535 549 2593 caritate
581 2539 669 2593 caret
719 2533 823 2609 Neque
854 2535 950 2608 ignavi
977 2535 1100 2594 hominis
1129 2551 1194 2594 esse
1223 2535 1446 2596 existimabimus

232 2643 343 2696 ιιιιιιι
363 2653 444 2711 spem
466 2638 563 2712 palam
585 2635 758 2712 praedicare
781 2637 818 2698 de
841 2639 918 2712 viro,
941 2655 1026 2713 quem
1048 2637 1184 2698 Pontifex
1202 2645 1234 2700 et
1252 2639 1360 2698 Caesar
1383 2655 1447 2698 con-

233 2740 443 2801 demnaverant
475 2746 506 2801 et
526 2741 782 2815 ‘exstinguendum
819 2758 856 2802 cx
888 2743 1014 2802 humana
1045 2743 1185 2802 socictate
1218 2741 1446 2821 declaraverunt,

231 2846 405 2920 praesertim
427 2845 452 2905 si
473 2846 550 2906 bene
572 2863 608 2905 ιι
622 2845 877 2922 perpenderimus,
898 2862 972 2920 quae
988 2847 1088 2922 adjicit
1102 2847 1247 2907 Erasmus.
1283 2847 1393 2922 ,Multa
1405 2850 1446 2908 in·

232 2949 455 3026 tercurreruut‘,
477 2949 585 3026 inquit,
606 2967 694 3026 ,quae
717 2965 764 3010 me
786 2967 845 3010 non
864 2950 1051 3026 patiebantur
1064 2951 1179 3024 longius
1195 2952 1330 3026 inopere
1345 2958 1446 3026 coepto
1482 3029 1485 3037 Δ

232 3055 382 3132 progredi,
402 3071 489 3130 qnam
510 3054 548 3114 sd
570 3071 658 3114 onam
679 3061 731 3115 aut
752 3055 877 3115 alteram
898 3055 1055 3132 pagellam,
1075 3062 1109 3114 ut
1127 3071 1200 3131 opus
1218 3063 1391 3130 conceptum
1411 3057 1447 3116 sit

231 3161 323 3234 magis
352 3175 437 3235 qnam
467 3166 616 3235 coeptum:
643 3176 816 3235 quamquam
843 3165 875 3219 et
897 3160 971 3219 alias
989 3159 1026 3219 ab
1046 3160 1101 3219 hoc
1123 3159 1224 3234 scripti
1245 3176 1356 3233 genere
1378 3163 1446 3221 satis

232 3265 386 3324 abhorreo.
431 3263 487 3324 Odi
518 3270 640 3326 cruenta
669 3264 803 3341 dissidia,
830 3265 942 3323 lusibus
966 3265 1090 3322 innoxiis
1113 3265 1205 3336 magis
1231 3265 1344 3341 capior,
1366 3267 1446 3325 velut

232 3369 289 3427 huc
310 3373 404 3428 natus.
449 3369 524 3428 Tum
551 3370 621 3429 mibi
649 3369 740 3444 probe
767 3368 902 3429 conscius
929 3383 1005 3441 sum,
1035 3372 1173 3441 quantum
1195 3368 1352 3428 Herculem
1373 3371 1446 3428 haec

232 3487 281 3531 ιιι
302 3474 430 3546 postulet
453 3479 483 3532 et
505 3475 661 3548 quantulus
682 3491 736 3550 ego
756 3475 811 3534 sim
829 3489 996 3549 pygmaeus.
1032 3472 1076 3530 Ac
1095 3489 1213 3545 prorsus
1232 3473 1357 3533 nondum
1376 3473 1445 3532 mibi

232 3575 304 3636 satis
325 3576 476 3636 decretum
498 3583 558 3653 est,
580 3594 619 3637 an
636 3578 738 3653 velim,
760 3578 837 3654 quod
857 3577 1022 3637 institutum
1042 3580 1087 3636 est
1101 3577 1263 3636 absolvere.
1300 3578 1445 3652 Siquidem

231 3679 317 3742 video
347 3686 463 3758 partem
484 3687 635 3756 utramque
658 3683 700 3742 sic
724 3699 789 3742 esse
815 3698 983 3758 accensam,
1015 3687 1048 3741 ut
1070 3687 1206 3742 auttota
1227 3683 1445 3754 venturaene,

231 3793 284 3846 aut
312 3793 376 3847 toto
404 3787 512 3860 perire.
555 3785 646 3847 Porro
675 3787 770 3848 altera
799 3787 914 3848 devicta
941 3801 1076 3860 magnam
1101 3788 1288 3862 evangelicae
1316 3785 1445 3847 versam

231 3908 268 3952 ac
297 3891 444 3952 libertatis
474 3892 589 3952 ruinam
618 3907 717 3952 secum
747 3892 860 3968 trebet3
889 3893 984 3952 altera
1005 3907 1064 3951 non
1084 3892 1276 3968 opprimetur,
1303 3892 1360 3951 nisi
1381 3907 1445 3966 per·

231 3997 423 4056 niciosissimo
452 3997 531 4056 orbis
560 3998 698 4072 tumultu,
729 3998 779 4072 qui
799 3997 904 4056 multos
927 3997 1017 4056 ctiam
1044 3996 1177 4056 innoxios
1203 3997 1340 4056 involvet
1385 3995 1445 4070 Ego

231 4099 336 4162 malim
358 4117 421 4161 rom
451 4102 493 4161 ita
520 4102 667 4178 componi,
697 4107 730 4162 ot
757 4107 880 4176 ιιιιιιι
906 4117 976 4176 pars
997 4101 1147 4161 victoriam
1169 4100 1311 4160 concedat
1331 4099 1444 4160 vestati

234 4211 264 4264 et
285 4204 396 4282 gloriae
420 4203 545 4266 Οιιιίιιί.ι

321 4505 346 4576 1)
364 4509 403 4562 cl.
422 4525 501 4576 supra
518 4525 543 4575 p.
558 4513 608 4561 ιιι
623 4525 658 4562 ιι.
