3156 5056
635 319 726 370 emur
745 319 793 371 IX.
1268 318 1320 372 217

101 533 185 593 enim
211 533 346 607 tenebat,
377 533 494 608 saepius
516 533 702 594 conciliorum
725 549 780 607 ope
803 533 957 592 tudetem
979 531 1118 592 divinitus
1141 547 1205 591 esse
1228 530 1321 591 dudi·

100 644 201 698 cetam
225 643 256 698 et
278 636 424 697 Christum
453 637 550 698 futuro
568 653 682 712 quoque
705 641 836 712 tempore
860 637 913 697 tali
936 637 1073 709 concilio,
1104 653 1161 710 quo
1185 636 1276 712 magis
1302 653 1321 696 a

100 743 167 803 solo
189 744 252 817 ejm
274 743 365 803 verbo
388 749 418 803 et
440 743 544 818 spiritu
566 743 721 817 penderet,
752 759 788 802 eo
815 743 924 802 ceruus
947 741 984 802 ad
1007 741 1165 802 sanandam
1185 742 1321 800 miserem

101 849 260 908 ecclesiam
283 865 366 908 suem
383 865 501 908 usurum
522 863 596 908 esse.

192 953 256 1012 Hoc
283 953 374 1027 igitur
404 969 423 1012 e
449 951 547 1012 divine
574 951 759 1027 providentis
789 950 990 1026 exspectabat,
1017 964 1092 1025 ques
1114 967 1166 1010 suo
1189 956 1321 1025 tempore

99 1057 226 1117 idoneos
254 1057 292 1116 ed
320 1057 351 1116 id
380 1057 594 1132 exsequendum
623 1057 700 1116 viros
726 1057 806 1116 velut
835 1057 930 1116 electe
950 1057 1144 1115 instrumente
1166 1072 1219 1115 sna
1240 1055 1322 1115 edhi-

100 1162 202 1221 biture
230 1167 317 1221 esset
361 1163 423 1223 Sibi
453 1163 485 1220 in
516 1177 552 1222 ea
581 1179 614 1221 re
645 1162 718 1220 nihil
744 1161 911 1222 mandatum
942 1177 1007 1221 esse
1041 1159 1179 1235 credidit,
1210 1161 1266 1219 nisi
1289 1165 1322 1218 ut

99 1267 187 1326 verbi
207 1266 426 1340 praedieatione
457 1273 488 1326 et
513 1267 646 1326 veriatis
669 1245 847 1326 testimonio
861 1267 930 1326 viris
952 1266 1010 1326 illis
1033 1266 1116 1340 quasi
1138 1265 1215 1326 viam
1236 1281 1321 1340 pree·

99 1377 234 1444 peraret
290 1371 326 1430 In
357 1371 501 1432 ecclcsiae
532 1371 685 1450 institutis,
717 1372 847 1445 quemvis
877 1371 981 1446 insint,
1013 1387 1088 1445 qnae
1118 1369 1235 1445 probari
1263 1385 1322 1428 non

99 1477 230 1550 possint,
264 1482 362 1536 umen
391 1493 449 1535 non
476 1477 536 1536 vult
563 1475 719 1550 quidquem
747 1492 765 1534 a
796 1476 917 1551 singulis
950 1481 981 1535 et
1009 1475 1129 1550 privatis
1159 1473 1322 1534 hominibus

100 1581 214 1640 novari.
268 1581 366 1640 Etiam
396 1582 426 1640 iu
455 1582 607 1656 praeclaro
637 1581 737 1642 libello
767 1581 804 1640 de
834 1581 971 1641 libertate
1002 1579 1161 1640 christiane
1190 1579 1239 1654 iis,
1272 1579 1322 1653 qui

101 1687 231 1746 scientia
253 1687 327 1747 ehoe
349 1687 544 1760 praecellunt,
568 1687 692 1746 caritate
716 1687 874 1747 cavendnm
898 1703 963 1746 esse
984 1686 1069 1760 dicit,
1094 1681 1213 1745 ne'illis
1235 1683 1322 1744 rebus

101 1795 295 1864 praepostere
325 1791 443 1852 mnmtis
474 1791 586 1852 debiles
616 1789 773 1851 offendant.
819 1790 878 1852 Sed
905 1791 1053 1852 Romanae
1076 1788 1236 1865 tyrannidi,
1266 1803 1323 1861 quo

102 1895 302 1969 impudentior
323 1895 522 1971 grassabatur,
546 1912 582 1955 eo
605 1895 708 1956 fortius
728 1903 759 1956 et
781 1897 910 1971 apertius
933 1897 1071 1956 resistere
1092 1911 1150 1955 non
1173 1893 1321 1954 dubitavit

102 2000 216 2074 Elapso
246 2007 390 2075 tempore,
420 2000 497 2075 quod
525 2001 655 2060 Luthero
685 2001 724 2060 ed
753 2001 932 2061 revocandas
961 2001 1122 2060 sententias
1149 2015 1216 2058 snas
1243 1998 1324 2070 prior

103 2105 188 2165 bulla
211 2105 392 2164 damnatoris
418 2106 592 2181 reliqueret,
623 2105 792 2165 imminebat
814 2107 922 2180 altere,
952 2123 1027 2180 quae
1053 2103 1323 2164 condemnationem

104 2208 269 2284 perfectam
291 2209 438 2270 redderet.
483 2211 567 2270 Hanc
594 2211 645 2270 ille
669 2211 711 2270 ite
735 2211 903 2286 praevenit,
932 2217 965 2270 ut
986 2211 1112 2286 priorem
1134 2209 1243 2269 bullam
1264 2221 1324 2266 uns

104 2331 174 2374 cum
205 2315 280 2387 juris
313 2313 453 2390 pontificii
490 2315 589 2376 ccdioe
626 2316 657 2374 in
691 2331 762 2390 rogo
792 2322 875 2375 extre
903 2315 1005 2375 urbem
1035 2314 1192 2390 composito
1227 2326 1325 2371 eorem

104 2418 238 2478 invitatis
275 2419 443 2479 academiae
480 2419 590 2478 civibus
627 2436 790 2494 magnaque
827 2420 921 2495 plebis
954 2419 1137 2480 multitudine
1170 2419 1324 2477 cremaret.

105 2522 193 2596 Quod
229 2539 295 2582 oum
328 2539 510 2598 nequequam
543 2525 682 2586 subitario
717 2531 748 2584 et
780 2526 966 2586 trunultuario
999 2525 1087 2585 ammi
1120 2521 1240 2596 affectu,
1273 2517 1325 2579 sed

106 2627 320 2688 communicato
348 2645 413 2687 eum
440 2627 540 2688 amieis
565 2630 771 2704 jnreeonsultis
800 2631 895 2704 egisse
922 2630 1045 2705 proximi
1071 2629 1162 2688 seculi
1190 2622 1325 2702 egregius

106 2731 229 2807 quidam
260 2733 383 2807 scriptor
417 2731 617 2808 conjectavit.1
669 2713 735 2794 dam
770 2739 860 2795 antee
892 2733 1074 2796 Seckendorl
1104 2729 1325 2808 significaverat,

107 2837 227 2896 conscio
255 2837 408 2898 Friderieo
438 2838 588 2913 Electere,
626 2839 673 2898 cui
702 2839 818 2900 libebns
845 2839 884 2899 ed
912 2839 1093 2900 nobilitatem
1123 2837 1325 2899 Germanicam

106 2942 238 3016 scriptus
265 2957 324 3001 non
353 2943 553 3018 displicuerat,
584 2944 681 3003 omnia
710 2942 789 3003 laete
818 2960 892 3004 esse.
948 2945 1049 3019 Neque
1079 2943 1149 3017 quin
1176 2941 1243 3000 huic
1271 2955 1325 3014 per

105 3045 292 3120 Spulntiuum
322 3047 385 3120 ipse
415 3046 561 3107 Lntherns
590 3049 634 3107 rei
663 3049 796 3108 notitiam
825 3049 994 3123 praebuerit
1022 3042 1153 3108 dubito.¹
1202 3044 1259 3105 Sed
1287 3042 1325 3102 de

107 3150 261 3211 sollemnis
287 3151 365 3210 illius
393 3157 475 3211 ectus
503 3153 623 3212 consilio
650 3169 685 3212 ae
709 3153 775 3225 jure
797 3153 888 3212 multe
911 3153 1059 3226 hueusque
1082 3151 1229 3225 disputata
1249 3151 1324 3207 suut

110 3255 212 3328 Quare
235 3255 406 3328 quidnobis
428 3256 576 3332 videatur,
598 3258 699 3332 paucis
722 3257 923 3331 exponendum
944 3263 1086 3332 putamus.

198 3359 367 3420 Provocevit
392 3359 538 3420 Lutherus
564 3361 601 3421 ed
624 3361 667 3436 id,
694 3361 770 3435 quod
792 3361 980 3422 inhermem
1002 3361 1205 3436 Apostolorum
1228 3359 1324 3432 capite

106 3462 323 3524 undevicesimo
353 3469 502 3539 usmetun,
532 3465 643 3540 Ephesi
672 3467 830 3540 permultos
857 3467 933 3527 viros
959 3467 1079 3543 magicis
1106 3463 1216 3526 artibus
1237 3469 1327 3523 antee

204 3753 228 3819 t)
249 3752 386 3803 Moshemii
404 3753 465 3804 hist.
481 3753 542 3804 eccl.
561 3770 587 3820 p.
601 3759 660 3805 tls.
688 3797 695 3810 .

202 3837 227 3905 2)
247 3839 306 3890 Hoc
323 3847 391 3890 reete
405 3839 471 3902 vidit
483 3841 570 3891 Waltz
586 3841 625 3891 in:
644 3841 728 3891 Ztsch.
747 3841 763 3890 l.
776 3841 978 3904 Kircbeugeech.
991 3841 1018 3889 II
1036 3857 1064 3905 p.
1083 3844 1140 3900 118,
1158 3837 1188 3888 cl.
1208 3840 1327 3900 p.122s.

109 3927 153 3976 Ex
170 3925 298 3990 'palatini
323 3927 435 3991 epistole
458 3927 482 3978 d.
503 3933 527 3978 ³.
547 3943 579 3977 m.
598 3926 657 3978 Dec.
682 3927 790 3991 scripta,
816 3943 889 3992 quam
912 3933 992 3977 totam
1017 3925 1073 3976 illie
1097 3922 1252 3990 publicarit,
1272 3920 1327 3984 jem

110 4019 187 4064 antee
210 4012 367 4064 Ssokendors
391 4013 415 4080 (Ι
439 4029 464 4078 p.
486 4019 533 4063 lll
557 4012 622 4064 Add.
642 4012 680 4078 II)
706 4013 857 4077 gravissime
881 4012 1003 4078 quaedem
1028 4017 1177 4078 argumente
1198 4007 1325 4060 attulerat.

110 4099 170 4151 Hoc
193 4107 247 4151 toto
269 4115 336 4150 nexu
359 4099 443 4165 (quem
463 4100 590 4151 Waltrius
613 4099 631 4150 l.
651 4115 672 4148 e.
696 4115 722 4164 p.
743 4106 791 4149 122
816 4099 844 4148 in
865 4107 927 4151 nota
945 4105 969 4150 l.
993 4115 1045 4149 nou
1068 4099 1131 4149 setis
1153 4094 1326 4147 considerasse

110 4185 223 4254 ridetur)
247 4187 386 4238 clarissime
409 4187 519 4250 indicet,
544 4186 705 4252 Spelstinum
724 4200 755 4235 ex
772 4186 903 4237 Electoris
925 4185 1044 4237 mandato
1066 4193 1140 4236 antee
1162 4185 1247 4250 egisse
1269 4199 1326 4234 cum

111 4275 226 4324 Luthero
245 4281 271 4324 et
287 4275 318 4324 de
334 4274 383 4324 hoe
401 4273 531 4341 colloquio
549 4289 595 4339 per
611 4273 711 4325 littores
728 4273 789 4324 illas
802 4273 918 4338 Principi
932 4289 978 4324 suo
991 4274 1074 4324 relatu
1087 4273 1165 4339 digna
1176 4272 1279 4323 referre.
1292 4298 1325 4308 -

112 4359 228 4412 Ceterum
257 4361 386 4412 Lutherus
416 4362 504 4412 eodem
531 4360 556 4414 d.
577 4361 611 4414 X.
633 4377 665 4411 m.
686 4361 747 4412 Dee.
761 4389 763 4396 ·
778 4377 828 4427 quo
857 4361 953 4413 bullam
981 4361 1114 4423 cremavit,
1145 4375 1198 4410 rem
1227 4365 1326 4424 genum

111 4447 248 4512 spalatino
266 4464 318 4498 non
341 4449 395 4498 sine
418 4447 557 4499 testivitate
582 4446 758 4513 ephemerides
782 4447 843 4498 stilo
869 4447 1016 4500 brevissime
1038 4447 1148 4500 mundat.
1188 4447 1263 4504 Quod
1286 4447 1324 4500 De

110 4533 196 4585 Wettc
214 4533 270 4601 (Br.
283 4541 306 4596 l,
319 4534 396 4602 ⁵31),
414 4533 540 4600 colloquii
557 4533 630 4585 illius
648 4535 761 4596 nescius,
780 4533 913 4585 admodum
932 4535 1039 4586 miretur
1057 4535 1098 4603 (cl.
1121 4533 1194 4586 verba
1211 4533 1276 4600 ejus:
1296 4535 1324 4588 iu

111 4622 193 4672 sineru
212 4621 385 4672 eondcrbaren
403 4621 657 4688 acituugsiihnlioheu
675 4621 751 4688 Tou).

1317 4886 1459 5004 A
