3134 5054
209 291 262 346 284
695 295 800 346 Paurrs
818 295 930 347 Puroars

296 522 368 584 cum
390 525 526 584 universa
546 525 613 600 illa,
643 541 728 598 quam
756 525 894 600 diximus,
926 525 1102 583 christianae
1129 525 1277 596 religionis
1298 531 1434 584 contem·

208 629 334 703 plaudas
363 628 477 688 ratione
500 629 660 688 arctissime
683 629 838 704 cohaeret,
872 629 948 703 quod
968 628 1107 688 Erasmrm
1128 633 1193 688 uou'
1209 635 1322 688 tautum
1343 629 1434 688 Pela-

208 732 379 807 giauismnm
408 733 524 792 disertis
553 733 650 792 verbis
682 733 840 806 improbat,
873 732 1039 792 sedetiam
1071 749 1135 792 eam
1163 733 1338 792 seutentiam
1369 749 1432 791 nou

209 837 410 911 amplectitur,
439 853 526 910 quam
555 839 586 896 iu
616 839 660 896 sui
687 839 826 910 temporis
855 837 962 896 scholis
990 837 1188 896 dominantem
1210 835 1431 910 Pelagianismo

208 942 367 1014 proximam
397 950 462 1000 esse¹
492 941 576 1016 dicit,
606 957 659 1014 per
689 957 779 1014 opera
809 941 943 1000 nimirum
970 941 1120 1000 moraliter
1141 941 1218 1000 hona
1240 956 1276 998 er
1300 946 1430 1001 naturae

209 1044 317 1103 uiribus
339 1045 484 1104 homiuem
506 1061 541 1104 eo
561 1045 731 1120 pervenire,
753 1051 786 1104 ut
806 1045 863 1104 Dei
882 1043 997 1104 bonitas
1016 1045 1139 1119 gratiam
1159 1061 1217 1103 nou
1231 1049 1321 1120 neget
1340 1061 1430 1118 prae-

209 1149 297 1208 stanti
318 1148 395 1222 quod
416 1150 447 1207 in
469 1149 531 1223 ipso
554 1155 607 1208 est
643 1147 681 1208 Se
697 1149 892 1223 Augustinom
912 1150 1008 1223 potius
1028 1149 1111 1222 sequi
1132 1147 1298 1223 profitetur,
1317 1149 1428 1222 quippe

209 1253 260 1326 qui
281 1253 359 1311 ritae
379 1253 555 1313 christianae
576 1253 703 1327 initium,
733 1269 918 1328 progressum
941 1259 971 1312 et
992 1249 1080 1311 tinem
1102 1254 1215 1328 gratiae
1237 1253 1353 1312 divinae
1371 1253 1428 1311 tri·

209 1358 289 1416 buat.
333 1359 375 1417 At
399 1360 431 1417 iu
455 1357 552 1417 medio
575 1359 657 1432 qnasi
679 1359 735 1415 hoc
758 1375 843 1416 cursu
865 1357 1020 1418 humanam
1041 1358 1211 1417 libertatem
1231 1357 1429 1432 prodeuntem

210 1467 262 1520 aut
282 1467 406 1521 naturee
425 1464 502 1521 vires
517 1463 665 1536 animique
688 1461 782 1521 studia
806 1463 1021 1522 accommodare
1043 1477 1129 1536 posse
1151 1461 1189 1520 ad
1210 1462 1333 1536 gratiam
1354 1477 1429 1534 ope-

208 1570 336 1640 rantem,
364 1571 416 1624 aut
444 1567 472 1625 ei
494 1566 597 1626 deesse
619 1583 720 1640 posse3
749 1566 804 1626 hoc
828 1568 905 1625 euim
929 1565 1008 1641 lieri,
1035 1567 1060 1625 si
1082 1567 1168 1626 homo
1190 1568 1237 1626 sel
1259 1567 1429 1640 pulsantem

211 1675 344 1742 spernat,
373 1669 420 1728 vel
436 1670 462 1728 si
484 1669 560 1743 quod
580 1671 693 1744 gratiae
716 1670 774 1729 Dei
796 1670 939 1730 debeatur
960 1670 1019 1730 suis
1039 1671 1151 1730 meritis
1172 1675 1306 1746 arroget,
1328 1671 1376 1730 uel
1401 1672 1428 1730 si

209 1777 274 1846 post
296 1777 441 1847 gustatum
463 1773 522 1833 Dei
544 1774 650 1833 donum
672 1775 776 1834 redeat
798 1775 836 1834 ad
858 1777 1001 1834 vomitum.

297 1877 350 1937 His
385 1879 516 1938 omnibus
544 1877 683 1938 Erasmus
711 1879 749 1939 ad
782 1879 944 1939 Lntherum
977 1897 1068 1954 prope
1103 1881 1222 1940 amedit
1274 1880 1372 1939 Etiam
1408 1897 1430 1940 a

209 1981 341 2041 doctriua
363 1981 400 2042 de
419 1981 627 2057 justificatione
649 1999 705 2056 per
725 1981 813 2043 fidem
835 2000 892 2043 non
912 1985 1038 2044 ahenum
1061 2001 1126 2044 eum
1148 1984 1237 2044 luisse
1257 1986 1318 2058 jam
1337 2001 1429 2058 snpra

210 2087 394 2147 ostendimus.
438 2087 503 2147 Hac
526 2093 669 2162 exparte
691 2093 794 2163 postea
815 2090 878 2162 ipse
898 2088 1090 2164 Amsdorlius,
1113 2089 1301 2148 orthodoxiae
1314 2088 1427 2148 Lnthe-

210 2207 299 2251 ranae
326 2192 540 2268 tenacissimus,
578 2197 660 2252 reete
689 2193 769 2251 illum
799 2193 931 2253 docuisse
966 2193 1124 2266 agnoscit}
1173 2193 1231 2253 Sed
1261 2193 1427 2252 docuinam

210 2296 290 2356 illam
318 2297 472 2357 universae
502 2298 677 2358 christianae
703 2297 905 2372 institutionis,
936 2299 1051 2371 qualem
1082 2297 1189 2357 Paulus
1216 2300 1363 2372 apostolus
1391 2299 1427 2356 iu

210 2401 334 2474 epistola
356 2399 394 2459 ad
407 2400 553 2461 Romanos
574 2403 724 2476 proponit,
746 2401 829 2475 quasi
844 2407 975 2460 centrum
990 2417 1070 2477 esse,
1092 2402 1169 2461 unde
1183 2400 1426 2476 proficiscendum

210 2505 249 2562 sit
277 2509 310 2563 ut
345 2506 490 2580 evangelii
518 2505 677 2580 desiderio,
713 2505 745 2563 in
777 2511 821 2565 tot
846 2506 1012 2580 aequalium
1040 2507 1144 2566 animis
1175 2507 1321 2582 excitatis,
1353 2521 1426 2566 rere

211 2605 346 2683 sedehat,
375 2609 406 2667 id
427 2625 485 2669 nou
509 2609 661 2684 Erasmus,
698 2609 752 2669 sed
775 2609 853 2670 solos
880 2610 1026 2670 Lntherua
1060 2612 1139 2671 clare
1167 2612 1322 2685 perspexit.
1374 2610 1425 2670 Sic

211 2711 314 2784 spiritu
336 2729 406 2772 uere
428 2714 585 2788 apostolico
606 2715 638 2773 iu
660 2715 823 2774 mortalium
847 2716 951 2774 animis
974 2717 1105 2775 intimum
1128 2696 1210 2775 illum
1229 2722 1260 2774 et
1273 2721 1425 2790 potentem

211 2831 327 2875 sensum
357 2819 554 2894 resuscitavit,
592 2835 611 2877 a
638 2835 694 2892 quo
720 2820 812 2895 magis
839 2821 969 2880 minusue
998 2837 1071 2894 puro
1101 2837 1201 2880 omnes
1231 2821 1363 2880 altissimi
1390 2821 1425 2878 iu

210 2922 336 2982 eeclesia
372 2922 531 2983 christiana
560 2929 654 2984 motus
682 2929 906 2997 emanaverunt,
939 2925 1056 2984 humani
1091 2926 1206 3000 peccati
1242 2931 1273 2984 et
1305 2925 1425 2984 divinae

209 3025 323 3101 gratiae
345 3027 560 3087 conscientiam

296 3131 416 3192 Addidit
432 3149 502 3193 vero
518 3132 664 3194 Lntherua
686 3134 846 3193 sententias
869 3134 1023 3210 quasdam,
1044 3149 1119 3208 quae
1134 3133 1256 3194 Erasmo
1278 3151 1337 3194 nou
1358 3135 1424 3194 siue

210 3251 298 3296 causa
319 3236 409 3297 durae
433 3255 498 3298 esse
520 3237 702 3298 ridebantur.
748 3238 868 3299 Etenim
891 3255 956 3297 cum
970 3245 1072 3299 sancto
1087 3239 1263 3312 Augustino,
1286 3243 1424 3312 quantum

208 3338 324 3399 divinas
356 3343 470 3414 gratiae
506 3342 694 3418 deberemus,
733 3349 821 3412 recta
850 3344 997 3402 nemiuem
1023 3343 1187 3417 ponderare
1219 3343 1333 3416 putavit
1366 3343 1425 3401 uisi

210 3445 261 3517 qui
283 3451 455 3519 agnosceret
476 3447 567 3505 solam
598 3449 678 3507 illam
709 3448 832 3522 gratiam
859 3448 1070 3522 omnipotentia
1100 3463 1167 3522 sna,
1202 3449 1248 3507 cui
1283 3448 1422 3507 resistere

210 3563 297 3607 nemo
333 3555 444 3623 posset,
483 3547 600 3611 efficere
633 3552 665 3611 iu
701 3552 928 3625 praedestinatis
964 3551 1064 3623 fidem,
1107 3553 1273 3627 curiatam,
1316 3568 1423 3610 novam

210 3653 316 3728 sitam3
346 3659 414 3712 aute
436 3655 512 3713 hanc
539 3657 792 3730 regenerationem
813 3657 960 3717 hominem
987 3657 1151 3716 naturalem
1177 3657 1219 3715 nil
1241 3656 1297 3714 nisi
1317 3657 1425 3715 malum

209 3763 382 3833 perpetrare
410 3774 509 3835 posse,
543 3765 645 3834 postea
674 3767 880 3835 regeneratum
909 3760 1012 3820 eadem
1040 3761 1203 3821 inevitabili
1238 3761 1424 3834 necessitate,

209 3877 268 3936 qua
290 3863 328 3923 ad
353 3860 440 3924 iidem
462 3863 619 3940 perductus
649 3871 728 3926 esset
759 3867 837 3925 trahi
859 3857 973 3940 quoque
1000 3881 1055 3940 per
1084 3864 1210 3924 diuinam
1239 3865 1362 3940 gratiam
1389 3861 1425 3922 ad

209 3983 293 4027 omne
325 3969 430 4028 honum
457 3967 674 4043 perficiendum.
723 3970 771 4032 Sic
801 3975 915 4030 tautum
946 3985 1031 4029 omne
1061 3969 1222 4044 proprium,
1253 3985 1310 4042 quo
1339 3968 1425 4026 homo

211 4071 399 4147 gloriaretur,
438 4073 574 4133 meritum
607 4072 717 4133 auferri
751 4079 781 4133 et
812 4073 926 4133 excludi
960 4074 1081 4133 censuit
1136 4073 1231 4146 Quare
1265 4071 1425 4147 absolutae,
1503 4132 1505 4136 ,

208 4189 283 4249 qnae
306 4175 428 4252 dicitur,
454 4176 736 4252 praedestinationis
758 4177 863 4253 dogma
885 4177 993 4238 acriter
1015 4176 1093 4237 haud
1113 4161 1203 4238 semel
1224 4177 1379 4252 proposuit

295 4497 321 4562 ι)
341 4497 371 4547 lu
387 4496 491 4560 libello,
512 4498 557 4563 qui
574 4497 739 4549 inscribitur:
765 4487 907 4548 Consilium
931 4505 957 4554 et
975 4499 1042 4549 ratio
1068 4498 1194 4565 epistolae
1217 4496 1247 4547 da
1264 4497 1372 4547 Erasmo
1392 4495 1426 4545 ad

207 4579 350 4632 Lntherum
366 4581 452 4636 Viteb.
470 4587 559 4634 ltus
576 4583 627 4637 III.
