3194 5042
701 312 789 366 Carur
807 313 854 366 VI.
1344 317 1393 370 167

166 535 226 577 ιιοιι
254 516 328 590 sint,
357 515 408 575 sed
436 514 549 574 viribus
576 514 701 590 debiles,
734 515 832 574 animo
859 513 1029 591 debiliores,
1057 533 1104 590 ea,
1132 534 1208 594 quae
1235 534 1290 577 sua
1316 523 1395 595 suut

165 641 234 684 vere
258 641 312 683 sua
334 623 431 682 facere
454 640 514 681 non
536 622 670 700 possint!

274 728 355 804 Quae
373 729 471 789 omnia
489 747 573 807 spem
591 731 695 789 afferre
712 733 859 806 poterant,
878 729 969 790 talem
987 730 1161 790 Pontificem
1180 730 1287 792 melius
1306 751 1394 810 quam

164 843 380 899 antecessorem
403 841 571 914 grassantes
596 836 810 897 incredulitatis
838 855 942 898 causas
969 843 1194 916 perspecturum
1217 857 1283 899 esse
1306 841 1395 900 etad

164 946 280 1007 obviam
312 945 340 1005 ei
371 945 501 1005 eundum
533 945 650 1005 rectiori
681 945 730 1004 via
759 945 953 1006 incessurum.
1006 943 1117 1006 Verum
1149 946 1298 1006 enimvero
1329 945 1394 1008 bre-

164 1054 287 1115 vissimo
313 1058 447 1130 tempore
473 1052 610 1130 apparuit
641 1052 731 1112 etiam
757 1053 850 1128 hunc,
882 1053 1041 1132 quominus
1068 1059 1130 1113 tam
1159 1053 1250 1114 nobili
1278 1055 1393 1115 muneri

164 1181 218 1239 par
245 1161 286 1221 sit
308 1161 356 1220 vel
383 1160 510 1220 assuetis
530 1159 706 1236 jamdudum
732 1160 792 1237 ipsi
815 1159 879 1220 s'eni
907 1160 1052 1222 erroribus
1075 1161 1123 1222 rel
1147 1161 1253 1222 Curiae
1275 1163 1394 1239 ingenio

163 1269 336 1329 melioribus
349 1268 486 1328 omnibus
501 1267 686 1344 singulomm
699 1268 847 1344 Paparum
861 1267 969 1328 animis
983 1268 1102 1329 fortiore
1116 1269 1262 1346 impediri.
1299 1269 1393 1330 Immo

164 1395 223 1455 quo
250 1377 348 1436 acrius
376 1380 406 1434 et
432 1375 577 1435 sincerius
604 1375 657 1435 ille
679 1375 811 1452 postulat
837 1379 871 1435 ut
894 1375 998 1436 foedus
1021 1375 1138 1436 ineatur
1160 1377 1237 1436 inter
1259 1377 1392 1437 christia-

164 1502 233 1544 nam
259 1483 433 1560 religionem
459 1487 494 1542 ut
521 1483 631 1558 omnia,
664 1501 858 1561 quaecuuque
890 1483 921 1542 in
953 1483 1112 1544 liberaliori
1139 1488 1257 1544 nostrae
1288 1485 1393 1544 aetatis

163 1591 296 1652 docmina
322 1595 402 1650 recta
424 1609 459 1650 ac
485 1591 561 1650 bona
588 1589 661 1666 sint,
689 1609 723 1650 eo
746 1591 842 1668 magis
870 1591 944 1669 quid
971 1591 1115 1668 ejusmodi
1143 1591 1253 1652 foederi
1281 1592 1313 1651 in
1335 1591 1392 1652 Be

163 1717 267 1758 manae
294 1698 436 1758 eeclesiae
462 1697 561 1758 indole
588 1698 685 1758 obstet
711 1698 903 1758 manifestum
930 1699 1042 1759 factum
1069 1703 1121 1760 est.
1172 1699 1260 1760 Haud
1287 1717 1391 1778 parum

163 1806 273 1866 multos
292 1806 460 1884 aequalium
478 1806 682 1883 obstupefecit,
705 1825 798 1884 quum
816 1806 895 1866 idem
913 1807 1084 1882 remedium,
1108 1807 1157 1868 eui
1172 1807 1235 1884 jam
1255 1807 1393 1868 decessor

163 1915 228 1991 ejus
251 1915 376 1989 faverat,
399 1912 505 1973 fortius
528 1913 691 1990 adhiberet,
719 1932 773 1991 pro
796 1914 968 1975 auctoritate
991 1932 1045 1974 sua
1068 1913 1182 1974 scilieet
1204 1914 1269 1974 falli
1292 1914 1392 1975 nescia

163 2023 301 2082 omnibus
326 2021 475 2082 Romanae
502 2020 644 2081 ecclesiae
670 2021 798 2098 ingeniis
825 2022 987 2098 imperans,
1015 2025 1049 2080 ut
1074 2021 1292 2099 philosophiam
1315 2021 1391 2082 Tho-

162 2130 308 2190 misticem
340 2147 394 2206 pro
420 2127 575 2188 verissima
606 2129 798 2207 omniumque
828 2128 1044 2206 perfectissima
1070 2129 1236 2206 acciperent
1263 2133 1293 2189 et
1324 2147 1390 2206 pro-

161 2239 271 2297 barent.
319 2235 383 2310 Qua
404 2236 437 2296 in
454 2253 487 2296 re
509 2253 563 2296 cur
580 2236 684 2296 doctus
707 2241 738 2296 et
755 2236 927 2312 ingeniosus
946 2236 1098 2311 Pontifex,
1121 2253 1214 2314 quum
1232 2235 1389 2296 eonsilium

160 2344 320 2404 admodum
346 2343 493 2404 laudabile
518 2343 697 2419 intenderet,
724 2343 844 2422 assequi
870 2343 902 2402 id
923 2361 983 2404 non
1010 2343 1152 2420 potuerit,
1180 2343 1388 2422 exponendum

160 2451 245 2512 nobis
268 2455 321 2512 est.

686 2625 788 2713 Caput
804 2627 860 2692 VI.

267 2773 386 2853 Optime
408 2775 528 2854 quidem
550 2775 582 2834 id
604 2775 656 2836 ille
678 2779 772 2850 tenet,
796 2775 874 2854 quod
896 2774 966 2835 inde
987 2775 1025 2834 ab
1043 2773 1211 2852 Augustino
1234 2777 1264 2834 et
1285 2773 1388 2835 Hiero·

159 2901 250 2960 aymo
277 2883 387 2943 summi
414 2882 525 2961 quique
552 2882 700 2942 Romanae
727 2882 870 2943 ecclesiae
897 2883 1031 2943 doctores
1059 2899 1176 2960 semper
1202 2885 1387 2957 monuemnt

159 2991 300 3052 nimirum
319 2990 430 3051 Christi
448 2989 607 3064 ministris,
630 2993 664 3048 ut
682 3007 805 3049 munere
827 2994 907 3050 recte
927 2990 1104 3066 hingentur,
1127 2988 1281 3049 veritatem
1299 3006 1387 3066 quae·

159 3099 292 3160 rentibus
310 3099 416 3174 adsint
435 3097 616 3175 perniciosos
635 3113 747 3156 errores
765 3095 911 3172 refellant,
931 3113 1006 3174 opus
1024 3113 1091 3156 ease
1108 3101 1224 3173 praeter
1242 3094 1387 3155 sinceram

158 3207 310 3285 pietatem,
339 3225 398 3284 qua
419 3205 574 3265 deficiente
596 3203 755 3264 miserrimi
777 3203 949 3281 hypocritae
972 3207 1085 3278 essent,
1113 3201 1202 3263 etiam
1224 3201 1386 3262 multifaria
1466 3201 1472 3212 '

157 3313 290 3375 doctrina
316 3331 410 3392 eaque
436 3331 496 3372 non
523 3315 638 3372 tantum
666 3311 841 3388 theologica,
872 3329 975 3370 verum
1003 3309 1092 3370 etiam
1119 3328 1188 3371 cum
1215 3308 1386 3370 litteratoria

158 3426 223 3481 tum
244 3421 456 3499 philosophica
502 3419 569 3479 Non
587 3419 666 3495 fugit
687 3437 756 3479 eum
774 3418 945 3479 foedissima
966 3418 1054 3495 longe
1072 3417 1268 3496 plurimomm
1291 3435 1385 3478 sacer·

158 3530 260 3590 dotum
288 3547 409 3590 suorum
436 3528 614 3606 ignorantia,
642 3545 731 3605 quam
753 3526 857 3587 tollere
884 3543 918 3585 eo
940 3525 1094 3586 difficilius
1117 3529 1175 3602 est,
1204 3543 1262 3604 quo
1289 3526 1384 3603 magis

157 3637 316 3713 intereos,
339 3637 391 3716 qui
410 3635 558 3697 Remarrae
581 3635 645 3696 sedi
663 3635 752 3695 fidem
774 3634 860 3695 hodie
879 3639 1010 3709 servant,
1034 3633 1131 3694 omnis
1148 3633 1243 3712 pietas
1266 3633 1303 3694 ad
1321 3651 1385 3694 cee-

157 3763 222 3806 eam
245 3763 314 3823 erga
337 3744 503 3822 superiores
530 3743 746 3804 ecclesiastices
768 3741 981 3803 oboedientiam
1008 3740 1111 3802 referri
1134 3739 1221 3816 solet,
1248 3741 1385 3818 exemplo

156 3854 274 3930 egregio
301 3853 380 3932 quod
403 3856 510 3930 putant
536 3850 747 3929 praeeuntibus
769 3849 843 3928 ipsis
866 3849 1022 3927 episcopia.
1067 3847 1223 3925 Ejusmodi
1246 3848 1384 3909 servilem

156 3961 289 4020 animum
315 3961 452 4038 pigritiae
474 3964 627 4038 parentem
653 3959 808 4036 omnisque
830 3957 982 4017 nobilioris
1005 3956 1155 4016 doctrinae
1177 3960 1291 4033 pestem
1318 3973 1384 4017 esse

155 4073 285 4147 apparet
336 4066 393 4142 Qui
420 4067 537 4128 animus
564 4067 615 4128 ubi
642 4066 735 4143 riget,
768 4083 884 4124 summa
911 4063 1072 4142 sapientiae
1101 4063 1167 4123 laus
1194 4061 1226 4123 in
1253 4063 1384 4124 sollertia

156 4177 288 4256 ponitur,
314 4195 373 4256 qua
390 4193 440 4236 res
457 4176 489 4235 in
508 4173 702 4249 examinibus,
726 4191 801 4252 quae
818 4171 933 4248 dicunt,
956 4172 1154 4232 decantandae
1171 4171 1384 4250 imprimuntur

155 4285 325 4360 memoriae,
352 4283 471 4362 propria
492 4283 555 4344 veri
578 4281 766 4359 investigatio
790 4285 821 4342 et
842 4280 1037 4358 perscrutatio
1059 4279 1225 4358 periculose
1251 4279 1381 4340 habene.

156 4390 341 4470 Quapropter
362 4392 444 4469 Papa
469 4391 647 4469 probissimo
670 4387 767 4450 studio
794 4387 948 4466 episcopos
971 4387 1104 4448 hortatae
1127 4391 1186 4462 est,
1213 4390 1248 4446 ut
1269 4387 1382 4448 elerum

155 4517 226 4559 sana
252 4498 440 4578 philosophia
465 4499 622 4558 instituere
648 4496 775 4575 impigro
802 4495 901 4556 studio
927 4495 1100 4556 niterentur.
1150 4493 1264 4556 Verum
1290 4493 1322 4554 id
1349 4501 1383 4556 ut

155 4606 250 4668 facere
277 4611 411 4686 possent,
442 4606 524 4685 ipsos
551 4605 718 4684 episcopos,
750 4622 876 4684 quorum
902 4601 1098 4682 plurimorum
1125 4603 1322 4681 ignorantiam
1349 4603 1381 4663 in
