3244 5032
242 325 294 381 140
784 328 871 382 Carcr
891 327 922 380 V.

312 421 412 427 ---.-.
422 422 715 430 ....-—-.—.-.--
989 423 1052 429 ———
1257 423 1383 430 ——-—--
1390 423 1465 430 —-—-—

240 527 391 588 dicebatur
413 529 568 604 ,catholice
586 531 749 608 respondit‘
773 531 791 590 i.
810 550 835 591 e.
859 531 1036 591 sententiam
1054 531 1091 590 ab
1108 531 1234 590 ecclesia
1252 531 1466 608 promulgatam

240 637 391 713 professus
410 641 463 698 est.
505 636 661 716 Quumque
679 639 928 699 commonefactus
947 644 1039 712 esset,
1062 638 1187 713 ,diecret
1205 639 1370 713 veritatem,
1393 639 1467 697 alias

240 743 455 804 deveniendum
474 763 540 805 esse
557 745 595 804 ad
613 749 776 820 torturam‘,
799 747 965 823 respondit,
988 763 1022 806 se
1039 746 1077 805 ad
1095 745 1308 806 oboedientiam
1328 746 1366 805 iis
1384 763 1469 823 prae-

241 851 375 911 standam
398 859 532 930 paratum
554 871 632 928 esse,
656 854 786 913 iacerent
803 854 949 932 quidquid
967 853 1103 931 placeret
1141 853 1226 914 'lunc
1243 854 1280 913 ad
1298 854 1468 914 cubiculum

241 959 273 1018 in
295 960 416 1020 aedibus
439 960 646 1038 Inquisitionis
669 961 696 1021 ei
718 961 901 1038 assignatum
924 962 1064 1021 reductus
1087 965 1142 1021 cst

348 1067 549 1127 Decrevenmt
572 1068 688 1144 judiees
714 1087 773 1128 non
797 1069 928 1128 adhibita
950 1073 1062 1128 tortum
1089 1069 1183 1128 instar
1206 1068 1345 1128 haeretici
1367 1070 1469 1146 poeni-

241 1175 332 1236 tentis
359 1193 427 1234 eum
451 1181 583 1236 tractare.
630 1175 734 1254 Itaque
760 1175 874 1254 placuit
900 1195 969 1236 eum
984 1195 1014 1250 ¹a
1041 1175 1223 1253 gravionibus
1251 1175 1367 1254 poenis,
1394 1195 1470 1254 quas

241 1283 407 1343 vehementi
430 1283 584 1344 haereseos
607 1284 776 1361 suspicione
795 1284 959 1344 secundum
976 1302 1103 1344 canones
1122 1284 1308 1358 incurrisset,
1331 1289 1399 1361 post
1419 1284 1470 1343 ab

238 1390 369 1466 juratum
397 1408 524 1450 errorem
546 1391 709 1466 absolvere,
737 1392 774 1450 ad
797 1391 949 1451 formalem
971 1409 1117 1452 carcerem
1144 1391 1176 1450 in
1198 1397 1317 1469 tempus
1339 1391 1470 1468 Inquisi-

241 1503 338 1557 torum
360 1497 479 1557 arbitrio
501 1499 688 1558 limitandum
711 1517 779 1559 enm
802 1499 941 1560 damnare
967 1500 1055 1578 eique
1077 1499 1289 1576 praescribere,
1317 1503 1352 1557 ut
1373 1499 1469 1558 tribus

241 1605 327 1664 annis
355 1605 465 1664 futuris
492 1605 584 1665 semel
611 1625 665 1683 per
691 1606 902 1666 hebdomadem
934 1613 1048 1684 septem
1080 1607 1211 1684 psalmos
1242 1605 1469 1683 poenitentiales

241 1712 389 1784 recitaret,
417 1717 567 1789 pnveterea
594 1713 701 1772 librnm
730 1715 795 1791 ejus
823 1713 940 1791 publico
968 1713 1064 1774 edicto
1091 1713 1253 1791 prohibere.
1298 1713 1380 1772 Haeo
1403 1731 1469 1772 sen-

241 1819 333 1880 tentia
355 1819 404 1880 die
427 1825 507 1898 post,
535 1819 646 1880 mensis
672 1821 754 1880 lunii
778 1821 826 1880 die
848 1821 960 1896 xxm,
989 1820 1121 1882 Galilaec
1143 1822 1252 1880 iterum
1279 1821 1317 1880 ad
1339 1820 1468 1880 tribunal

241 1931 318 1987 stare
343 1927 428 2004 jusso
455 1928 629 1988 annuntiata
654 1932 707 1988 est.
756 1928 877 1988 Frustra
904 1928 1024 2006 quidem
1048 1929 1110 2004 jam
1138 1928 1223 1988 initio
1251 1928 1408 2005 petivemt,
1436 1933 1469 1986 ut

242 2035 297 2094 sibi
320 2035 434 2111 liceret,
458 2035 623 2112 ,singulare
645 2036 794 2114 quoddam
813 2035 987 2096 Bellarmini
1010 2037 1132 2095 verbum
1154 2035 1291 2096 Pontifici
1314 2035 1346 2094 in
1368 2053 1470 2094 aurem

241 2143 359 2218 dicere‘‚
395 2143 536 2203 nimirum
568 2144 690 2204 verbum
722 2143 811 2220 illud,
848 2143 926 2221 quod
958 2161 1048 2222 quam
1079 2143 1205 2204 exitiosa
1236 2143 1295 2220 ipsi
1327 2143 1470 2204 ecclesiae

241 2250 395 2310 temeraria
416 2252 549 2311 veritatis
575 2251 719 2311 natumlis
746 2251 949 2311 condemnatio
977 2251 1077 2310 lutvua
1103 2255 1195 2326 esset,
1223 2250 1397 2327 religiosum
1421 2251 1469 2326 ju·

241 2358 337 2418 dicem
363 2359 613 2418 commonefacere
639 2357 768 2419 debuit.l
814 2357 999 2436 Quantopere
1026 2357 1164 2418 Urbanus
1197 2358 1253 2418 sibi
1285 2359 1469 2432 irasceretur,

241 2483 279 2525 ex
302 2470 430 2525 torturae
452 2466 679 2526 comminatione
702 2466 821 2526 viderat.
867 2467 1006 2525 Attamen
1034 2483 1115 2525 mera
1141 2465 1262 2524 minatio
1290 2465 1384 2525 fuisse
1407 2465 1472 2524 visa

242 2577 300 2648 cst;
329 2573 440 2650 Papam
467 2573 589 2633 lenitate
615 2573 715 2652 aliqua
742 2573 768 2632 si
795 2591 855 2633 nou
882 2573 914 2632 in
941 2573 1051 2632 librum
1078 2591 1179 2649 suum,
1206 2573 1347 2632 atinae
1370 2572 1472 2650 ipsum

242 2697 366 2738 usurum
397 2697 475 2754 esse,
512 2698 566 2756 pro
597 2679 647 2754 iis,
680 2697 755 2757 quae
787 2678 884 2739 Officii
917 2681 1144 2740 Commissarius
1176 2685 1206 2740 et
1236 2679 1410 2740 Niooolinus
1442 2681 1471 2740 ei

242 2785 390 2860 dixerant,
419 2803 536 2863 semper
562 2785 658 2845 adhuc
686 2803 804 2863 sperare
830 2787 934 2864 potuit
981 2785 1077 2862 Quare
1100 2793 1209 2866 quanto
1232 2787 1351 2848 horrore
1372 2787 1471 2846 duris-

242 2892 351 2953 simum
374 2893 449 2952 illud
470 2893 629 2970 judicium,
656 2911 715 2954 non
739 2893 804 2954 sine
826 2894 995 2955 Pharisaioo
1018 2895 1113 2954 divini
1135 2894 1263 2955 nominis
1285 2896 1380 2954 abusu
1403 2913 1471 2972 per·

243 3001 344 3062 multis
362 3002 460 3061 verbis
477 3002 660 3078 expositum,
683 3001 841 3077 audiverit,
865 3001 952 3062 facile
970 3002 1007 3062 ad
1025 3001 1259 3078 intellegendum
1280 3007 1333 3062 est
1376 3003 1471 3078 Cujus

239 3109 344 3186 judicii
367 3109 493 3169 lectione
515 3109 598 3169 finita
621 3109 717 3170 subito
737 3109 842 3187 jussus
864 3114 911 3170 est
928 3110 1053 3187 genibus
1076 3110 1173 3169 flexus
1192 3109 1332 3186 scriptam
1350 3109 1471 3185 longam

242 3217 432 3293 abjurationis
460 3215 617 3276 formulam
644 3217 780 3292 recitare,
807 3235 847 3277 ex
869 3235 928 3295 qua
954 3217 1027 3277 haec
1049 3217 1138 3276 verba
1166 3216 1243 3276 infra
1265 3217 1361 3294 posita
1384 3221 1469 3276 sunt:

242 3324 379 3401 ,Propter
410 3324 518 3384 librum
550 3344 568 3384 a
594 3343 642 3385 me
670 3325 814 3402 scriptum
845 3329 875 3384 et
906 3325 988 3402 typis
1019 3324 1191 3384 mandatum
1219 3323 1369 3400 judicatus
1402 3341 1471 3383 sum

242 3432 432 3492 vehementer
452 3437 608 3508 suspectis
631 3433 668 3492 de
685 3433 813 3507 haeresi,
836 3432 921 3510 quasi
945 3433 1091 3492 tenuerim
1114 3435 1144 3492 et
1166 3431 1353 3506 crediderim,
1377 3430 1470 3490 solem

242 3557 309 3599 esse
326 3543 461 3598 centnrm
479 3539 583 3598 mundi
601 3545 631 3599 ct
649 3539 838 3614 immobilem,
856 3544 964 3598 terram
983 3557 1042 3600 nou
1061 3557 1127 3599 esse
1145 3543 1280 3599 ceruum
1297 3556 1332 3598 ao
1350 3539 1469 3598 moveri.

243 3647 355 3708 Idcirco
382 3651 416 3706 ut
444 3664 482 3706 ex
509 3646 640 3705 omnium
668 3647 817 3707 mentibus
845 3647 973 3706 eximam
1000 3647 1077 3706 hanc
1106 3645 1304 3724 suspicionem
1327 3645 1470 3704 adversus

243 3772 291 3814 mc
310 3755 377 3831 jure
400 3759 584 3831 conceptam,
613 3753 699 3814 conlo
727 3754 840 3814 sincero
869 3760 899 3814 et
922 3753 979 3813 ilde
1007 3771 1067 3813 non
1089 3755 1157 3814 licto
1185 3754 1299 3830 abjuro,
1327 3752 1470 3812 maledico

243 3867 273 3921 et
299 3862 427 3922 detestor
453 3880 544 3939 supra
571 3861 664 3922 dictos
691 3879 804 3922 errores
831 3867 862 3922 et
887 3862 1024 3921 haereses
1052 3867 1081 3920 et
1101 3862 1169 3938 juro
1193 3879 1240 3920 me
1262 3861 1293 3919 in
1317 3865 1469 3938 posterum

242 3987 395 4048 nunquam
417 3969 547 4047 amplius
569 3969 716 4029 dicturum
740 3974 791 4028 aut
809 3973 990 4029 asserturum
1008 3987 1080 4028 voce
1097 3973 1149 4028 aut
1169 3968 1278 4044 scripto
1298 3967 1468 4046 quidquam,

243 4083 363 4154 propter
385 4077 463 4155 quod
485 4077 581 4155 possit
608 4077 707 4136 haberi
735 4077 772 4137 de
795 4095 843 4137 me
865 4077 972 4136 similis
996 4075 1138 4153 suspicio;
1173 4075 1225 4135 sed
1253 4075 1280 4134 si
1307 4092 1470 4151 cognovero

243 4183 372 4262 aliquem
391 4183 570 4244 haereticum
588 4189 640 4243 aut
658 4189 830 4261 suspectum
848 4183 885 4244 de
902 4183 1030 4258 haeresi,
1054 4181 1297 4243 denuntiaturum
1316 4199 1363 4241 me
1381 4181 1469 4240 illum

243 4291 312 4350 huic
340 4289 446 4352 Sancto
474 4289 578 4352 Officio
610 4296 661 4350 aut
689 4288 860 4368 Inquisiton'
892 4295 921 4349 et
949 4288 1103 4350 Ordinatio
1130 4290 1201 4366 loci,
1233 4290 1265 4349 in
1293 4307 1352 4368 qno
1379 4289 1469 4348 luero.

243 4397 313 4456 Juro
345 4397 468 4475 insuper
498 4417 533 4458 ac
564 4399 714 4475 promitto,
751 4413 799 4455 me
830 4395 1021 4472 impleturum
1053 4402 1083 4457 et
1114 4398 1336 4457 observaturum
1368 4413 1470 4456 omnes

352 4625 377 4692 l)
397 4623 505 4690 Goblor,
524 4625 610 4677 Acten
632 4641 657 4692 p.
673 4623 715 4675 ro.
753 4619 791 4674 Cl.
811 4635 892 4689 supra
914 4637 938 4689 p.
953 4621 996 4675 00.
