3188 5086
719 235 813 285 Garun
831 233 881 286 111.
949 269 951 272 -
1085 239 1086 243 ’
1351 233 1404 292 107

185 449 304 508 nomine
336 447 484 523 indignam
512 464 544 507 se
570 449 740 523 praeberet,
776 453 809 508 nt
835 465 940 509 novum
968 449 1152 522 splendorem
1177 449 1207 510 ei
1231 449 1404 512 affunderet.

187 554 271 613 Illinc
304 554 450 628 evangelii
483 569 583 613 semen
616 555 744 628 saepius,
783 561 815 614 ιιι
848 572 866 614 a
899 554 1040 628 Gregorio
1075 554 1200 630 Magno,
1227 557 1259 614 in
1291 555 1403 631 longin-

187 674 259 731 quas
284 639 383 717 terras
418 673 548 732 sparsum
577 663 638 732 eat,
674 659 754 718 illinc
789 659 912 719 maxime
951 658 1099 734 effectum,
1132 665 1165 718 ut
1188 660 1292 718 victrix
1325 660 1404 720 inter

187 761 376 821 Germanicas
404 763 538 822 nationes
568 763 678 822 Ariana
714 763 858 838 haeresis,
895 781 952 837 qua
984 765 1049 838 ipsa
1080 763 1255 824 christianae
1284 765 1403 837 pietatis

186 864 375 925 fundamenta
404 867 498 925 labari
529 867 617 926 etiam
639 866 922 927 Sobleiermacberns
945 867 1065 942 egregie
1094 867 1233 942 ostendit,
1262 867 1403 941 paulatim

187 976 384 1030 evanesceret.
428 971 502 1030 Nam
526 976 558 1029 et
578 988 628 1046 ea,
652 988 726 1045 qnae
745 971 851 1030 similia
878 972 955 1030 aliae
976 971 1148 1031 occidentis.
1161 973 1304 1032 ecclesiae
1318 988 1403 1045 prae·

186 1075 336 1148 stiterunt,
359 1077 390 1134 in
413 1081 496 1135 tanta
517 1077 644 1135 omnium
666 1093 763 1134 rernm
785 1075 953 1136 confusione
974 1082 1053 1136 stare
1079 1077 1127 1134 vix
1152 1076 1328 1151 potuissent,
1348 1076 1405 1134 nisi

187 1179 345 1238 mandante
374 1177 450 1238 firmi
481 1179 642 1256 cujusdam,
672 1181 758 1254 quale
781 1180 891 1239 Romae
919 1179 1088 1254 tenebatur,
1118 1181 1259 1254 propositi
1281 1180 1402 1239 unitate.

188 1284 250 1356 Quo
278 1284 310 1342 in
338 1285 506 1358 peragendo
534 1285 590 1344 etsi
612 1302 671 1344 non
699 1286 796 1344 omnia
823 1290 904 1344 recte
935 1282 1014 1343 iacta
1047 1289 1127 1359 snut,
1155 1291 1254 1344 tamen
1276 1284 1402 1357 insignia

186 1387 310 1461 pristina
334 1387 483 1448 Romanae
513 1390 656 1448 eeclesiae
684 1389 721 1448 de
743 1388 896 1448 Germanis
925 1389 1030 1448 merita
1056 1388 1194 1448 oblivioni
1224 1388 1321 1448 danda
1343 1405 1402 1448 non

185 1497 261 1550 sunt.
308 1490 393 1550 Adde
422 1492 497 1565 qnod
523 1493 650 1551 omnium
677 1493 818 1552 bonarum
841 1494 945 1552 artium
968 1493 1188 1566 litterarumque
1210 1493 1296 1552 initia
1317 1492 1402 1551 simul

187 1613 251 1654 cnm
274 1596 431 1654 christiana
453 1597 595 1669 religione
618 1597 774 1670 majoribus
797 1599 903 1656 nostris
926 1597 1131 1657 afferebantur.
1180 1597 1262 1670 Quae
1284 1597 1403 1656 nobilis·

185 1700 259 1760 mma
287 1700 420 1759 doctrina
447 1702 478 1759 in
500 1701 588 1760 ltalia
616 1701 726 1775 largior
756 1719 842 1775 quam
873 1703 905 1761 in
937 1703 1001 1761 aliis
1031 1701 1102 1761 locis
1125 1706 1293 1775 supererat3
1323 1702 1402 1761 baud

185 1805 277 1864 semel
300 1805 371 1864 alibi
391 1802 506 1864 felicius
529 1805 644 1879 quidem
666 1822 751 1879 qnam
774 1805 885 1866 Romae
907 1807 1068 1879 colebatur,
1099 1806 1269 1879 quibusdam
1290 1811 1401 1880 tempo·

184 1908 265 1967 ribus
293 1909 354 1968 illic
381 1925 498 1982 prorsus
521 1908 583 1969 iere
606 1911 741 1984 neglecta
759 1911 893 1984 jacebat,
924 1915 1055 1968 attamen
1081 1926 1196 1984 semper
1217 1907 1349 1969 refloruit
1370 1915 1401 1970 et

184 2029 204 2071 a
231 2013 401 2072 clarioribus
431 2009 620 2072 Pontificibus
649 2019 782 2087 promota
812 2019 865 2073 est.
918 2014 1013 2086 Quare
1045 2014 1134 2072 etiam
1164 2032 1200 2074 en
1230 2014 1285 2072 hac
1313 2019 1398 2088 parte

183 2115 277 2176 Roma
298 2117 428 2190 gentium
450 2117 589 2190 magistra
611 2117 705 2176 medio
729 2130 802 2177 aevo
824 2115 913 2177 luisse
935 2116 993 2176 dici
1014 2122 1121 2200 potest.

272 2221 379 2294 Quibus
414 2220 544 2280 omnibus
578 2221 735 2296 diligenter
766 2221 934 2295 ponderatis
968 2222 1156 2297 jndicandnm
1190 2227 1248 2296 ost,
1284 2227 1401 2282 veteres

184 2325 335 2399 episcopos
349 2323 494 2384 Romanos
515 2325 554 2384 ad
575 2324 777 2385 medicandam
798 2326 942 2386 ecclesiae
962 2327 1104 2385 unitatem
1126 2341 1198 2400 prae
1218 2327 1283 2386 aliis
1303 2327 1401 2386 diviua

183 2428 367 2504 prouidentia
388 2433 504 2489 vocatos
524 2429 622 2488 inisse
661 2429 696 2488 Id
717 2430 807 2504 igitur
824 2431 891 2505 jnre
909 2429 1034 2504 quodam
1052 2447 1222 2504 persuasum
1245 2430 1401 2490 habebant

182 2533 242 2593 Sed
268 2533 336 2593 hnic
362 2533 528 2593 sententiae
556 2531 647 2594 inlaae
674 2535 825 2608 opiniones
846 2536 939 2610 magis
961 2537 1130 2609 magisqnae
1155 2534 1301 2595 admixtae
1325 2539 1400 2597 aunt.

181 2639 263 2698 Petri
284 2639 434 2713 primatui,
460 2637 553 2711 qumis
576 2655 681 2698 revera
701 2637 813 2714 iuerat,
838 2640 932 2699 simile
956 2639 1065 2712 aliqnid
1085 2639 1234 2699 Romanae
1257 2641 1401 2700 ecclesiae

181 2741 348 2802 mandatum
378 2758 442 2802 esse
473 2757 559 2801 seusu
588 2743 711 2816 quodam
742 2743 878 2804 contendi
902 2745 965 2803 sine
993 2744 1123 2818 periculo
1148 2745 1251 2818 potuit.
1292 2743 1401 2803 Verum

182 2847 311 2920 episcopi
337 2845 474 2921 Romani,
503 2851 537 2904 nt
558 2863 638 2905 suam
661 2847 821 2921 potentiam
847 2853 990 2922 augerent
1016 2853 1047 2906 et
1072 2847 1301 2922 repugnantibus
1321 2846 1400 2906 Ainis

181 2951 335 3024 episcopos
347 2951 509 3025 episcorum
521 2967 552 3010 se
565 2951 787 3024 constituerent,
804 2957 907 3010 nonna
917 2953 1088 3024 scripturam
1100 2953 1244 3025 etprioris
1256 2951 1399 3010 eeclesiae

181 3055 357 3114 sententiam
379 3055 461 3114 Petri
482 3055 654 3130 primatum,
677 3060 709 3114 ut
730 3055 772 3114 ait
789 3053 964 3128 Cyprianus,
987 3055 1018 3112 in
1038 3054 1191 3127 imperinm
1206 3057 1401 3130 mutaverunt,

182 3161 267 3233 quale
289 3173 437 3233 nunquam
457 3159 508 3218 ille
530 3159 681 3219 habuerat.
734 3159 809 3217 Tum
831 3173 889 3216 non
912 3158 974 3218 sine
997 3157 1114 3231 bande,
1145 3163 1178 3216 ut
1201 3157 1400 3216 Tertullianus

182 3261 328 3338 admonet,
343 3263 374 3322 id
388 3261 464 3336 qnod
477 3262 607 3322 Christus
618 3262 699 3324 Petri
713 3277 857 3337 personae
871 3261 1024 3336 tribuerat,
1036 3261 1173 3334 sibiipsis
1184 3266 1401 3336 arrogaverunt.

182 3367 264 3438 Quod
286 3371 318 3426 ut
338 3366 485 3426 hominum
506 3366 641 3440 plausum
662 3365 769 3442 terret,
800 3367 903 3425 summi
927 3382 1043 3440 semper
1067 3366 1206 3426 momenti
1230 3365 1400 3425 tritiaaimae

181 3471 324 3545 quaedam
343 3470 380 3530 de
401 3470 491 3530 Petro
517 3469 632 3530 fabulae
656 3475 755 3546 erant,
785 3471 889 3544 quibua
910 3471 979 3530 solis
1001 3469 1157 3531 Pontifices
1179 3471 1234 3530 niti
1256 3469 1400 3546 solebant,

182 3591 267 3634 omne
282 3575 440 3633 humanum
462 3580 494 3634 et
515 3575 698 3649 historicum,
721 3574 796 3648 quod
809 3591 862 3634 nos
878 3574 1015 3650 dicimus,
1039 3576 1220 3635 auctoritatis
1243 3591 1313 3634 anae
1334 3573 1401 3633 fun·

181 3679 348 3739 dementum
378 3685 576 3752 aspernantes.
622 3679 685 3739 Hoc
711 3679 825 3738 scilicet
852 3681 1023 3739 pendebant
1050 3677 1163 3738 facilius
1183 3680 1280 3738 teneri
1304 3693 1401 3752 posse,

181 3799 267 3858 quam
282 3788 445 3843 commenta
459 3785 523 3858 illa,
546 3800 621 3857 quae
636 3799 723 3842 nemo
737 3799 815 3842 nuno
828 3785 876 3843 vel
892 3801 995 3858 parum
1011 3785 1141 3843 eruditus
1158 3782 1235 3841 serio
1251 3780 1399 3842 defendet.

180 3889 298 3948 Etenim
313 3888 432 3948 Petrum
444 3887 554 3948 Romae
570 3895 716 3946 mortuum
732 3903 810 3962 esse,
824 3890 892 3962 jnre
907 3889 1010 3960 negari
1024 3903 1110 3960 posse
1126 3885 1196 3944 mibi
1210 3883 1326 3958 quidem
1342 3899 1402 3942 non

180 3992 302 4052 videtur.
348 3991 482 4051 Eundem
510 4007 581 4051 vero
611 3993 778 4065 episcopatu
800 3991 861 4050 illio
882 3991 986 4064 viginti
1008 3991 1134 4064 quinque
1157 4003 1248 4047 annos
1271 3987 1402 4047 iunctum

180 4097 409 4172 dominatricem,
421 4098 538 4170 qualem
554 4095 739 4172 effinxerunt,
755 4096 922 4156 cathedram
937 4093 1149 4154 successoribus
1164 4094 1224 4151 suis
1238 4093 1401 4168 reliquisse,

179 4201 210 4261 id
224 4201 354 4276 quamdo
376 4217 432 4276 per
453 4202 545 4260 multa
567 4199 724 4260 sennaab
747 4199 880 4258 omnibns
902 4197 1059 4273 creditum,
1081 4203 1180 4256 tamen
1195 4211 1282 4270 qaam
1297 4196 1403 4257 falsum

181 4312 211 4365 et
243 4303 406 4365 fabulosum
443 4306 497 4380 sit,
533 4321 618 4366 nemo
656 4320 716 4364 non
752 4305 884 4380 ignorat,
918 4302 969 4376 qni
1005 4301 1042 4361 de
1069 4301 1218 4360 Romanae
1255 4299 1399 4360 eeclesiae

179 4409 340 4483 originibus
362 4409 519 4469 vetermma
541 4415 573 4468 et
594 4409 747 4468 verissima
768 4406 948 4480 testimonia,
976 4407 1008 4466 in
1030 4405 1210 4466 nobilissima
1232 4403 1316 4464 Pauli
1339 4403 1402 4478 epi·

178 4513 254 4574 stola
280 4520 310 4575 et
336 4513 367 4573 in
390 4513 464 4573 actis
486 4511 680 4588 apostolorum
702 4513 786 4572 nobis
807 4511 890 4586 data,
920 4510 1011 4588 probe
1033 4511 1228 4588 religioseque
1249 4509 1396 4570 examina·
