3194 5042
704 310 792 366 Oarnr
812 309 871 364 Vll.
1351 309 1401 364 199

174 533 193 572 a
214 513 336 574 Jesnitis
359 518 403 573 tot
424 513 559 573 cladibus
582 519 612 572 ct
624 513 830 589 ‚sanguinibus
852 513 924 572 olim
947 513 1051 572 obrubr
1072 517 1103 571 et
1124 530 1205 571 nunc
1226 512 1334 572 iterum
1356 513 1402 571 in-

176 620 260 680 sidiis
282 621 490 680 circumventa.
535 620 635 696 Hujus
662 619 752 680 officii
775 620 906 680 sinceros
932 621 1098 697 probosque
1121 618 1295 680 Germaniae
1319 619 1402 680 Chri-

176 728 287 788 stienos
308 727 354 787 vir
376 727 450 786 milri
467 727 667 787 amicissimus
689 726 792 786 Justus
814 727 914 786 iacobi
937 727 1016 787 binis
1038 726 1149 786 libellis
1172 727 1401 802 commonefecit,

174 835 265 896 altero
292 835 475 913 apologetico
497 835 589 894 altero
616 834 773 912 polemico,
801 835 902 912 parvis
929 834 1049 913 quidem
1077 835 1129 894 sed
1152 833 1264 910 dignis,
1292 835 1344 912 qui
1366 835 1403 894 ab

174 943 238 1002 illis
265 942 402 1003 omnibus
424 947 536 1002 attente
562 942 706 1019 legantur.
753 940 810 1016 Qui
833 960 926 1020 quum
953 941 1151 1018 perlongum
1178 947 1297 1019 tempus
1319 960 1402 1020 prae-

109 1117 111 1124 ,
175 1050 278 1110 sertim
305 1050 337 1109 in
359 1051 448 1110 rebus
474 1050 512 1109 ad
534 1055 664 1110 veterem
691 1049 847 1110 ecclesiam
869 1049 1085 1127 pertinentibus
1108 1049 1268 1127 tranquillo
1292 1049 1402 1110 studio-

175 1175 242 1216 rum
264 1158 439 1217 mmmercio
462 1176 531 1218 cunr
554 1157 678 1217 eruditis
700 1157 786 1233 viris,
814 1161 844 1216 et
866 1156 1046 1234 evangelicis
1069 1163 1099 1216 et
1121 1156 1286 1232 catholicis,
1314 1157 1403 1217 etiam

175 1265 286 1325 Romae
312 1265 488 1342 degentibus
515 1265 642 1325 libenter
668 1282 742 1324 usus
769 1269 862 1339 esset,
891 1265 954 1342 jam
980 1265 1093 1325 invitus
1125 1265 1285 1324 crescentis
1313 1265 1402 1324 ultra-

175 1378 331 1432 montanae
348 1372 523 1449 insolentiae
545 1390 635 1432 causa
656 1373 689 1431 in
710 1371 878 1432 certaminis
900 1372 1055 1450 pulverem
1077 1373 1248 1448 degressus,
1271 1391 1403 1450 eaquae

175 1497 236 1538 non
263 1481 437 1540 veterrimae
463 1480 574 1540 1101111
602 1480 792 1556 christianae,
825 1479 878 1540 sed
905 1479 1068 1555 Babylonis
1094 1480 1315 1558 apocalypticae
1342 1480 1404 1540 ani-

175 1606 258 1646 mum
276 1587 490 1665 ingeniumque
508 1588 634 1664 spirant,
653 1587 827 1648 certissimis
846 1587 1080 1664 degenerationis
1098 1587 1217 1647 indiciis
1235 1588 1403 1665 conspicua,

176 1695 240 1755 suis
267 1695 387 1754 demum
415 1695 541 1773 propriis
568 1695 737 1756 nominibus
765 1694 910 1772 signanda
936 1713 1003 1755 esse
1024 1695 1166 1770 ostendit,
1193 1700 1282 1773 atque
1306 1695 1404 1771 justae

176 1802 329 1862 hominurn
355 1803 502 1862 aversioni
528 1802 700 1881 horrerique
727 1803 892 1879 objicienda
919 1820 992 1862 esse.
1042 1803 1090 1862 Ad
1117 1821 1207 1880 quam
1234 1820 1296 1862 rem
1324 1803 1404 1862 haud

176 1909 253 1970 male
280 1910 404 1970 monstri
431 1909 591 1986 imaginem
615 1910 695 1987 apud
717 1910 838 1970 Homeri
865 1910 980 1970 01111111
1007 1909 1149 1987 applicat,
1177 1928 1267 1987 quam
1288 1910 1331 1969 ita
1353 1928 1403 1969 ex-

176 2035 285 2094 ponere
303 2017 386 2092 licet,
409 2023 443 2078 ut
465 2023 555 2095 caput
574 2017 727 2078 leoninum
749 2023 900 2078 cruentam
919 2017 1135 2092 crudelitatem,
1159 2017 1251 2077 cauda
1269 2017 1404 2078 draconis

177 2124 339 2184 virulentas
358 2125 491 2200 fraudes,
514 2143 621 2202 corpus
644 2125 810 2184 chimaerae
831 2131 1033 2185 monstruosas
1056 2125 1171 2184 fabulas
1194 2130 1283 2202 atque
1302 2142 1404 2202 snper-

177 2232 312 2292 stitiones
335 2237 547 2309 repraesentet:

357 2367 472 2439 Πρόσθε
490 2367 578 2438 λέων,
596 2365 702 2425 ὄπιθεν
721 2367 753 2424 δὲ
772 2367 901 2440 δράκων,
918 2367 1006 2440 μέσση
1024 2369 1056 2423 di
1074 2367 1220 2438 111111ραῦ

285 2519 362 2580 Sunt
384 2519 504 2597 quidem
527 2519 615 2580 etiam
638 2520 715 2580 inter
737 2525 866 2595 nostros,
889 2519 942 2598 qui
964 2538 1066 2580 omnes
1089 2520 1233 2597 ejusmodi
1252 2519 1405 2597 parabolas

177 2633 211 2686 ut
229 2627 319 2686 nimis
342 2627 431 2687 duras
454 2633 484 2687 et
501 2633 614 2688 atroces
637 2627 789 2688 emundas
807 2645 873 2688 esse
895 2632 1042 2688 censeant.
1088 2627 1147 2688 Sed
1169 2645 1271 2688 vereor
1293 2646 1332 2687 ne
1354 2633 1405 2687 aut

177 2735 410 2794 adversariorum
433 2735 627 2810 atrocitatem,
656 2754 732 2814 quae
753 2735 837 2795 molli
864 2741 894 2796 et
918 2740 1021 2812 pacato
1049 2735 1165 2814 eloquio
1189 2753 1257 2796 vere
1283 2735 1405 2813 depingi

178 2858 237 2900 non
254 2845 365 2917 potest,
388 2859 448 2900 non
472 2842 543 2902 satis
566 2843 760 2920 perspiciant,
783 2848 835 2904 aut
852 2849 1038 2922 perspectam
1061 2862 1121 2903 non
1141 2844 1223 2921 justa
1245 2861 1304 2922 qua
1322 2844 1406 2904 decet

178 2947 222 3006 ira
248 2947 459 3006 abominentur.
507 2948 550 3008 Ea
577 2967 616 3008 ex
644 2956 726 3028 parta
757 2951 931 3011 nobiliorem
957 2951 990 3009 in
1012 2949 1135 3010 Erasmo
1167 2969 1256 3028 quem
1282 2951 1315 3008 in
1342 2951 1405 3010 illis

177 3055 311 3114 ardorem
328 3055 420 3114 animi
438 3055 646 3132 conspicimus.
693 3056 833 3133 Singulas
855 3057 1006 3116 horribilis
1025 3057 1176 3116 simulacri
1195 3056 1405 3116 similitudines

178 3162 210 3220 in
233 3161 357 3222 eodesia
375 3161 507 3222 Romana
529 3161 608 3222 haud
631 3162 719 3240 pauci
741 3162 869 3240 piissimi
891 3163 1025 3239 ejusdem
1048 3164 1128 3223 cives
1147 3163 1210 3240 jam
1232 3163 1405 3222 111111111-

178 3287 260 3328 mum
282 3269 550 3330 animadverterant
572 3274 602 3329 et
624 3269 837 3348 indicaverant;
860 3275 982 3330 cunctas
1005 3271 1070 3348 ipsc
1092 3269 1285 3346 flagrantibus
1308 3271 1405 3330 verbis

178 3377 291 3454 passim
322 3377 515 3437 adumbravit.
565 3375 670 3456 Neque
701 3377 734 3436 in
765 3395 800 3437 ea
830 3396 862 3438 re
894 3376 960 3437 odio
992 3377 1043 3437 sed
1075 3377 1195 3437 cantate
1226 3379 1404 3438 movebatur.

178 3483 296 3544 Etenim
314 3485 481 3563 conjunctis
499 3485 712 3546 christianismi
735 3485 899 3563 spiritualis
917 3485 1014 3545 adhuc
1033 3484 1160 3562 vigentis
1179 3491 1208 3545 et
1226 3485 1406 3563 reipublicae

178 3591 338 3653 litterariae
360 3593 446 3672 quasi
470 3593 691 3670 juvenescentia
714 3593 827 3653 viribus
855 3593 998 3654 conlisum
1024 3610 1159 3670 sperasse
1182 3593 1312 3654 vidimus
1334 3594 1405 3668 fore,

178 3704 295 3759 uttam
321 3701 487 3778 periculosa
509 3700 651 3762 ecclesiae
674 3700 808 3777 vuhrera,
836 3701 862 3760 si
885 3701 921 3760 ab
944 3701 1081 3760 omnibus
1108 3701 1208 3776 agnita
1230 3707 1331 3761 essent
1355 3701 1405 3760 ad·

175 3806 349 3882 juvantibus
371 3808 447 3886 ipsis
469 3815 570 3868 coetus
593 3807 746 3868 christiani
767 3807 959 3885 optimatibus
982 3808 1047 3868 sine
1069 3807 1201 3867 tumultu
1224 3813 1404 3868 sanarentur.

177 3914 237 3974 Sed
265 3919 377 3974 tantam
405 3933 489 3992 spem
516 3934 623 3976 ranam
649 3915 743 3976 sarissa
770 3913 883 3974 invitus
906 3914 1017 3975 sensim
1040 3914 1195 3975 intellexit.
1242 3913 1338 3989 Quare
1360 3916 1405 3974 in·

178 4022 299 4098 geniose
325 4021 435 4100 aliquis
457 4022 546 4098 dixit,
574 4023 606 4082 in
628 4023 785 4082 Erasmnm
812 4023 955 4100 quadrare
977 4023 1066 4083 rerba
1091 4023 1124 4082 in
1147 4021 1221 4082 libro
1243 4021 1406 4082 Jeremiae²

178 4128 357 4206 conscripta:
397 4125 587 4198 ,curavimus
612 4129 794 4206 Babylonem
827 4129 880 4190 sed
911 4147 972 4189 non
1003 4135 1049 4190 cst
1080 4133 1209 4208 sanata‘;
1241 4129 1405 4191 Lutherum

158 4235 248 4296 'vero
275 4237 578 4298 excommunicatione
604 4237 761 4298 Pontificio
787 4237 970 4298 admonitum
1001 4255 1062 4298 non
1088 4237 1219 4316 amphus
1246 4237 1405 4314 dubitasse,

287 4523 313 4590 1)
331 4521 395 4576 ilias
413 4521 453 4575 Vl
470 4519 528 4575 181.

286 4613 313 4681 2)
333 4612 394 4682 Cap.
414 4610 450 4666 LI
468 4628 494 4666 1.
513 4611 539 4668 9.
