3134 5054
246 275 297 330 276
731 275 835 326 Panare
852 275 967 325 Paroars

244 488 434 547 mutationem
467 501 519 545 sno
552 491 682 559 tempore
712 484 856 560 effecerit,
893 487 990 547 adada
1020 486 1145 560 egregiis
1172 485 1327 546 liesbemii
1358 485 1461 546 verbis

244 590 448 650 describemus.
493 589 548 661 Qui
566 589 603 650 de
624 589 777 650 Friderioo
799 590 937 662 sapiente
958 591 1072 650 locutus
1093 589 1167 648 baec
1188 589 1304 663 adjicit:

331 696 413 770 ,Alia
442 711 524 754 mene
551 693 635 752 iratri
658 695 721 767 ejus
743 697 774 752 et
795 693 931 769 haeredi,
959 694 1097 768 Iohanni,
1130 699 1208 768 erat,
1236 695 1287 768 qui
1308 711 1396 766 quum
1417 693 1460 752 de

243 801 367 860 veritate
398 799 565 872 dogmatum
592 797 715 857 Lutheri
743 798 919 858 certissimus
951 804 1046 872 esset,
1086 799 1229 872 planeque
1259 798 1460 871 intellegeret,

243 903 308 964 fieri
334 905 413 964 nuile
434 903 517 964 modo
538 919 639 977 posse,
668 907 701 962 ut
723 904 804 961 salva
824 901 974 962 Pontifiois
996 903 1169 962 auctoritate
1192 902 1265 962 haec
1287 902 1368 962 salsa
1389 919 1461 976 per-

243 1014 411 1084 manerent,
441 1010 489 1082 jue
521 1007 578 1066 sibi
610 1020 757 1066 sacrorum
785 1021 901 1080 prorsus
931 1007 1102 1082 arrogabat,
1135 1013 1223 1080 atone
1252 1007 1407 1066 eeclesiam
1437 1022 1459 1062 a

243 1111 393 1187 pontificia
422 1112 636 1186 discrepantem
665 1110 791 1170 formare
821 1127 856 1170 ac
883 1112 1061 1171 constituere
1089 1127 1148 1170 non
1174 1111 1335 1170 dubitabat
1379 1111 1459 1182 Quo-

245 1219 323 1278 circa
351 1235 410 1277 nou
431 1217 516 1278 modo
538 1217 620 1292 leges
642 1216 679 1275 de
701 1214 796 1276 torma
817 1217 1031 1277 constitutionis
1053 1221 1085 1276 et
1106 1216 1324 1290 gubernationis
1342 1232 1458 1288 auersa

243 1322 281 1381 de
304 1323 397 1382 cultus
417 1321 526 1396 publici
548 1319 782 1395 rationibus,de
804 1320 987 1380 secerdotum
1009 1318 1112 1379 officiis
1134 1325 1165 1378 et
1178 1319 1318 1380 tructibns
1332 1320 1457 1392 aliisque

243 1427 331 1486 rebus
359 1427 397 1486 ed
418 1427 462 1486 rei
481 1441 583 1484 sacrae
606 1426 730 1484 salutem
747 1425 959 1498 pertinentibus
985 1425 1154 1484 aLuthero
1177 1430 1208 1483 et
1228 1424 1457 1484 Melancbtbone
1534 1450 1537 1456 ·

243 1529 387 1590 conscribi
416 1535 446 1590 et
472 1546 548 1589 anno
578 1530 730 1588 millesimo
759 1530 989 1604 quingentesimo
1016 1529 1152 1588 vicesimo
1182 1529 1305 1600 septimo
1330 1529 1458 1602 premnt-

243 1635 308 1706 gari
326 1650 380 1708 per
402 1634 515 1708 legatos
542 1633 679 1708 jnbebat,
712 1632 765 1692 sed
795 1634 883 1692 etiam
912 1633 1100 1708 providebat,
1133 1637 1167 1692 ut
1194 1633 1278 1706 probi
1305 1639 1336 1692 et
1356 1632 1457 1692 idonei

243 1738 392 1812 doctores,
413 1738 538 1798 extrusis
559 1738 680 1813 ineptis,
703 1737 834 1797 omnibns
857 1739 987 1797 coetibus
1005 1736 1243 1812 praeficerentur.
1279 1737 1342 1795 Hoc
1357 1751 1457 1796 exera·

242 1844 322 1917 plum
343 1843 447 1916 reliqui
466 1843 616 1915 Principes
639 1847 669 1902 et
690 1841 871 1916 respublicae
895 1843 1119 1917 Germanorum,
1142 1857 1218 1915 qnae
1233 1841 1357 1900 Romani
1379 1842 1457 1900 anti·

235 1948 318 2012 stitis
339 1947 565 2008 dominationem
586 1947 824 2022 repudiaverant,
845 1947 932 2020 paulo
946 1952 1011 2021 post
1023 1948 1066 2007 ita
1079 1945 1282 2020 imitabantur,
1303 1950 1337 2004 nt
1351 1945 1456 2005 eadem

242 2053 323 2130 fere,
352 2069 427 2126 qnae
450 2043 516 2128 ille,
545 2051 679 2110 instituta
708 2052 768 2110 suis
789 2052 1032 2126 praescriberent.
1077 2052 1161 2110 Hunc
1182 2051 1273 2126 igitur
1294 2049 1456 2109 Iohannem

241 2157 320 2217 hand
340 2158 418 2216 male
440 2157 544 2230 aliquis
566 2157 690 2215 alterum
711 2155 899 2216 Lutbcranae
929 2157 1072 2216 ecclesiae
1095 2155 1273 2214 conditorem
1297 2161 1328 2214 st
1348 2171 1456 2228 paren·

242 2266 302 2320 tem
325 2260 444 2337 dixerit,
474 2259 549 2334 qnod
572 2260 769 2320 saluberrimis
791 2275 856 2318 eam
878 2260 992 2334 legibus
1013 2259 1105 2333 sepsit
1126 2265 1158 2318 et
1179 2275 1198 2318 a
1219 2259 1351 2318 Renum
1372 2275 1455 2332 pror·

242 2383 290 2424 sns
320 2367 447 2426 seclusit.
491 2364 550 2424 Sed
583 2365 620 2423 ab
649 2364 733 2424 huius
762 2366 851 2424 etiam
877 2369 1009 2438 tempore
1038 2365 1154 2423 initium
1183 2363 1264 2422 ducit
1284 2363 1453 2436 Principum

242 2468 417 2528 Germaniae
439 2469 476 2528 de
494 2485 528 2527 re
551 2485 635 2528 sacra
649 2474 681 2528 et
694 2470 837 2543 religione
853 2469 1003 2544 dissensio,
1022 2481 1098 2542 quae
1114 2473 1203 2527 nawa
1216 2467 1332 2527 modica
1346 2467 1455 2526 inerat

241 2575 401 2633 Prudentia
432 2573 593 2647 Friderici‚
626 2574 831 2649 Sapientis,
871 2575 982 2632 animos
1014 2573 1124 2633 vinctos
1158 2573 1248 2632 veluti
1277 2587 1314 2631 ac
1347 2573 1454 2647 ligatos

240 2677 370 2736 tenebat.
417 2677 458 2736 lt
487 2677 632 2737 Iohannes
660 2677 753 2738 irater
781 2681 857 2753 ejus,
890 2695 977 2752 quum
1003 2677 1221 2738 testatissimum
1243 2676 1341 2736 multis
1364 2677 1454 2735 rebus

238 2779 428 2857 isocrates
454 2787 599 2842 tamarum
626 2797 743 2841 suarum
771 2782 924 2842 ecelesiam
951 2798 970 2840 a
998 2781 1129 2840 Romana
1159 2783 1314 2854 seiungere
1334 2796 1456 2854 prorsus

238 2887 332 2961 velle,
352 2885 534 2945 dissiliebant
555 2892 677 2959 repente
699 2887 865 2960 Principum
886 2887 989 2960 enimi,
1018 2891 1106 2944 antea
1129 2885 1316 2944 mediocriter
1339 2889 1455 2942 tantum

238 2991 388 3066 disjuncti,
417 2991 482 3051 aliis
500 2991 648 3065 antiquam
670 2994 810 3066 majorum
830 2991 1014 3066 religionem,
1043 2991 1109 3049 aliis
1129 2989 1312 3050 emendatam
1329 2986 1448 3062 praefe-

239 3094 421 3156 rentibus.‘¹

326 3200 375 3260 Sic
396 3201 600 3275 inexspectata
618 3199 713 3259 subito
735 3199 917 3258 incrementa
941 3199 1019 3272 cepit
1033 3198 1185 3258 discidium
1199 3195 1287 3273 illud,
1309 3197 1387 3272 qnod
1399 3215 1458 3270 per

240 3304 337 3364 secula
358 3304 527 3364 duraturum
550 3310 637 3378 atque
667 3305 800 3377 inprimis
822 3302 997 3362 Germaniae
1017 3303 1212 3378 perniciosum
1233 3300 1363 3361 futurum
1385 3319 1454 3361 esse

240 3407 378 3465 Erasmus
412 3409 475 3481 plns
508 3409 599 3466 semel
628 3407 822 3481 praedixerat
874 3408 937 3466 Iam
967 3408 997 3465 in
1022 3407 1144 3480 imperio
1171 3406 1345 3466 Germanico
1375 3405 1455 3464 duae

240 3515 373 3583 potentes
403 3512 546 3570 ecclesiae
575 3513 669 3570 altera
698 3516 800 3570 contra
827 3513 949 3571 alteram
972 3511 1101 3588 stabam,
1131 3511 1291 3570 catholicae
1314 3517 1345 3570 et
1365 3527 1456 3570 eran·

240 3615 352 3688 geticae
373 3616 491 3674 nemina
510 3616 647 3690 primam,
669 3615 881 3689 quodquidam
902 3617 1101 3691 meminerim,
1123 3615 1200 3690 apud
1215 3615 1356 3674 Vieelium
1368 3617 1453 3688 jnxta

239 3719 334 3794 posita
356 3720 463 3779 inveni.
507 3720 639 3794 Utraque
663 3720 785 3780 enndem
809 3721 903 3780 Deum
925 3720 1105 3794 eundemque
1125 3722 1308 3780 Servatorcrn
1329 3719 1456 3792 colebat,

240 3825 293 3884 sed
315 3830 375 3884 tam
399 3825 521 3884 diversis
536 3823 687 3886 doetrinae
703 3830 734 3884 et
748 3825 842 3884 cultus
855 3823 968 3900 iormis,
991 3830 1025 3883 ut
1038 3825 1165 3900 benigna
1180 3824 1352 3884 concordiae
1366 3825 1456 3882 resti-

239 3929 325 4004 tutio,
354 3945 441 4002 qnam
471 3929 614 4003 utrimque
644 3930 727 3988 multi
755 3929 850 3989 adhuc
877 3929 1046 4004 sperabant,
1078 3929 1180 4002 quovis
1195 3945 1285 3988 ,anno
1307 3925 1457 3987 difficilior

239 4029 303 4091 fieri
324 4033 478 4094 videretur.
524 4033 695 4107 Evangelici
718 4035 779 4093 sire
798 4033 960 4092 Lntberani
982 4029 1063 4112 (nam
1084 4033 1141 4091 boe
1162 4048 1267 4092 nomen
1290 4033 1381 4090 inrito
1395 4033 1456 4104 pri·

240 4153 318 4194 mum
340 4137 470 4196 Lntbero
491 4138 633 4212 paulatim
653 4139 732 4198 inter
760 4137 922 4199 Germanos
950 4131 1128 4218 praevaluit)
1157 4136 1195 4195 ab
1227 4137 1353 4196 ecclesia
1382 4153 1455 4194 rere

240 4240 385 4300 euboico
413 4257 445 4300 se
473 4257 532 4300 non
560 4243 706 4316 seiunctos
728 4257 793 4301 esse
816 4241 1021 4317 declarabant,
1049 4242 1080 4300 in
1102 4240 1271 4315 praesentia
1292 4240 1457 4299 &mnam

241 4347 394 4406 ecclesiam
415 4363 474 4406 nou
493 4347 616 4422 amplius
638 4363 703 4407 esse
719 4347 861 4406 catholico
877 4347 992 4408 nomine
1007 4346 1139 4422 dignam,
1159 4350 1260 4419 utpote
1281 4361 1458 4419 quae-men-

330 4567 354 4632 1)
372 4565 510 4615 liesberuii
527 4565 586 4618 bist.
605 4567 665 4618 cccl.
686 4583 711 4632 p.
731 4569 790 4620 oet.
