3176 5064
237 219 273 276 20
758 217 868 272 'Carcr
885 215 921 272 II.

237 423 440 482 sauraissimos
467 422 546 481 virm
578 427 757 498 sequuntur,
788 421 862 480 mibi
894 423 1013 481 eosdem
1044 423 1130 499 seqrd
1161 440 1221 480 narr
1248 422 1338 481 licet?
1383 421 1471 480 Tune

236 549 284 589 me
311 531 343 588 ia
370 547 471 588 eorum
499 529 627 606 ineptias
653 529 735 588 abire
758 529 817 602 vis,
845 530 897 606 qui
919 529 1019 588 omnia
1040 547 1134 606 aeque
1156 528 1370 590 Germanorum
1394 531 1470 588 bene

236 638 326 710 dicta,
358 637 436 696 male
467 637 547 696 dicta
577 641 764 713 oppugnant,
798 643 830 695 ut
862 641 1052 698 assectantur
1082 636 1134 712 iis,
1169 655 1187 694 a
1218 637 1328 713 quibus
1361 655 1469 712 magna

236 745 365 821 praemia
387 746 592 821 exspectante

345 851 471 912 Favebat
493 851 609 911 scilicet
630 851 763 911 Romana
781 851 871 910 Curia
893 869 1010 928 quoquo
1033 851 1119 910 modo
1141 851 1192 926 iia,
1216 852 1268 928 qui
1286 852 1467 910 immanibus

235 965 324 1037 adpre
351 959 549 1034 sanguinariis
571 958 802 1035 Iaqrrisitoribns
828 958 974 1018 delatores
1002 965 1033 1018 et
1054 958 1203 1034 adjutores
1227 976 1261 1018 se
1278 959 1466 1034 praebebant,

236 1084 294 1143 qua
316 1084 349 1126 re
371 1065 521 1140 similiter,
548 1084 584 1124 ac
606 1064 715 1125 'liberii
743 1066 892 1142 quondam
918 1083 954 1124 ac
975 1065 1122 1140 Nerones,
1149 1065 1233 1141 vulgi
1260 1067 1378 1125 animos
1404 1085 1465 1124 cor-

235 1174 398 1250 rumpebat
444 1171 522 1247 Quid
544 1173 660 1232 dicam?
688 1173 775 1249 pejus
802 1173 1007 1250 corrumpebat
1034 1173 1157 1246 doeens,
1185 1173 1237 1250 qui
1264 1173 1391 1232 fratrum
1418 1173 1465 1232 vel

235 1282 468 1340 necessariorum
494 1280 615 1339 nomina
641 1279 802 1356 deferrent,
835 1299 886 1340 eos
914 1280 976 1340 Deo
1008 1281 1125 1339 servire
1175 1274 1261 1338 Hanc
1288 1287 1405 1356 pestem
1432 1299 1466 1340 eo

236 1389 301 1464 ipso
333 1395 465 1464 tempore
492 1387 747 1464 ingravescentem
774 1388 926 1447 Palearius
958 1388 1111 1462 describit,
1143 1387 1321 1446 medicinam
1352 1406 1372 1446 a
1403 1388 1466 1447 solo

234 1495 360 1554 concilio
382 1495 543 1554 universali
565 1513 601 1555 ac
622 1495 715 1554 libero
737 1496 904 1572 exspectari
927 1513 1028 1572 posse,
1051 1513 1121 1553 cnm
1142 1494 1339 1554 nobilissimis
1361 1495 1467 1554 multis

234 1601 408 1679 aequalibus
427 1602 549 1678 judicat.
596 1601 693 1675 Quare
714 1607 783 1678 post
807 1603 895 1662 verba
917 1619 1007 1679 supra
1029 1601 1140 1678 posita,
1162 1603 1272 1678 quibus
1293 1601 1389 1662 libelli
1418 1603 1467 1661 sai

235 1687 469 1785 argumentum,
483 1707 624 1768 nimirum
648 1708 759 1769 Christi
786 1710 908 1769 unicum
935 1711 1076 1768 honorem
1098 1728 1134 1769 ac
1156 1709 1332 1768 beneficium
1354 1709 1388 1767 in
1410 1727 1468 1768 nos

235 1817 375 1876 collatura
390 1833 480 1876 sensu
495 1835 577 1876 mere
594 1817 756 1894 apostolico
774 1818 902 1877 breviter
915 1817 1066 1894 exposuit,
1085 1817 1127 1875 ita
1141 1816 1222 1893 loqui
1236 1817 1346 1892 pergit:
1371 1815 1468 1890 ,ilaec

235 1924 275 1984 ita
297 1943 409 2000 amera,
432 1923 628 1999 detestabilia,
651 1925 831 1984 exsecranda
854 1930 925 1985 sunt
947 1924 1012 1984 visa
1034 1924 1189 1984 duodecim
1212 1923 1287 1998 illis,
1315 1941 1376 1982 non
1398 1924 1468 1982 dico

235 2033 418 2108 hominibus,
442 2032 494 2091 sed
517 2032 589 2092 feris
611 2031 848 2106 immanissimis,
876 2037 911 2090 ut
929 2033 1108 2112 scriptorem
1130 2031 1162 2088 iu
1185 2031 1285 2106 ignem
1308 2030 1468 2090 deturban-

234 2139 304 2198 dum
328 2145 495 2200 conserent:
520 2157 596 2217 quae
618 2157 713 2216 poena
735 2140 762 2198 si
786 2139 861 2198 milri
879 2139 1033 2198 subeunda
1052 2143 1098 2198 est
1118 2155 1171 2214 pro
1190 2137 1359 2196 testimonio
1377 2137 1466 2212 dicto,

234 2248 373 2324 quoniam
397 2247 600 2306 testimonium
622 2246 787 2306 existimari
811 2245 886 2305 illrrd
905 2245 972 2304 volo
991 2245 1090 2322 potius
1109 2263 1198 2322 quam
1215 2244 1364 2320 libellum,
1387 2245 1466 2304 nibil

235 2361 280 2414 est
307 2373 355 2414 me
381 2355 504 2414 beatius.
554 2353 659 2432 Neque
687 2355 766 2413 enim
793 2359 866 2431 puto
894 2353 1090 2413 christianam
1112 2370 1178 2412 esse
1200 2353 1257 2412 hoc
1279 2357 1411 2429 tempore
1432 2351 1466 2410 in

234 2461 343 2522 lectrdo
366 2461 447 2520 mori.
493 2461 603 2521 Parum
626 2467 673 2520 est
695 2461 827 2521 accusari
850 2465 880 2520 et
902 2461 1008 2521 deduci
1027 2461 1060 2519 ia
1078 2477 1237 2520 carcerem:
1261 2459 1354 2536 virgis
1372 2459 1464 2534 caedi,

235 2575 312 2628 resto
335 2569 489 2644 suspendi,
517 2569 597 2628 insui
620 2569 653 2626 irr
680 2567 825 2643 culleum,
854 2569 926 2628 ieris
954 2567 1054 2644 objici,
1086 2567 1123 2627 ad
1150 2568 1250 2644 ignem
1276 2567 1381 2626 torreri
1409 2583 1472 2624 aas·

234 2675 333 2748 deret,
362 2674 388 2733 si
412 2674 460 2733 his
483 2675 641 2751 suppliciis
663 2675 772 2735 veritas
795 2675 827 2733 in
854 2675 952 2734 lucem
974 2679 1021 2735 est
1051 2674 1233 2752 proferenda
1289 2672 1373 2748 Quod
1403 2673 1463 2732 nisi

236 2781 347 2840 indicto
370 2781 495 2840 concilio
518 2799 588 2858 spes
611 2781 697 2841 bonis
719 2781 828 2858 injecta
850 2787 941 2858 esset,
969 2783 1120 2858 negotium
1142 2781 1217 2841 felix
1239 2799 1274 2840 ac
1296 2781 1424 2840 salutare
1445 2799 1465 2839 a

234 2888 440 2965 Pontificibus,
463 2907 481 2947 a
505 2888 641 2964 Caesare,
664 2889 831 2966 aRegibus
854 2907 914 2949 ana
936 2895 1109 2967 susceptum
1131 2889 1181 2965 iri,
1204 2893 1239 2947 ut
1260 2890 1376 2965 maguis
1394 2907 1464 2948 eoa-

235 2995 372 3056 cursibus
405 2996 538 3056 omnium
569 2997 716 3073 gentium,
748 2997 881 3056 omnium
909 2997 1063 3057 nationum
1089 2996 1272 3056 celeberrimi
1299 3001 1463 3056 conventus

234 3109 425 3182 peragantur,
448 3105 672 3182 desperaremus
686 3104 806 3165 omnino
822 3109 970 3164 tantarum
987 3103 1241 3182 perturbationum
1258 3103 1348 3163 finem
1367 3103 1462 3162 ullrrra

235 3229 366 3290 unquam
389 3213 536 3272 futurum:
565 3211 788 3289 desperaremus
815 3229 903 3289 posse
925 3211 1003 3286 fieri,
1031 3215 1066 3270 ut
1093 3211 1155 3270 sica
1181 3211 1247 3286 illa,
1274 3210 1408 3270 districta
1430 3211 1462 3269 ia

234 3337 336 3378 ornnes
360 3319 532 3395 scriptores,
555 3319 592 3378 de
614 3320 751 3379 manibus
774 3337 875 3379 eorum
899 3323 1119 3396 extonlrreatur,
1147 3319 1199 3395 qui
1225 3317 1274 3377 vel
1300 3317 1461 3377 levissimis
1577 3363 1578 3404 ,

233 3425 271 3484 de
293 3426 392 3485 causis
414 3425 619 3486 crudelissime
641 3427 730 3487 ferire
757 3426 937 3486 didicerant:
965 3445 983 3484 a
1010 3426 1119 3502 quibus
1146 3427 1297 3502 appetitas
1323 3424 1383 3484 sair
1408 3425 1461 3483 ali·
1577 3447 1578 3456 ¹

235 3531 352 3609 quando
374 3531 421 3590 vir
438 3533 571 3591 omnium
590 3533 795 3593 sanctissimus
814 3538 844 3594 et
862 3533 1085 3609 integerrimus,
1109 3532 1265 3592 Sadoletrrs
1282 3550 1381 3606 meus,
1404 3549 1462 3609 qua
1577 3523 1578 3530 '

234 3655 266 3698 re
289 3637 365 3697 nihil
387 3637 490 3698 multis
513 3639 599 3698 annis
623 3638 668 3699 sol
690 3639 766 3699 vidit
788 3639 958 3716 indignius.t
1577 3705 1578 3728 ᾖ

342 3743 425 3820 Quod
452 3747 489 3806 ad
517 3745 687 3806 Sadoletum
719 3747 859 3824 pertinet,
891 3747 1073 3825 pharisaicae
1099 3747 1220 3808 factioni
1247 3753 1278 3808 et
1303 3747 1396 3822 idern,
1428 3753 1461 3806 ut
1577 3761 1578 3836 f

234 3853 376 3930 quicum
401 3853 555 3915 Germanis
579 3853 940 3929 sentiret,exosuserat.
991 3855 1108 3914 Erasini
1130 3855 1344 3915 consuetudine
1366 3872 1461 3931 usqae
1577 3859 1578 3924 j

234 3960 271 4019 ud
294 3966 418 4022 mortem
440 3961 505 4038 ejus
528 3977 601 4020 usus
624 3961 733 4038 fuerat;
757 3961 978 4022 Melanchthoui
1001 3961 1195 4022 dilectissimo
1219 3967 1359 4039 tanquam
1377 3961 1459 4020 fratri

234 4068 405 4144 scripserat,
438 4085 469 4128 se
501 4073 532 4128 et
558 4067 604 4127 illi
637 4073 668 4128 et
694 4069 821 4128 Jobanni
850 4069 980 4130 Strumio
1007 4075 1037 4130 et
1059 4069 1173 4130 Bucam
1201 4071 1335 4146 impense
1362 4071 1461 4128 favere

234 4175 332 4252 palam
363 4173 586 4235 (16616111661111
639 4175 729 4236 Hunc
759 4175 872 4236 Paulus
895 4175 949 4236 ΙΙΙ.
983 4177 1119 4237 servarit
1175 4175 1233 4251 Qui
1265 4193 1333 4237 vero
1365 4176 1460 4236 eidem

234 4333 446 4342 -u—-—.--——-—-

342 4420 368 4488 1)
388 4419 426 4474 Cf.
446 4418 609 4476 Seckeadori
629 4419 646 4476 1.
666 4437 688 4475 c.
707 4421 733 4490 1,
757 4437 782 4490 p.
802 4421 837 4476 43
852 4437 873 4476 s.
915 4421 1049 4490 Epistolae
1072 4437 1095 4476 a.
1122 4422 1192 4476 1536
1220 4423 1297 4477 datae
1324 4421 1460 4491 inscriptio

234 4511 302 4562 arat:
328 4507 520 4576 ,Dilectissimo
543 4513 669 4579 taaqrraar
693 4511 768 4564 fratri
787 4510 911 4579 Philippo
929 4510 1127 4565 Molanclrtlrorri
1151 4527 1286 4566 sacrarum
1311 4510 1459 4566 litterarum
