3134 5054
229 293 282 348 318
716 292 820 342 Pssurs
838 291 954 342 Parours

228 506 317 568 luisse
348 509 468 567 videtur.
513 506 623 566 Probas
654 505 792 579 quasdam
814 505 937 565 Lutheri
966 504 1177 565 admonitiones
1199 506 1274 565 male
1297 505 1454 578 intellegit

226 629 261 672 ac
283 613 403 686 respuit.
440 612 601 684 Aliquoties
625 627 689 668 cum
708 611 759 668 illo
784 611 942 669 acrimonia
964 616 1080 670 certare
1100 610 1221 670 videtur.
1261 609 1309 668 Sic
1324 610 1452 668 detecta

226 715 301 775 falsa
323 716 446 790 quadam
467 717 529 789 ejus
553 715 735 773 conclusione
759 715 789 772 in
812 716 958 788 seipsum
981 715 1139 788 injuriosa,
1162 714 1246 788 ,Quis
1266 730 1323 773 non
1336 712 1452 786 malit‘‚

226 821 328 896 inquit,
351 820 517 895 ,rudentem
540 820 652 878 asinum
675 818 776 877 audire
791 835 876 892 quam
892 819 968 877 bunc
983 818 1194 893 disputantem,
1217 820 1373 878 sitantum
1392 819 1453 876 boc

228 925 377 999 disputare
400 924 464 983 esb‘
500 924 602 996 Neque
624 939 694 982 vero
716 922 919 981 desiderantur
940 923 971 980 in
992 921 1107 981 Erasini
1130 923 1205 983 libro
1228 929 1324 996 recte,
1347 927 1452 994 acute,

230 1029 382 1102 praeclare
405 1027 497 1102 dicta,
519 1026 621 1100 quibus
640 1025 784 1085 Lntherus
808 1029 929 1100 ejusque
951 1027 1037 1085 amici
1059 1025 1159 1086 doceri
1182 1027 1357 1101 potuissent,
1380 1025 1451 1085 Me·

226 1132 396 1206 lanehtbon,
430 1132 501 1190 licet
530 1131 614 1189 initio
648 1135 679 1188 et
711 1131 773 1204 ipse
804 1130 935 1189 irritatus
955 1130 1058 1206 buerit,
1092 1130 1191 1189 doceri
1214 1147 1246 1190 se
1266 1145 1366 1203 passus
1391 1135 1451 1203 est,

228 1237 334 1310 quippe
363 1237 413 1309 qui
435 1235 596 1295 doctrinam
623 1234 660 1293 de
683 1233 951 1306 praedestinatione
974 1235 1110 1306 mitigare
1131 1240 1161 1293 et
1184 1235 1296 1294 cautius
1316 1239 1450 1294 uacare

226 1340 365 1413 paulatim
394 1339 540 1414 coeperit,
571 1337 699 1412 receptis
720 1354 757 1396 ex
775 1343 858 1411 parte
882 1337 986 1397 iisdem
1007 1336 1143 1411 loquendi
1166 1337 1303 1398 formulis.
1348 1338 1450 1397 Docet

227 1445 304 1504 enim
326 1444 464 1503 Erasmus
487 1444 576 1502 etiam
599 1443 629 1501 in
651 1442 879 1516 Hyperaspiste,
909 1459 960 1517 ,ex
983 1442 1142 1501 abundanti
1162 1459 1194 1502 se
1218 1442 1327 1502 donare
1350 1447 1449 1500 totum

228 1563 293 1608 esse
324 1548 432 1606 malum
466 1546 543 1620 quod
573 1547 658 1605 homo
693 1561 728 1604 ex
767 1563 798 1605 se
830 1547 955 1622 cogitet;
992 1563 1146 1620 superesse
1182 1553 1280 1606 tammr
1317 1547 1448 1606 indolem

227 1651 347 1725 Spiritui
367 1649 464 1709 divino
484 1651 626 1724 habilem,
646 1651 695 1723 qui
717 1651 789 1708 nulli
813 1651 889 1710 desit
909 1651 965 1710 nisi
988 1650 1122 1710 nolenti‘.
1167 1649 1278 1724 Iniusta
1300 1649 1447 1724 quaedam

227 1755 384 1829 opprobria
405 1754 559 1828 insigniter
579 1753 697 1812 refellit.
742 1753 780 1814 Se
803 1759 864 1812 toto
885 1759 1004 1828 pectore
1028 1755 1162 1814 venerari
1184 1755 1226 1812 ait
1241 1755 1360 1814 verbum
1375 1754 1446 1826 Dei,

226 1857 280 1918 sed
312 1875 371 1918 uon
401 1857 553 1932 arbitrari,
585 1856 723 1931 quidquid
752 1857 899 1916 Lntherus
933 1864 1095 1932 asseveret,
1127 1873 1191 1917 esse
1225 1857 1342 1916 verbum
1376 1856 1445 1916 Dei.

226 1962 297 2022 Rem
320 1968 537 2023 controversam
559 1979 616 2022 uon
637 1960 768 2035 pendere
791 1978 809 2020 a
831 1961 927 2021 verbis
950 1962 1126 2037 scripturae,
1148 1962 1200 2022 sed
1221 1961 1257 2022 ab
1274 1963 1336 2035 ejus
1350 1964 1444 2020 iuter-

226 2069 406 2142 pretatione;
434 2067 516 2126 illum
537 2067 592 2126 hoc
614 2082 752 2140 peccare,
783 2067 859 2139 quod
881 2066 936 2125 sibi
959 2071 1100 2140 perpetuo
1119 2084 1201 2126 suam
1223 2067 1444 2141 interpretatio-

226 2187 293 2230 nem
315 2169 451 2231 obtrudat
470 2187 523 2246 pro
545 2170 633 2230 verbo
655 2169 720 2229 Dei.
766 2171 856 2228 Immo
884 2170 961 2229 bene
983 2169 1075 2244 videt,
1106 2169 1137 2229 id
1159 2170 1236 2244 quod
1258 2187 1343 2229 nemo
1365 2185 1444 2228 nunc

225 2276 328 2334 barum
361 2291 459 2334 rerum
491 2291 599 2348 gnarus
627 2273 811 2347 infitiabitur,
840 2273 1001 2333 Lntherum
1025 2275 1144 2348 passim,
1178 2274 1227 2332 ubi
1251 2275 1444 2333 certissimam

225 2379 379 2438 ventatm
411 2377 543 2453 prolerre
577 2379 633 2438 sibi
667 2377 813 2452 videatur,
848 2393 952 2437 revera
985 2395 1044 2437 uon
1076 2379 1157 2452 sequi
1188 2379 1362 2454 scripturam
1390 2376 1443 2436 sed

226 2483 412 2542 scholasticos
447 2482 600 2556 quosdam,
634 2498 725 2556 quare
756 2498 822 2540 eum
849 2481 920 2540 dicit
956 2481 1156 2558 ,sophisticam
1186 2482 1360 2556 theologiam
1384 2497 1443 2540 non

227 2585 379 2646 sustulisse
403 2585 454 2644 sed
477 2585 621 2645 mutasse‘
666 2585 703 2645 Se
728 2587 865 2659 ipsumsi
888 2587 982 2652 minus
1006 2587 1136 2661 erudite,
1161 2589 1264 2646 saltem
1286 2587 1387 2646 timide
1410 2589 1441 2644 ei

227 2704 292 2747 cum
324 2689 491 2748 reverentia
521 2694 647 2748 tractare
679 2705 777 2749 sacras
811 2691 940 2764 litteras,
980 2691 1060 2750 illum
1091 2691 1249 2751 violentum
1282 2692 1442 2764 irrumpere

227 2797 315 2866 atque
339 2793 515 2852 contendere
534 2793 589 2851 boo
608 2794 718 2852 sentire
741 2795 914 2866 scripturam
944 2795 1020 2868 quod
1049 2795 1111 2868 ipse
1134 2795 1204 2853 velit
1228 2795 1361 2868 quodque
1384 2793 1442 2852 suis

228 2895 410 2970 dogmatibus
431 2895 611 2955 commodum
626 2897 676 2971 sit,
699 2897 780 2970 quasi
802 2899 964 2972 scripturae
987 2899 1118 2958 domiuus
1137 2915 1201 2958 esse
1223 2899 1364 2972 postulet,
1385 2915 1441 2957 non

227 3000 416 3075 dispensator.
484 3000 673 3075 Quoscuuque
705 3000 784 3060 enim
814 3008 846 3060 ut
873 3002 973 3062 doctos
1003 3008 1034 3062 et
1069 3004 1132 3076 pios
1161 3001 1338 3077 laudaverit,
1384 3018 1442 3074 eos,

227 3103 275 3164 ubi
299 3105 335 3164 ab
360 3107 424 3178 eJus
446 3105 629 3179 dogmatibus
652 3106 698 3165 vel
726 3105 815 3164 latum
841 3106 961 3178 digitum
986 3105 1190 3182 dissenserint,
1223 3107 1355 3180 protinus
1381 3105 1442 3180 pati

226 3210 496 3283 metamorphosim,
526 3227 561 3268 ex
583 3209 709 3284 Lynceis
732 3211 807 3269 verti
829 3211 860 3268 in
883 3211 991 3285 talpas,
1017 3227 1053 3269 ex
1083 3210 1246 3270 hominibus
1274 3211 1304 3268 in
1326 3209 1441 3288 iung0s3

227 3311 457 3373 Garolostadium
471 3307 566 3392 (enjus
582 3315 805 3374 inconstantiam
821 3313 960 3373 Erasmus
982 3329 1052 3373 sane
1067 3331 1125 3374 non
1143 3308 1305 3395 perspexit)
1320 3319 1442 3388 repente

226 3417 402 3490 suspiritus
424 3417 517 3475 sancti
540 3418 717 3490 myrothecio
740 3417 847 3476 iactum
872 3434 937 3477 esse
956 3435 1096 3491 organum
1115 3419 1249 3478 Satanae.
1296 3416 1441 3490 Quomodo

226 3519 316 3593 igitur
337 3519 415 3578 inter
442 3519 494 3578 hos
521 3536 635 3592 omnes,
668 3523 780 3594 rejecta
813 3522 901 3579 etiam
928 3522 1086 3594 priscorum
1113 3527 1229 3595 patrum
1259 3523 1441 3594 auctoritate,

226 3623 385 3682 Lntherum
406 3623 498 3682 solum
521 3639 553 3682 se
577 3624 766 3683 certissimum
789 3626 950 3698 scripturae
978 3643 1093 3686 sensum
1115 3631 1217 3685 tenere
1247 3626 1302 3685 sibi
1324 3640 1441 3700 persua·

226 3727 318 3788 sisse?
373 3726 498 3801 ,Fateor
528 3727 677 3800 ingenue‘,
711 3729 819 3804 inquit,
853 3730 951 3804 ,torsit
980 3729 1028 3788 hic
1058 3745 1178 3804 scrupus
1207 3731 1283 3789 serio
1316 3730 1441 3789 animrun

226 3847 336 3906 meum,
360 3836 390 3891 et
412 3832 435 3890 si
459 3831 539 3904 cupis
565 3836 598 3889 ut
624 3829 695 3892 dicis
723 3833 902 3891 carissimum
921 3832 1043 3892 fratrem
1064 3833 1253 3907 lucrifacere,
1273 3831 1346 3890 nibil
1364 3832 1440 3905 prius

226 3941 271 3996 est
293 3935 471 4011 faciendum,
498 3953 582 4010 quarn
611 3941 643 3994 ut
666 3937 741 3996 hanc
764 3953 908 3996 remoram
935 3937 1093 4010 amoliaris;
1124 3938 1219 4011 patiar
1249 3937 1440 3996 conviciorum

226 4045 340 4099 tuorum
363 4041 498 4114 colaphos
520 4045 551 4099 et
573 4041 689 4116 alapas,
721 4041 807 4099 modo
836 4047 969 4114 praestes
999 4041 1075 4114 quod
1097 4042 1189 4114 cupio.
1248 4039 1290 4100 Te
1313 4040 1441 4110 obsecro,

227 4149 260 4201 ut
281 4143 417 4202 ostendas
439 4143 537 4218 nobis,
564 4143 667 4218 quibus
693 4143 852 4203 rationibus
874 4146 960 4203 istum
981 4161 1113 4218 scrupum
1133 4145 1187 4203 tibi
1209 4143 1265 4218 ipsi
1289 4159 1324 4203 ex
1347 4143 1442 4202 animo

226 4247 386 4308 excusseris
408 4251 575 4321 mumque
598 4249 767 4321 conceperis
789 4246 941 4307 fiduciam‘

312 4351 406 4424 Haec,
451 4351 521 4410 licot
553 4352 647 4411 bunia
680 4349 802 4425 quadam
840 4351 981 4427 admixta,
1018 4359 1116 4418 tamen
1150 4353 1227 4412 serio
1265 4351 1344 4410 dicta
1374 4365 1438 4410 esse

226 4469 262 4512 ex
285 4455 350 4512 aliis
373 4454 501 4527 eiusdem
523 4455 589 4514 libri
612 4455 683 4514 locis
706 4461 835 4528 apparet
895 4455 969 4514 Nem
1000 4457 1060 4516 illic
1084 4472 1196 4530 quoque
1220 4461 1322 4515 eontm
1344 4453 1439 4528 phari-

225 4573 309 4616 saeos
330 4557 440 4614 Romae
463 4558 614 4628 imperium
637 4563 808 4616 exercentes
832 4557 947 4617 scruter
968 4566 1087 4632 pugnat.
1139 4561 1205 4619 Nou
1227 4558 1302 4617 adeo
1323 4573 1354 4616 se
1378 4572 1437 4616 me·
