3156 5056
687 355 780 406 Osrur
799 357 857 411 vll.
1327 357 1375 411 181

161 566 266 626 eodem
286 567 389 643 spiritu
411 570 554 644 impulsis:
578 570 616 630 ad
639 586 726 644 qnam
747 587 862 646 vocem,
884 587 983 630 vocem
1006 571 1106 644 utique
1120 570 1176 630 Dei
1198 573 1377 646 omnipoten-

162 673 216 745 tis,
244 690 299 746 per
331 689 381 732 cos
410 673 590 750 detonantis,
622 676 786 736 excitantur
820 681 882 735 tota
910 675 1029 750 Europa
1051 677 1211 749 innumeri,
1247 678 1296 751 qni
1328 684 1379 738 aut

162 761 301 836 inebriati
323 793 454 838 somnum
476 779 546 840 illud
568 781 669 838 mortis
691 779 891 855 dormiebant,
913 785 964 839 aut
986 781 1174 841 semisonmes
1196 781 1241 840 his
1260 783 1378 858 organis

162 879 356 955 expergefieri
391 889 422 942 et
454 885 576 942 animari
609 901 679 958 opus
713 880 869 944 habebant
928 883 1045 944 Ardent
1077 885 1121 944 illi
1156 885 1234 944 inter
1266 891 1378 946 tantum

161 983 255 1046 fastus
270 985 437 1060 Babylonici
460 987 657 1063 splendorem,
678 994 789 1048 tanturn
812 989 970 1048 meretricii
990 989 1068 1050 stibii
1083 990 1221 1065 nitorem,
1242 989 1374 1050 Belluam

161 1091 281 1165 proprio
314 1093 430 1152 nomine
460 1094 647 1168 compellerer
684 1095 715 1152 in
749 1093 852 1152 mediis
881 1094 999 1170 gladiis,
1036 1095 1210 1170 gurgitibus,
1243 1093 1374 1171 dammis,

162 1195 383 1268 magistratuum
415 1197 553 1273 saevitia,
585 1198 679 1272 plebis
719 1197 831 1272 lurore,
865 1199 1022 1258 satellitum
1054 1197 1151 1258 rabie:
1185 1199 1253 1258 inde
1284 1205 1315 1259 et
1345 1201 1376 1260 in

161 1299 295 1358 omnibus
316 1301 450 1374 gentibus
470 1302 607 1378 jnvenes,
626 1318 726 1378 senes,
750 1302 892 1377 feminae,
914 1302 960 1361 his
983 1303 1119 1376 auspiciis
1141 1302 1171 1362 id
1187 1283 1378 1364 ceramusse-

162 1420 248 1478 rere,
267 1404 362 1478 palam
384 1404 522 1478 profiteri.
568 1406 603 1464 lu
620 1403 787 1466 infirmitate
810 1405 853 1464 illi
872 1421 925 1464 sna
942 1407 1116 1481 potentiam,
1139 1407 1168 1466 in
1191 1407 1376 1484 simplicitate

161 1507 338 1585 sollertiam,
358 1511 388 1568 in
410 1510 572 1570 humilitate
595 1511 774 1586 superbiam,
796 1512 827 1570 in
848 1511 992 1586 patientia
1014 1511 1216 1572 crudelitatem
1231 1511 1375 1590 edomant,

162 1611 354 1688 contundunt,
384 1619 533 1673 evertunt:
567 1617 597 1674 in
626 1616 754 1689 puritate
782 1615 955 1690 praesertim
978 1615 1155 1691 dogmatum,
1188 1633 1297 1676 summo
1319 1617 1376 1678 Dei

83 1715 88 1724 '
162 1715 319 1792 beneficio,
341 1719 521 1794 evangelium
542 1720 600 1778 lnci
619 1721 792 1795 restituunt,
823 1721 853 1779 in
876 1721 1007 1796 martyrii
1030 1721 1192 1780 constantia
1212 1723 1376 1795 primitivae

165 1821 308 1882 ecclesiae
346 1821 433 1882 fidem
466 1825 547 1898 quasi
579 1823 736 1884 redivivam
770 1824 918 1884 exhibent:
950 1825 1025 1884 adeo
1052 1831 1084 1884 nt
1112 1825 1217 1898 exiguo
1245 1831 1375 1899 tempore

165 1924 274 1987 solidae
296 1928 429 1986 nationes
451 1944 469 1987 a
490 1927 559 1987 seda
582 1927 713 1986 Romana
734 1927 890 1988 deficiant‘

253 2049 340 2121 Atqui
373 2048 476 2108 eodem
501 2055 632 2123 tempore
659 2048 704 2124 id,
723 2048 812 2134 ¹quod
840 2050 871 2107 iu
893 2048 992 2134 Leone
1018 2047 1053 2109 X.
1081 2046 1219 2108 affectata
1246 2051 1376 2122 tyrannis

163 2151 384 2212 antichristianae
408 2159 437 2212 et
459 2153 626 2227 blasphema
648 2152 937 2228 snperbiaMornaeo
959 2151 1080 2225 aliisque
1101 2151 1199 2210 multis
1218 2168 1281 2211 esse
1296 2153 1375 2212 vide·

162 2257 265 2330 batur,
287 2255 376 2316 Curia
390 2257 522 2316 Romana
545 2260 664 2332 ejusque
687 2257 818 2317 asseclae
841 2256 1003 2332 legitimum
1025 2261 1056 2315 et
1075 2255 1256 2330 praeclarum
1278 2237 1377 2315 mundi

161 2361 315 2433 imperium
335 2361 544 2435 praedicabant
571 2363 608 2422 ab
632 2365 694 2436 ipso
717 2361 832 2421 Christo
854 2359 986 2420 Pontifici
1015 2359 1122 2419 datum.
1167 2359 1206 2418 Hi
1225 2361 1286 2434 jam
1307 2365 1377 2420 tunc

161 2465 279 2525 somniis
305 2467 366 2524 suis
395 2465 473 2526 idem
503 2467 714 2542 anticipabant,
748 2466 823 2540 qnod
846 2465 994 2525 Vaticanis
1020 2463 1146 2525 decretis
1174 2465 1212 2524 ad
1242 2463 1377 2524 ellectum

160 2587 256 2644 nuper
277 2569 447 2643 perductum
469 2571 606 2630 vidimus:
629 2571 737 2646 Papam
751 2569 813 2630 fulli
836 2571 965 2630 nescium
989 2569 1167 2629 sollemniter
1189 2569 1376 2646 declaratum,

161 2675 211 2747 qni
240 2673 337 2733 divino
365 2673 472 2734 bonore
501 2675 712 2751 circumdatus,
742 2675 845 2735 divinis
875 2675 1036 2734 nominibus
1066 2679 1196 2734 veterum
1219 2673 1376 2734 Caesarum

161 2779 255 2837 instar
287 2777 464 2854 appellatus,
498 2779 573 2838 viam
604 2780 757 2840 vemtatenn
787 2785 817 2839 ct
842 2780 935 2838 vitam
963 2795 994 2838 se
1026 2780 1120 2854 ipsum
1148 2777 1261 2838 diceret
1289 2783 1376 2852 atquo

161 2882 364 2956 triumphalem
397 2884 511 2956 priscae
545 2883 654 2943 Romae
685 2885 882 2958 majestatem,
915 2883 1024 2943 Martia
1064 2883 1177 2956 origine
1216 2883 1376 2956 gloriantis,

160 2987 265 3046 Jovem
287 3003 368 3045 suum
391 2986 553 3063 adoramis,
576 2987 666 3062 ipsius
689 2989 815 3047 omnium
831 2987 961 3062 gentium
983 2987 1131 3060 dominae,
1154 2985 1310 3044 christiano
1333 2987 1378 3043 in·

160 3091 279 3150 volucro
306 3091 536 3152 commendatam
564 3097 728 3153 renovaret.
774 3092 858 3150 Hanc
885 3091 1005 3150 Romam
1036 3093 1156 3166 ejusque
1178 3089 1280 3148 Jovem
1303 3089 1377 3147 Leo-

160 3211 229 3254 nem
249 3195 284 3254 X.
303 3195 396 3255 Janus
417 3197 521 3256 Vitatis
543 3201 630 3272 poeta
653 3197 817 3256 cecinerat:

380 3351 446 3412 Jam
468 3367 559 3410 novus
581 3353 612 3412 in
633 3357 727 3412 terras
748 3350 809 3410 alto
832 3347 983 3408 descendit
1004 3347 1124 3422 Olympo

381 3455 498 3530 Jupiter
521 3460 550 3514 ct
572 3461 672 3514 sancto
695 3457 821 3516 laetatur
843 3451 954 3512 Martia
974 3454 1061 3540 vultu¹

381 3558 491 3634 Roma,
513 3559 701 3634 triumphales
725 3561 831 3618 iterum
852 3558 976 3618 ductura
996 3557 1159 3632 quadrigas.

160 3711 309 3788 Ejusmodi
343 3714 454 3774 somnia
486 3719 565 3773 motu
596 3713 646 3773 illo
678 3715 847 3776 aSaxouia
878 3719 979 3774 exorto
1010 3713 1172 3774 terribilem
1204 3713 1234 3770 in
1262 3711 1379 3770 modom

161 3817 257 3878 subito
280 3819 444 3892 interrupta
468 3823 499 3878 et
521 3819 693 3893 perturbata
713 3819 762 3879 isti
784 3805 956 3878 sentiebant
1002 3815 1082 3890 Quod
1101 3814 1293 3875 Bellarminns
1309 3811 1379 3870 Car·

160 3920 266 3980 dinnlis
293 3921 408 3982 Jesnita
435 3923 466 3981 in
495 3923 626 3982 oratione
652 3923 762 3982 Romae
794 3919 915 3980 habita¹
939 3921 1009 3980 satis
1037 3919 1175 3993 graphice
1196 3917 1250 3976 liis
1281 3915 1379 3975 verbis

160 4025 305 4099 depingit:
344 4025 429 4101 ,Quia
457 4028 573 4102 ignorat
610 4031 721 4100 pestem
753 4025 948 4084 Luthcranam
979 4024 1010 4081 in
1037 4023 1163 4082 Saxonis
1191 4019 1278 4093 paulo
1310 4023 1378 4082 ante

161 4135 291 4189 exortam
317 4147 382 4189 mox
413 4129 598 4190 domnoniam
626 4145 719 4204 paene
744 4135 835 4189 totam
857 4143 1031 4202 occupasse,
1056 4124 1124 4184 inde
1148 4123 1185 4184 ad
1207 4123 1379 4197 Aquilonem

161 4241 192 4296 et
214 4233 364 4296 Orientem
386 4235 562 4311 prolectam,
584 4235 726 4310 Daniam,
748 4234 940 4308 Norvegiam,
963 4231 1111 4304 Sneciam,
1135 4227 1282 4303 Gothism,
1304 4227 1380 4287 Pan·

161 4339 298 4414 neniam,
328 4339 509 4414 [iungar-iam
542 4339 751 4414 absumpsisse,
778 4345 839 4396 tum
868 4337 904 4396 ad
934 4335 1122 4394 Occidentem
1153 4339 1184 4393 et
1214 4329 1379 4406 Meridiem,

252 4639 277 4704 1)
297 4640 326 4690 Α.
346 4643 420 4694 1576.
456 4638 574 4692 Praadxa
593 4643 631 4688 est
651 4638 734 4692 oratio
753 4637 800 4690 illa
818 4643 885 4688 tomo
904 4635 924 4686 l.
943 4633 1182 4692 controversiarum,
