3188 5086
661 295 772 404 'carus
790 339 822 402 il.
1307 333 1358 407 145

152 561 187 620 ad
215 563 272 622 rite
304 563 376 624 illud
410 565 668 626 administrandum
699 567 851 626 consulere
880 565 974 624 nisum
1006 581 1078 626 esse.
1122 564 1206 638 Quod
1235 565 1358 626 candide

152 664 288 740 siguificat
310 671 429 744 egregia
449 671 572 745 epistola
594 670 632 729 ad
654 670 767 730 Justum
789 671 893 730 Jonam
915 671 976 728 sive
998 669 1137 729 Jodccum
1160 669 1241 744 data,
1268 669 1358 729 multo

151 776 211 844 pust
238 771 315 845 apud
344 773 488 834 Halenscs
518 779 631 834 nostros
658 775 803 847 evangelii
831 775 1078 848 concionatorem,
1113 775 1145 832 in
1175 789 1230 847 quo
1260 779 1359 833 natum

150 879 290 933 oratorem
311 877 421 950 primns
442 875 505 938 lere
529 884 711 952 cognoverat.
757 877 870 953 Quippe
892 877 956 938 Deo
974 879 1067 936 visum
1082 893 1147 936 esse
1161 878 1287 938 ostendit
1301 894 1360 938 uon

150 979 266 1052 singulis
282 982 451 1041 mortalibus
463 984 559 1042 omnia
573 983 686 1055 largiri,
708 983 761 1042 sed
779 999 843 1041 cnm
863 983 928 1041 aliis
944 982 1021 1041 'alias
1039 982 1121 1041 dotes
1140 982 1359 1059 communicare,

150 1088 181 1141 ut
197 1099 317 1143 necesse
340 1084 416 1144 foret
433 1103 486 1146 uos
505 1087 629 1147 invicem
643 1087 750 1145 mutuis
766 1083 869 1144 officiis
883 1085 1029 1145 sublevari
1047 1086 1189 1159 simulque
1205 1084 1305 1161 fieret,
1327 1093 1361 1146 ut

149 1203 201 1245 nec
221 1188 277 1246 sibi
299 1191 446 1263 quisquam
468 1193 532 1264 plus
554 1192 624 1251 satis
647 1190 751 1250 fideret
765 1207 820 1250 nec
842 1191 916 1249 alius
938 1191 1026 1250 alium
1041 1195 1249 1266 contemneret,
1272 1209 1360 1264 quum

148 1299 300 1366 appareret
331 1294 427 1354 Deum
460 1311 592 1370 magnam
626 1293 830 1354 beneficiorum
871 1311 985 1354 sucrum
1019 1301 1132 1368 partem
1166 1295 1275 1354 homini
1306 1313 1361 1369 per

148 1397 290 1456 hominem
304 1399 404 1472 largiri
419 1400 553 1460 voluisse.
588 1399 696 1471 Quibus
715 1401 866 1475 expositis,
886 1400 982 1474 ,Haec
1001 1399 1160 1475 cogitatio‘,
1181 1400 1286 1474 iuquit,
1307 1399 1358 1474 ,mi

148 1501 292 1562 canasime
313 1503 401 1575 Joua,
431 1504 562 1577 protinus
588 1504 826 1563 incessit·animo
851 1519 933 1578 meo,
964 1502 1013 1562 ubi
1045 1520 1081 1562 ex
1112 1505 1243 1562 oratione
1274 1503 1360 1562 mori·

147 1605 254 1679 busque
269 1606 335 1682 tuis,
352 1605 515 1686 demumst
530 1609 589 1667 oris
604 1609 788 1666 lineamentis
807 1607 966 1681 habituque
980 1607 1086 1666 meotis
1098 1613 1167 1666 tuae
1180 1607 1361 1666 simulacrum

148 1711 264 1784 conieci.
309 1711 487 1786 Quamquam
514 1713 640 1772 arbitror
662 1718 692 1772 te
717 1711 770 1771 tibi
800 1729 857 1771 non
885 1713 1013 1786 ignotum
1042 1727 1120 1787 esse,
1149 1717 1248 1771 tamen
1270 1713 1362 1771 uisum

148 1821 192 1873 est
212 1815 383 1891 admonere,
404 1821 451 1890 ut,
473 1816 588 1891 quaudo
606 1816 686 1876 Deus
709 1821 738 1875 te
761 1833 819 1875 nou
842 1815 986 1890 agitandis
1009 1815 1133 1875 sordidis
1155 1817 1250 1874 causis
1273 1815 1362 1876 desti·

146 1935 229 1978 nasse
256 1919 309 1979 sed
332 1921 412 1980 velut
438 1937 578 1995 organum
605 1920 749 1994 quoddam
780 1921 905 1980 electum
935 1919 1053 1980 finxisse
1084 1921 1199 1979 videtur
1230 1920 1267 1979 ad
1296 1920 1362 1978 illu·

145 2022 291 2082 strandum
310 2022 363 2082 filii
385 2026 429 2084 aui
444 2025 515 2084 Jesu
537 2025 659 2099 gloriam
682 2030 712 2083 et
733 2024 771 2083 ad
786 2025 948 2084 mortalium
965 2025 1076 2083 animos
1091 2024 1221 2098 inhujus
1236 2024 1362 2084 studium

145 2125 376 2203 inflammandos,
407 2127 445 2188 ad
469 2130 545 2189 hanc
570 2129 696 2188 omniurn
730 2127 949 2188 saluberrimam
983 2125 1160 2187 functionem
1186 2129 1283 2187 omnia
1311 2133 1362 2187 tua

145 2231 239 2290 studia
259 2232 394 2292 conferas
415 2233 503 2307 idque
527 2239 665 2320 mature,
680 2234 748 2291 dum
769 2249 873 2307 corpus
895 2231 1026 2292 laborum
1040 2233 1171 2306 patiens,
1191 2233 1259 2292 dum
1282 2233 1362 2306 viget

144 2337 264 2394 animus.
313 2335 394 2396 Bene
421 2335 581 2397 fortunabit
608 2343 672 2396 tuos
703 2343 836 2410 conatus,
869 2336 939 2395 mihi
969 2337 1071 2410 crede,
1100 2337 1125 2395 is
1156 2337 1206 2410 qui
1236 2336 1273 2396 ad
1304 2337 1359 2395 hcc

143 2441 272 2500 muneris
298 2445 329 2500 te
358 2445 402 2500 tot
429 2443 555 2517 egregiis
578 2442 693 2502 dotibus
716 2442 864 2515 instruxit3
895 2441 943 2515 qui
965 2447 1066 2516 pectus
1087 2441 1168 2502 dedit
1190 2457 1278 2501 verae
1300 2443 1360 2514 pie-

141 2547 211 2604 tatis
233 2560 332 2605 amore
354 2543 494 2620 flagrans,
518 2547 566 2619 qui
589 2547 716 2621 linguam
736 2545 816 2605 dedit
839 2545 996 2622 eruditam,
1019 2551 1051 2604 nt
1073 2545 1206 2620 dissipes,
1228 2551 1261 2604 ut
1284 2545 1361 2605 evel-

141 2650 201 2724 las,
222 2654 256 2708 nt
277 2650 409 2726 plautas,
431 2667 488 2710 non
513 2651 607 2710 deerit
623 2652 679 2709 ista
695 2652 827 2722 conanti,
850 2652 1025 2725 praesertim
1043 2651 1068 2709 ai
1089 2667 1147 2710 non
1170 2652 1227 2709 alio
1247 2657 1362 2724 spectes

139 2769 228 2827 qnam
256 2753 294 2814 ad
317 2753 425 2813 Christi
454 2757 573 2814 lucrum.
619 2755 663 2814 sit
692 2771 761 2814 sana
791 2753 989 2829 magnificum,
1017 2771 1105 2814 manu
1133 2759 1211 2814 mota
1240 2755 1362 2829 supplici

138 2859 318 2918 benedicere
339 2860 467 2934 popello,
488 2861 526 2917 sit
540 2877 588 2918 res
612 2861 743 2934 egregia,
764 2859 928 2919 ministrare
950 2863 1134 2918 sacramenta
1153 2859 1361 2934 ecclesiastica,

136 2963 367 3037 pulcherrimum
400 2969 481 3023 certe
510 2981 633 3037 vereque
663 2965 851 3038 apostolicum
878 2969 965 3036 atque
995 2963 1159 3037 episcopale
1186 2981 1289 3022 munus
1317 2968 1362 3022 est

135 3068 262 3126 salutari
293 3067 426 3126 doctrina
464 3068 675 3127 multitudinem
711 3067 749 3127 ad
778 3072 904 3125 mentem
938 3083 1090 3139 moresque
1119 3065 1233 3126 Christo
1260 3067 1363 3140 dignos

134 3171 296 3231 adducere.
341 3171 450 3232 Verum
477 3173 509 3230 iu
536 3173 591 3232 hac
618 3173 743 3232 omniurn
772 3176 805 3228 ut
827 3167 996 3229 difficillima
1018 3170 1061 3229 ita
1083 3170 1278 3244 pulcherrima
1297 3167 1361 3227 iun·

132 3278 238 3336 ctione
268 3291 340 3350 quos
367 3276 497 3335 videmus
524 3275 609 3336 bodie
641 3277 752 3336 versari
779 3275 901 3349 passini
951 3273 1076 3346 Quorum
1101 3274 1247 3347 plerisque
1276 3273 1361 3334 deest

131 3379 281 3454 eruditio,
303 3382 448 3440 nonnullis
469 3387 584 3456 pectus,
615 3381 678 3440 sine
702 3397 757 3454 quo
780 3379 868 3455 friget
890 3379 982 3437 omnis
1005 3379 1173 3453 eloquentia
1193 3379 1360 3454 christiana,

130 3485 240 3544 multis
277 3491 400 3546 naturae
428 3484 569 3560 facultas,
600 3486 691 3545 veluti
723 3486 839 3560 linguae
872 3483 1016 3559 plectrum
1044 3485 1158 3560 vocale,
1183 3485 1279 3544 latera
1308 3489 1359 3543 aut

129 3607 246 3663 corpus
273 3591 382 3664 alioqui
409 3591 541 3650 laborum
570 3591 732 3665 hujusmodi
756 3592 879 3664 patiens.
924 3588 983 3648 Sed
1011 3605 1065 3664 age
1090 3589 1159 3648 boni
1178 3589 1359 3649 consulamus

129 3711 206 3753 cum
237 3693 329 3752 Paulo
358 3691 479 3754 nostro¹
506 3694 583 3768 qnod
608 3695 657 3754 isti
686 3694 851 3770 moliuntur,
881 3693 965 3753 modo
993 3691 1123 3752 Christus
1154 3693 1357 3752 annuncietur.

127 3798 223 3858 Bona
249 3815 316 3872 pars
344 3815 403 3858 non
432 3797 592 3874 Christum,
620 3798 672 3858 sed
697 3799 845 3873 homines,
874 3797 926 3857 sed
956 3813 988 3856 se
1014 3797 1091 3871 ipsos
1113 3796 1290 3870 praedicant.
1315 3825 1358 3835 —

127 3901 214 3962 Sunt
233 3904 282 3977 qui
305 3902 471 3963 Scotisticas
502 3903 678 3963 subtilitates
700 3908 829 3962 tractant
850 3901 927 3975 apud
949 3902 1114 3974 imperitam
1136 3897 1358 3971 multitudinem,

126 4008 264 4067 delectis
291 4008 379 4067 etiam
405 4008 436 4067 in
460 4008 515 4066 hcc
545 4008 722 4083 argumentis
744 4022 830 4080 quam
852 4005 975 4064 maxime
997 4004 1159 4078 perplexis,
1190 4018 1247 4076 quo
1266 4001 1357 4077 magis

126 4112 281 4170 miraculo
310 4113 367 4172 sint
398 4112 596 4186 auditoribus,
627 4113 652 4170 si
680 4111 753 4170 nihil
783 4110 910 4169 omnium
931 4125 1005 4183 qnae
1028 4107 1162 4167 dicuntur
1183 4106 1356 4182 intelligant.

125 4216 200 4274 Nec
234 4215 338 4275 desunt
368 4217 494 4291 quiquo
517 4217 637 4278 curiosis
656 4213 834 4274 auditoribus
857 4211 967 4272 iaciant
989 4212 1076 4286 satis,
1105 4210 1231 4284 undique
1253 4225 1359 4283 conge·

124 4325 208 4378 runt
230 4325 261 4378 et
281 4321 362 4379 uelut
384 4337 420 4379 ex
442 4321 531 4380 variis
554 4319 716 4395 rhapsodiis
739 4323 891 4379 centonem
911 4317 1102 4390 concinnant,
1125 4331 1161 4375 er
1178 4317 1246 4390 J'nre
1270 4313 1358 4387 civili,

124 4439 173 4480 ex
199 4425 271 4497 jura
297 4423 461 4500 pontificio,
489 4441 526 4484 ex
555 4425 645 4484 variis
672 4423 853 4498 doctoribus,
880 4437 918 4481 ne
944 4419 1014 4495 qaid
1036 4435 1094 4479 uon
1112 4419 1220 4494 legisse
1240 4415 1359 4476 videau-

231 4645 257 4712 1)
275 4648 315 4698 Ad
334 4646 452 4714 Philipp.
474 4653 503 4711 1,
523 4651 564 4700 lii.

184 4744 651 4792 seu10tsmnnrmmssrenvim.
1101 4735 1141 4793 10
