3144 5092
250 252 302 308 128
797 253 884 308 Garun
898 253 932 308 V.

248 457 512 534 circumspectione
540 475 615 535 opus
642 475 715 518 esse.
761 457 843 534 Papa
869 456 1034 534 respondit,
1062 474 1122 516 non
1145 473 1211 516 esse
1234 455 1420 530 timendum,
1452 473 1492 514 ne

249 564 317 642 quis
348 564 430 624 fliam
463 565 632 642 opinionem
663 564 829 625 necessario
861 581 961 624 veram
994 581 1060 624 esse
1087 564 1314 640 demonstraret3
1348 568 1490 624 ceterum

248 689 313 731 cam
340 691 358 731 a
385 677 486 732 sancta
513 672 637 733 ecclesia
663 691 724 732 non
751 677 785 732 ut
812 671 1003 747 haereticam,
1031 671 1083 732 sed
1105 677 1140 731 ut
1161 671 1348 732 temerariam
1374 671 1490 731 conde-

248 784 377 839 mnatam
396 779 486 841 esse¹
516 779 566 841 Sic
580 781 645 858 ipse
658 767 1031 858 conigere'quodammodo
1044 779 1198 840 videbatur
1213 779 1489 856 Congregationem

248 887 374 962 Indicis,
403 905 478 965 quae
504 906 606 948 revera
633 888 749 948 decreto
778 905 831 948 suo
860 887 1037 948 sententiam
1061 887 1216 965 Oopernici
1244 893 1278 947 ut
1300 887 1488 947 haereticam

248 995 444 1054 damnaverat.
485 994 589 1074 Neque
612 997 691 1056 euim
715 996 873 1074 quisquam
892 996 977 1055 illum
996 999 1058 1056 tarn
1075 995 1253 1056 obliviosum
1270 995 1368 1055 inisse
1388 995 1489 1054 credi-

248 1083 337 1178 derit,
361 1107 395 1161 ut
417 1103 482 1179 ejus
505 1103 627 1178 decreti,
655 1104 734 1181 quod
756 1103 916 1181 quominus
939 1103 1072 1164 Galilaeo
1094 1103 1294 1181 perniciosum
1316 1109 1402 1163 esset
1426 1121 1487 1162 una

248 1227 317 1269 cum
339 1209 518 1270 Bellarmino
545 1211 598 1269 vix
625 1211 831 1288 impediverat,
860 1228 920 1270 non
946 1210 1139 1272 meminisset
1186 1209 1244 1271 Sed
1269 1211 1331 1287 jam
1356 1211 1487 1270 eandem

248 1321 377 1376 mentem
410 1317 551 1395 prodidit,
584 1336 674 1396 quam
704 1318 858 1378 nonnullis
886 1319 972 1378 annis
998 1323 1067 1396 post
1093 1317 1308 1392 manifestavit,
1342 1336 1443 1395 quum
1469 1337 1487 1376 a

250 1424 442 1502 Campanella
468 1425 638 1486 rescivisset
660 1426 775 1486 nobiles
798 1426 941 1504 quosdam
965 1425 1126 1486 Germanos
1148 1426 1185 1485 ad
1208 1425 1430 1485 transcundum
1454 1427 1486 1484 in

249 1531 404 1592 ecclesiam
432 1532 595 1592 Romanam
628 1533 806 1594 inclinantes
838 1533 1008 1594 absterritus
1041 1551 1108 1594 esse
1139 1533 1191 1592 illo
1218 1533 1344 1593 decreto.
1398 1533 1487 1592 Tunc

249 1639 341 1714 enim,
373 1639 421 1699 Ex
448 1657 513 1700 mea
539 1645 652 1715 mente,
680 1641 770 1719 iquit,
798 1641 875 1700 illud
902 1659 962 1700 non
989 1646 1052 1701 erat
1078 1658 1187 1719 neque,
1216 1641 1242 1701 si
1269 1659 1318 1700 res
1347 1642 1486 1701 stetisset

248 1745 328 1823 apud
354 1765 415 1821 me,
443 1748 554 1807 sactum
581 1748 684 1808 esset²
729 1748 873 1809 Similiter
895 1753 984 1827 atque
1007 1747 1206 1809 Bellarminus
1229 1747 1367 1808 timuisse
1388 1748 1485 1808 inter·

249 1852 321 1912 dum
352 1854 481 1930 videtur,
513 1873 552 1914 ne
582 1854 657 1916 forte
689 1855 838 1934 quondam
869 1875 980 1916 novum
1011 1856 1088 1915 illud
1119 1857 1224 1916 mundi
1257 1861 1391 1932 systema
1421 1860 1485 1916 tam

249 1961 426 2022 necessarus
457 1962 620 2023 aaronica
648 1964 850 2040 alemeon,
883 1969 918 2023 ue
944 1964 1099 2024 sermea·
1126 1947 1220 2023 nuno'
1238 1964 1324 2024 mono
1352 1965 1483 2042 possim

249 2069 362 2130 Verum
390 2069 540 2130 enimvero
566 2071 744 2148 persuadere
771 2071 828 2130 sibi
855 2071 914 2148 ipsi
943 2072 1058 2131 studuit
1079 2049 1244 2132 timendum
1266 2071 1297 2130 id
1320 2090 1382 2131 non
1405 2090 1483 2132 esse

248 2177 348 2255 Atque
379 2177 412 2238 in
443 2178 524 2238 hunc
556 2179 647 2238 finem
673 2179 748 2238 miro
776 2179 902 2257 quodam
930 2180 1068 2240 utebatur
1094 2184 1279 2256 argumento,
1313 2179 1393 2257 quod
1418 2180 1482 2256 jam

249 2285 351 2346 eodem
382 2290 527 2363 tempore,
561 2305 619 2364 quo
650 2286 727 2346 illud
757 2286 908 2347 decretum
936 2287 1047 2347 exiisse
1073 2287 1216 2362 vidimus,
1248 2305 1318 2346 cum
1345 2285 1480 2347 Galilaea

249 2411 346 2453 coram
370 2390 476 2470 Oregio
504 2399 606 2471 postea
629 2393 780 2454 Cardinali
803 2393 974 2472 colloquens
998 2393 1166 2472 protulerat.
1214 2393 1368 2455 Concessit
1391 2395 1481 2454 nimi-

248 2518 316 2560 rum
343 2499 533 2577 hypothetice
560 2501 671 2576 omnia,
699 2519 893 2579 quaecunque
918 2502 965 2561 vir
991 2502 1182 2562 doctissimus
1209 2502 1373 2562 secundum
1397 2503 1480 2580 prin-

249 2607 327 2684 cipia
350 2607 551 2684 Oopernicana
577 2613 767 2686 exposuerat,
796 2609 848 2670 sed
875 2609 1035 2687 quaesivit,
1063 2627 1174 2685 ,annon
1197 2609 1278 2670 Deus
1305 2609 1364 2669 alio
1392 2611 1480 2670 modo

249 2713 333 2772 nobis
360 2714 460 2790 ignoto
489 2715 586 2775 sidera
612 2720 701 2794 atque
728 2717 812 2776 orbes
840 2717 882 2776 ita
908 2717 1064 2795 disponere
1091 2722 1121 2777 et
1148 2734 1265 2777 movere
1288 2715 1428 2777 scivisset
1451 2724 1480 2778 et

248 2820 407 2898 potuisset,
430 2826 464 2880 ut
487 2822 602 2898 eadem,
626 2841 701 2900 quae
723 2842 804 2884 nnnc
826 2824 976 2900 videmus,
999 2825 1031 2884 in
1053 2824 1144 2885 coelis
1166 2825 1370 2902 phaenomena
1388 2843 1479 2902 appa-

248 2933 360 3007 rerent3
389 2929 420 2988 id
448 2930 474 2990 si
502 2929 554 2989 ille
580 2936 713 3007 negaret,
742 2932 925 3010 probandum
952 2932 981 2992 ei
1009 2949 1075 2992 esse
1103 2932 1134 2991 id
1161 2932 1283 3009 cogitari
1306 2950 1367 2992 non
1390 2950 1479 3010 posse

249 3037 314 3097 sine
340 3037 485 3115 implicita
512 3038 754 3115 contradictione,
782 3040 921 3118 quoniam
944 3039 1027 3100 Deus
1054 3058 1107 3118 pro
1130 3040 1247 3099 infinita
1269 3057 1323 3100 sua
1345 3041 1478 3118 potentia

248 3151 349 3223 posset
380 3145 527 3224 quidquid
557 3165 617 3206 non
648 3147 815 3225 implicaret
845 3147 1118 3226 contradictionem
1151 3165 1220 3225 ergo
1251 3165 1312 3207 non
1343 3147 1381 3206 ad
1408 3166 1478 3208 eum

248 3253 381 3329 modum,
414 3271 503 3331 quem
536 3254 733 3331 excogitasset
761 3254 956 3332 CopernicuS,
988 3273 1042 3316 nos
1074 3260 1186 3316 arctare
1212 3255 1318 3315 debere
1344 3255 1477 3314 divinam

249 3360 410 3437 potentiam
436 3365 525 3439 atque
548 3362 722 3423 scientiam‘.
769 3361 846 3422 Turn
869 3363 1052 3440 stupefactus
1076 3362 1227 3424 Galilaeus
1249 3363 1320 3422 hnic
1341 3362 1477 3422 indoctae

248 3468 431 3544 ignorantiae
462 3468 525 3529 sive
552 3469 717 3546 dogmatico
745 3470 944 3548 scepticismo,
977 3489 1036 3549 quo
1064 3471 1209 3549 quidquid
1236 3489 1274 3530 ex
1301 3470 1477 3530 certissimis

248 3574 459 3651 phoenomenis
499 3577 665 3638 certissima
700 3578 813 3638 ratione
849 3577 1035 3638 concluditur
1071 3577 1157 3637 illudi
1193 3577 1334 3638 facillime
1370 3583 1477 3655 potest,

248 3682 374 3742 cessisse
401 3683 526 3744 videtur.
571 3683 648 3744 Nam
676 3683 802 3762 Oregius
829 3685 930 3746 relatis
952 3685 1069 3746 llaffaei
1092 3685 1244 3746 Barberini
1271 3685 1369 3746 verbis
1395 3685 1477 3744 addit

248 3791 334 3851 haec:
359 3789 485 3866 ,Quibus
508 3792 618 3852 auditis
641 3793 755 3870 quierit
776 3794 823 3853 vir
844 3793 897 3854 ille
915 3793 1117 3873 doctissimus;
1141 3813 1179 3854 ex
1198 3811 1256 3872 quo
1275 3798 1305 3852 et
1322 3792 1477 3869 ingenimn

248 3902 278 3958 et
299 3916 415 3958 morum
437 3899 557 3960 laudem
578 3900 719 3962 retulit‘.⁸

354 4005 492 4067 Urbanus
516 4025 548 4068 se
570 4007 744 4069 Pontificem
767 4013 974 4086 argumentum
997 4008 1074 4069 illud
1097 4009 1193 4069 denuo
1216 4007 1348 4070 Galilaea
1371 4026 1475 4088 propo·

248 4113 345 4174 suisse
367 4112 433 4192 ipse
454 4119 558 4192 postea
579 4116 766 4194 memorarit;
790 4116 952 4177 verisimile
974 4121 1033 4194 est,
1055 4116 1164 4194 idjam
1183 4134 1230 4192 eo,
1253 4115 1290 4176 de
1308 4134 1366 4195 quo
1386 4134 1475 4194 supra

355 4289 381 4358 1)
400 4289 502 4344 Ibidem
521 4289 582 4345 294.
602 4289 662 4346 296.
699 4289 804 4345 Nomen
823 4290 894 4346 illius
913 4292 970 4346 erat
987 4290 1117 4345 Eitellritz
1136 4307 1188 4345 ron
1206 4289 1411 4346 Hohenaollern.

355 4377 382 4447 2)
401 4379 502 4433 Ibidem
520 4379 562 4434 lX
583 4381 641 4436 176.

355 4468 382 4536 3)
401 4467 487 4536 Beati,
507 4467 652 4538 Copemico
670 4487 696 4538 p.
713 4471 763 4523 137
779 4485 800 4523 s.
833 4469 886 4536 Qui
903 4471 981 4524 affert
998 4470 1080 4524 verba
1098 4487 1133 4525 ex
1147 4469 1234 4540 Oregii
1254 4467 1472 4525 commentatione

261 4553 293 4606 de
311 4554 368 4608 Deo
387 4557 453 4610 uno‘
472 4556 564 4626 (1628)
584 4574 608 4626 p.
626 4558 685 4612 194.
