3188 5086
224 235 277 294 152
714 243 816 294 Pennus
835 243 950 294 Paroraia
1053 257 1056 264 ’

226 456 374 524 sectantur
396 450 525 524 Colotes,
548 454 662 528 utrique
684 454 804 513 tertium
827 469 981 529 genna-
1006 453 1071 512 Jam
1095 453 1226 512 omnibns
1241 452 1329 512 rebus
1344 449 1439 510 diffisa

227 554 363 630 optabam
392 558 441 616 vel
469 557 500 616 iu
527 574 584 616 uno
613 559 747 632 quopiam
773 558 980 616 Monasteriolo
1007 558 1138 630 latitare,
1166 556 1242 630 quod
1264 572 1335 616 vere
1356 561 1437 614 trau·

225 659 345 732 quillum
368 665 454 720 esset
498 654 724 737 Invita'dioam,
746 661 822 736 qnod
844 662 954 720 utinam
976 677 1034 720 non
1058 667 1135 720 esset
1158 661 1349 734 verissimum,
1373 659 1437 718 nnl-

228 763 287 822 lam
311 763 404 822 adhuc
426 765 538 840 inueni,
569 765 646 838 quod
667 781 725 824 non
748 765 892 824 intestinis
915 765 988 824 odiis
1009 781 1045 824 ao
1062 765 1168 839 jurgiis
1190 768 1269 823 esset
1290 762 1436 822 iniectum.

227 898 268 908 ·-
298 867 425 928 Tandem
455 868 527 927 illud
556 869 586 926 in
616 869 690 928 votis
711 885 785 950 esse
817 870 925 944 coepit,
955 873 987 928 nt
1016 867 1119 928 saltem
1147 869 1178 926 in
1204 869 1289 927 unius
1315 867 1437 926 hominis

225 977 344 1044 pectore
379 971 498 1030 dmetur
530 972 619 1031 locus.
667 973 711 1033 Ne
745 973 776 1032 id
808 973 924 1046 quidem
958 972 1091 1048 contigit,
1124 971 1202 1032 idem
1228 973 1313 1032 bomo
1339 987 1436 1030 secum

226 1079 351 1149 pugnat:
388 1074 472 1134 Ratio
503 1074 694 1149 belligeratur
725 1093 789 1136 cum
822 1075 973 1135 affectibus
1006 1081 1038 1135 et
1069 1077 1187 1150 insuper
1220 1074 1339 1134 affectus
1365 1091 1437 1152 ,oum

228 1177 336 1238 effectu
358 1176 556 1238 conflictatur!

314 1281 416 1356 Neque
439 1289 537 1343 mmen
557 1283 708 1356 Erasmus,
731 1301 816 1358 quum
834 1285 907 1344 haec
926 1283 1079 1358 scriberet,
1102 1283 1253 1344 dubitabat
1267 1283 1305 1342 de
1319 1283 1438 1342 viobice

229 1388 346 1446 interna
368 1383 541 1448 christianae
564 1389 697 1448 veritatis
718 1390 759 1462 vi,
788 1389 870 1462 quasi
893 1388 930 1448 ad
953 1405 1054 1448 earnm
1073 1389 1247 1449 sententiam
1271 1385 1440 1462 confugien-

227 1489 295 1550 dum
324 1496 413 1565 esset,
442 1492 491 1565 qni
519 1509 584 1550 cum
610 1493 706 1551 omnia
732 1493 896 1552 mortalium
923 1494 1054 1567 negotia,
1083 1499 1142 1552 tum
1164 1509 1213 1551 res
1234 1493 1386 1568 religiosas
1409 1497 1440 1551 et

228 1595 440 1656 ecclesiasticas
469 1612 527 1654 nou
558 1597 638 1655 salva
666 1597 781 1656 illorum
810 1597 961 1672 libertate,
991 1597 1043 1656 aed
1076 1597 1138 1656 sola
1166 1597 1286 1656 salutari
1315 1596 1439 1668 quadam

227 1699 391 1773 principum
412 1699 652 1773 sacerdotumque
674 1701 826 1774 tyrannide
849 1702 913 1775 regi
935 1707 1022 1774 atque
1045 1700 1241 1760 administrari
1259 1716 1344 1774 posse
1363 1700 1440 1758 arbi·

228 1807 383 1862 amentur.
435 1803 526 1862 Immo
554 1803 649 1876 potins
678 1809 739 1862 toto
768 1804 866 1862 libello
897 1805 948 1863 illo
979 1806 1021 1864 nil
1051 1805 1130 1864 uliud
1161 1809 1289 1878 spectat,
1320 1805 1376 1862 nisi
1408 1807 1441 1861 nt

228 1907 358 1966 homines
380 1905 473 1966 libero
496 1908 590 1966 animo
613 1906 738 1979 divinam
762 1909 886 1982 gratiam
909 1915 1080 1984 sequantur,
1110 1926 1184 1984 quae
1207 1907 1245 1968 ad
1266 1925 1367 1982 paoem
1390 1923 1441 1965 eos

227 2011 386 2071 vocaverit.
423 2011 487 2070 Hoc
501 2011 597 2070 animo
611 2012 782 2072 obsecratur
797 2013 935 2072 Erasmus
958 2029 1056 2073 omnes
1075 2013 1210 2087 Europae
1233 2013 1365 2088 populos,
1389 2029 1441 2086 ,ue

229 2116 421 2191 sanguinariis
442 2117 592 2176 discordiis
615 2117 673 2176 suis
694 2116 856 2176 ancarnm
878 2123 1000 2190 pascant
1019 2118 1132 2192 oculos,
1151 2118 1176 2177 si
1196 2117 1314 2191 cupiant
1332 2116 1442 2174 Turoas

230 2219 267 2278 ad
289 2218 397 2278 Obristi
424 2221 594 2295 religionem
620 2219 779 2295 adducere,
806 2221 886 2295 prins
908 2222 964 2295 ipsi
986 2223 1046 2281 sint
1069 2217 1265 2280 Christiani.‘¹
1310 2219 1443 2293 Denique

229 2325 321 2398 ipsam
350 2323 458 2384 Pacem
490 2325 602 2384 inducit
633 2327 827 2399 appellantem
861 2342 961 2386 omnes
988 2324 1215 2385 Christianorum
1235 2324 1377 2398 ordines,
1410 2328 1445 2382 ut

231 2428 290 2486 suis
324 2429 445 2501 quisque
483 2428 670 2488 sanctissimis
706 2428 808 2488 officiis
844 2428 1031 2490 satisfaciant
1099 2429 1145 2488 Sic
1178 2431 1324 2504 perveniri
1353 2443 1440 2503 posse

231 2530 317 2590 docet
341 2531 378 2590 ad
400 2547 511 2590 mmma
535 2531 586 2590 illa
608 2531 698 2606 bonu,
726 2550 845 2606 quorum
867 2533 1044 2593 desiderium
1066 2535 1194 2594 excitare
1217 2535 1248 2592 in
1271 2533 1441 2608 aequalibus

231 2634 396 2710 studuerat,
436 2634 474 2694 ad
509 2651 612 2709 paoem
652 2637 754 2710 animi,
796 2637 833 2696 ad
865 2644 946 2697 recte
987 2638 1160 2698 excolendas
1193 2639 1284 2698 bonas
1316 2637 1444 2710 littems,

128 2735 131 2740 '
232 2738 456 2814 philosophiam,
482 2739 672 2814 theologiam,
694 2740 732 2800 ad
754 2739 940 2814 familiarum,
963 2744 1124 2819 civitatum,
1146 2743 1289 2802 ecclesiae
1310 2741 1447 2816 salutem,

233 2843 270 2902 ad
288 2844 432 2916 evangelii
455 2843 605 2903 victoriam
627 2843 743 2903 tandem
767 2863 821 2920 per
842 2848 1008 2906 universum
1030 2847 1130 2908 orbem
1152 2865 1188 2909 ex
1210 2847 1320 2907 cunctis
1343 2845 1447 2905 adver·

232 2947 317 3007 seriis
339 2947 580 3022 consequendam.
624 2949 725 3023 Neque
747 2956 848 3024 postea
870 2952 1007 3011 encomia
1029 2952 1107 3010 vitae
1129 2952 1231 3012 diebus
1247 2951 1384 3010 Erasmus
1406 2947 1446 3008 do

232 3052 363 3112 omnibus
387 3053 444 3112 illis
466 3053 549 3112 bonis
571 3053 751 3130 desperavit,
781 3057 910 3130 quamvis
931 3055 1008 3116 diras
1030 3057 1153 3129 proximi
1175 3058 1240 3116 aevi
1263 3056 1447 3114 calamitates

233 3157 394 3217 certisdme
427 3157 612 3231 praevideret
638 3164 669 3218 et
699 3159 944 3234 praeclarissimas
974 3161 1079 3220 multas
1104 3162 1267 3236 iuventutis
1298 3175 1368 3219 suae
1396 3174 1450 3216 ex-

233 3263 427 3334 spectationes
447 3258 601 3322 frnstratas
624 3263 799 3338 deploraret
849 3264 930 3336 Quae
955 3267 1186 3339 exspectationes
1206 3265 1307 3338 qualos
1328 3263 1449 3337 fuerint,

234 3365 405 3438 quibusnam
431 3367 547 3426 auxiliis
576 3366 668 3428 fretus
699 3384 764 3428 sese
794 3369 959 3442 ingentibus
988 3369 1047 3427 suis
1069 3370 1215 3428 laboribus
1237 3369 1275 3428 ad
1298 3366 1451 3428 aderanda

234 3469 356 3527 meliora
383 3457 528 3544 tempora
545 3477 663 3530 eunome
691 3477 794 3545 gentes
825 3473 963 3548 amavere
990 3490 1075 3549 posse
1102 3473 1276 3548 speraverit,
1307 3477 1449 3546 sequente

235 3575 477 3635 commentatione
500 3575 768 3636 demonstrabimus.

812 3802 862 3862 VI.

323 3941 363 3999 Iis
385 3925 530 4015 omn'ibus,
553 3957 628 4014 quae
650 3942 796 4016 bucusque
812 3943 891 4001 diota
913 3947 993 4016 sunt,
1016 3944 1088 4001 satis
1111 3947 1248 4016 apparet,
1270 3941 1363 4014 qualis
1386 3940 1449 3998 iue-

234 4045 276 4103 rit
307 4062 397 4119 purus
426 4045 477 4104 ille
507 4049 538 4104 et
564 4045 721 4119 spiritualis
741 4045 991 4119 christianismus,
1021 4064 1108 4120 quem
1130 4046 1268 4104 Erasmus
1295 4049 1450 4117 corruptae

235 4164 341 4223 magna
364 4165 398 4207 ex
428 4155 513 4224 parte
543 4150 632 4209 medii
663 4151 742 4226 aevi,
772 4151 849 4224 quod
875 4167 952 4210 nuno
982 4151 1101 4224 dicitur,
1137 4149 1279 4209 ecclesiae
1304 4148 1450 4222 opposuit,

235 4269 321 4327 quem
343 4255 526 4327 juventutem
555 4253 667 4330 doceri,
696 4271 714 4316 a
739 4269 821 4315 sacro
849 4261 987 4330 suggestu
1016 4254 1198 4334 praedicari,
1224 4253 1350 4314 amrium
1378 4247 1453 4312 fide-

324 4545 350 4616 l)
369 4545 435 4617 opp.
454 4544 491 4600 1v
512 4543 592 4600 etos.
