3144 5092
654 293 741 374 Curur
760 293 792 346 V.
1301 295 1335 348 87

90 499 191 572 parte
221 495 357 571 Certeaii,
390 487 596 572 philosophiae
622 496 833 572 reformatoria,
867 493 1068 574 praecursor.l
1127 496 1276 557 Galilaeus
1304 496 1335 556 in

90 603 247 662 omnibus
270 620 343 680 quas
362 601 494 662 diximus
512 603 600 662 rebus
618 603 745 664 eundem
762 608 852 682 atquo
869 603 1017 681 Keplerus
1040 604 1129 663 finem
1147 621 1216 664 cum
1234 603 1335 664 eodem

93 727 249 787 prospero
287 727 426 770 successu
463 714 637 787 persecutus
669 715 721 770 est
782 711 857 770 Falli
892 711 1008 770 nescios
1040 729 1091 770 eos
1123 711 1217 771 fuisse
1249 729 1335 772 nemo

94 835 241 894 unquam
272 817 430 877 contendit
476 815 572 891 Quare
604 817 639 894 ii,
671 818 723 896 qui
754 819 792 878 ad
824 818 1046 879 diminuendam
1078 837 1179 878 eorum
1211 818 1336 895 gloriam

94 923 212 984 inultis
240 924 272 983 in
295 925 382 985 rebus
405 942 520 985 errasse
543 943 594 985 ecs
617 929 796 986 monuerunt
819 926 929 986 frustra
952 931 1030 986 suut.
1078 923 1134 1000 Qui
1157 927 1224 986 avia
1246 926 1335 1004 primi

96 1031 169 1090 loca
193 1036 364 1108 peragrant,
393 1031 521 1106 ,nullius
543 1035 612 1092 aute
633 1032 703 1092 trita
726 1032 810 1107 sclo‘,
839 1051 890 1094 eos
917 1039 997 1093 recto
1019 1033 1126 1094 itinere
1148 1033 1248 1092 statim
1271 1034 1335 1094 ubi·

97 1157 164 1216 que
188 1157 249 1198 non
272 1139 419 1214 inoedere,
442 1157 529 1200 nemo
552 1139 683 1218 prudens
706 1141 867 1200 mirabitur.
915 1140 1023 1200 Vivida
1046 1140 1174 1218 quadam
1193 1141 1335 1218 imagina-

97 1246 198 1306 tionis
229 1246 378 1307 celeritate
404 1247 443 1307 iis
470 1265 546 1325 opus
573 1252 632 1324 est,
665 1265 724 1326 qua
750 1247 847 1308 varias
875 1247 939 1308 vias
968 1248 1136 1326 quaoritant
1158 1253 1188 1308 et
1210 1253 1334 1324 tentant,

98 1354 276 1432 usquedum
300 1359 411 1414 rectam
434 1355 661 1432 exploraverint.
703 1353 800 1430 Quare
822 1355 959 1432 egregius
982 1356 1103 1433 quidam
1120 1355 1238 1432 Anglus
1256 1355 1334 1434 Kep

99 1461 217 1536 lerum,
250 1461 301 1539 qui
329 1461 448 1540 saepius
472 1479 509 1526 ,se
537 1461 602 1540 ipse
629 1463 769 1537 correxit,
802 1467 903 1522 contra
929 1463 1137 1522 obtrectatores
1164 1462 1334 1538 defendens,

101 1567 193 1627 illum
222 1569 295 1628 dicit
322 1573 352 1630 et
378 1573 447 1646 apte
474 1573 503 1630 et
526 1570 641 1646 poetice
663 1569 701 1630 ad
723 1569 885 1645 ludicrum,
913 1570 962 1630 cui
985 1570 1017 1628 in
1040 1570 1243 1650 persequendo
1265 1588 1334 1630 vero

101 1676 176 1735 serii
199 1675 335 1736 homines
358 1676 512 1754 indulgere
534 1677 702 1753 videanhrr,
726 1677 874 1738 bucolicus
898 1677 1029 1738 Maronis
1052 1695 1157 1738 vorsus
1180 1677 1310 1738 trahere:

356 1813 489 1869 Maioma
509 1813 619 1869 Galatea
636 1815 714 1884 petit,
734 1813 835 1870 lasciva
853 1815 949 1885 puella,
1029 1841 1035 1870 v

356 1903 391 1958 ut
409 1903 477 1974 fugit
494 1904 529 1958 ad
548 1903 643 1958 salices
662 1905 689 1958 et
707 1920 736 1958 se
755 1905 829 1974 cupit
846 1907 907 1958 ante
927 1904 1037 1958 videri.¹

102 2033 211 2112 Neque
246 2033 334 2094 unico
366 2051 401 2094 ac
434 2033 578 2110 singulari
610 2051 786 2110 magnorum
820 2033 941 2094 illorum
974 2034 1197 2094 duumvirorum
1229 2034 1334 2094 merito

104 2143 217 2217 obstat,
245 2141 324 2219 quod
346 2141 441 2200 muita
464 2140 582 2217 egregia
605 2141 738 2218 ejusdem
761 2141 855 2201 seculi
877 2141 997 2218 ingenia
1019 2141 1097 2200 viam
1120 2141 1334 2219 quodammodo

104 2253 360 2325 praeparaverant.
406 2247 464 2308 Sed
492 2247 637 2326 quidquid
666 2247 719 2307 illa
746 2247 809 2308 veri
836 2248 1022 2324 invenerant,
1050 2247 1081 2308 id
1108 2249 1146 2308 ad
1172 2267 1282 2308 novum
1305 2253 1335 2309 et

104 2356 194 2431 longe
225 2355 377 2432 majorem,
410 2373 499 2433 quam
527 2355 587 2433 ipsi
613 2355 782 2416 inventores
809 2355 1026 2432 divinaverant,
1060 2373 1183 2434 scopum
1209 2361 1334 2434 uterque

106 2463 152 2521 vir
179 2462 300 2538 direxit,
329 2463 418 2522 sicuti
446 2480 501 2523 suo
520 2462 588 2538 jure
616 2462 726 2540 aliquis
749 2461 838 2537 dixit,
866 2463 1102 2523 accuratissimos
1125 2463 1275 2540 Tychonis
1297 2463 1334 2524 de

105 2570 216 2645 Brahe,
240 2570 344 2629 eximii
362 2569 522 2630 astronomi
541 2569 772 2644 observationes,
791 2587 907 2629 summa
925 2587 994 2630 eum
1012 2569 1166 2648 diligentia
1183 2589 1334 2631 coacerva-

107 2683 164 2752 tas,
194 2677 280 2756 quasi
306 2675 385 2736 nihii
411 2677 493 2736 aliud
521 2677 615 2736 fuisse
637 2677 697 2736 nisi
720 2695 861 2752 marmor,
889 2695 928 2737 ex
951 2695 1009 2755 quo
1031 2677 1179 2755 Keplcrus
1202 2677 1334 2738 divinam

108 2785 252 2862 quandam
283 2784 443 2860 imaginem
475 2784 650 2844 effinxisset
702 2783 797 2846 Immo
830 2785 920 2845 etiam
947 2785 1051 2844 mundi
1078 2791 1222 2862 systema,
1255 2786 1333 2863 quod

109 2891 264 2952 immortali
288 2911 376 2970 opere
405 2892 588 2969 Copernicus
616 2891 777 2952 moriturus
800 2892 927 2969 posteris
949 2892 1121 2970 reliquerat,
1149 2893 1195 2951 ilii
1218 2893 1275 2951 viri
1297 2893 1333 2952 ab

109 2999 275 3058 inveteratis
294 2998 495 3076 epicyclorum
513 2997 698 3075 aliorumque
716 2998 940 3058 artificiosorum
958 2999 1167 3074 figmentorum
1185 2999 1333 3059 erroribus

109 3106 261 3166 liberatum
289 3105 352 3166 suis
378 3105 487 3164 additis
514 3105 698 3180 argumentis
726 3104 767 3163 ita
793 3105 1032 3178 vindicaverunt,
1065 3109 1099 3163 ut
1126 3105 1185 3182 ipsi
1213 3105 1332 3164 demum

109 3219 191 3273 vetus
224 3213 300 3272 iliud
332 3211 468 3288 aenigma
495 3211 597 3288 generi
625 3211 754 3270 humano
781 3211 966 3288 propositum
995 3211 1120 3271 solvisse
1148 3211 1331 3287 viderentur3

110 3320 214 3380 etenim
242 3338 335 3398 quum
362 3320 463 3380 eadem
491 3317 657 3378 admirabili
684 3317 797 3394 ingenii
825 3317 856 3376 vi
883 3318 1009 3394 praediti
1032 3323 1148 3393 essent,
1181 3317 1332 3378 Galilaeae

111 3427 265 3504 telesoopio
292 3427 329 3486 ad
357 3425 584 3504 pervestiganda
610 3425 755 3484 immensa
782 3425 857 3484 coeli
885 3425 980 3502 spatia
1007 3425 1158 3501 utebatur,
1185 3425 1332 3502 Keplerus

112 3553 175 3594 cum
201 3534 446 3612 diligentissimae
470 3533 651 3593 inductionis
673 3537 736 3593 arte
758 3532 930 3592 incredibile
952 3533 1185 3593 ratiocinationis
1208 3539 1239 3594 et
1262 3552 1332 3612 sup

112 3641 267 3719 putationis
299 3659 423 3702 acumen
456 3639 682 3718 conJungebat.³
730 3640 796 3699 Jam
823 3639 1025 3700 Kaestnerus⁴
1058 3641 1222 3702 Galilaeum
1256 3641 1332 3701 dixit

112 3751 141 3808 in
161 3749 241 3809 coelo
263 3749 333 3827 plns
351 3767 441 3827 quam
460 3749 618 3826 quisquam
642 3753 728 3807 antea
746 3747 858 3808 vidisse
880 3753 910 3807 et
932 3748 997 3807 visa
1019 3748 1129 3826 optime
1152 3748 1331 3822 adhibuisse,

113 3857 266 3933 Keplerum
286 3857 322 3916 de
341 3855 391 3928 iis,
412 3874 487 3933 quae
505 3855 557 3914 alii
576 3855 711 3915 viderant
728 3855 832 3930 altius,
852 3873 940 3932 quarn
960 3855 1118 3933 quisquam
1137 3861 1209 3915 tunc
1227 3859 1333 3916 morta-

114 3963 193 4038 lium,
212 3964 365 4040 cogitasse.
403 3961 534 4040 Uterque
552 3962 599 4021 vir
616 3979 677 4021 non
695 3966 811 4021 tantum
829 3961 941 4039 ingenii
961 3963 1074 4022 divitiis
1092 3967 1182 4040 atque
1200 3963 1333 4023 invento-

215 4229 241 4296 1)
260 4226 298 4282 cf.
314 4224 425 4295 Natorp,
439 4181 589 4279 Desierat
600 4223 877 4278 Erkenntnisstheorie
896 4242 921 4294 p.
934 4225 993 4279 123.
1018 4225 1128 4280 Eucken
1142 4225 1159 4278 l.
1171 4242 1193 4280 c.
1208 4225 1275 4280 XIV
1290 4227 1332 4282 34.

213 4316 240 4385 2)
260 4314 406 4382 Wbovvell,
425 4315 529 4384 history
548 4315 577 4368 oi
592 4313 638 4368 the
656 4313 793 4368 inductiva
812 4313 944 4383 scienees,
963 4332 1023 4370 nov
1042 4315 1252 4370 edition1482.

212 4407 241 4474 3)
260 4405 299 4460 Cf.
319 4403 411 4474 Apelt,
431 4403 491 4458 Joh.
511 4401 632 4472 Kepler's
651 4403 860 4458 astronomiscbe
879 4403 1129 4474 Weitanscbaunng
1147 4421 1172 4474 p.
1193 4405 1217 4458 7.

212 4495 241 4564 4)
260 4493 292 4548 In
309 4493 377 4548 libro
396 4509 457 4548 suo:
482 4492 642 4547 Geschichte
666 4491 714 4546 der
731 4491 906 4548 Mathemalilr
923 4493 964 4548 IV
983 4495 1043 4548 373.
1081 4493 1120 4550 ct.
1139 4493 1259 4563 ejusdem
1278 4495 1333 4565 opi-

117 4597 236 4652 gramma:
260 4583 308 4654 ,So
326 4583 396 4638 boch
415 4598 472 4636 vvar
490 4581 560 4637 noch
578 4581 640 4636 kein
658 4580 821 4637 Storbhcher
838 4583 986 4656 gestiegen,
1005 4583 1054 4638 Ais
1073 4583 1173 4652 Kepier
1190 4584 1275 4656 stieg.‘
