<?xml version="1.0" encoding="UTF-8"?>
<!DOCTYPE html PUBLIC "-//W3C//DTD XHTML 1.0 Transitional//EN"
    "http://www.w3.org/TR/xhtml1/DTD/xhtml1-transitional.dtd">
<html xmlns="http://www.w3.org/1999/xhtml" xml:lang="en" lang="en">
 <head>
  <title>
</title>
<meta http-equiv="Content-Type" content="text/html;charset=utf-8" />
  <meta name='ocr-system' content='tesseract 3.04.00' />
  <meta name='ocr-capabilities' content='ocr_page ocr_carea ocr_par ocr_line ocrx_word'/>
</head>
<body>
  <div class='ocr_page' id='page_1' title='image "./erasmusredivivu00schlgoog_0184.png"; bbox 0 0 3156 5056; ppageno 0'>
   <div class='ocr_carea' id='block_1_1' title="bbox 666 300 1353 352">
    <p class='ocr_par' dir='ltr' id='par_1_1' title="bbox 666 300 1353 352">
     <span class='ocr_line' id='line_1_1' title="bbox 666 300 1353 352; baseline 0.006 -4"><span class='ocrx_word' id='word_1_1' title='bbox 666 300 758 350; x_wconf 52' lang='lat' dir='ltr'><strong>(benur</strong></span> <span class='ocrx_word' id='word_1_2' title='bbox 780 300 825 349; x_wconf 83' lang='lat' dir='ltr'><strong>vl.</strong></span> <span class='ocrx_word' id='word_1_3' title='bbox 1305 301 1353 352; x_wconf 81' lang='grc'><strong>167</strong></span> 
     </span>
    </p>
   </div>
   <div class='ocr_carea' id='block_1_2' title="bbox 154 390 1360 398">
    <p class='ocr_par' dir='ltr' id='par_1_2' title="bbox 154 390 1360 398">
     <span class='ocr_line' id='line_1_2' title="bbox 154 390 1360 398; baseline 0.002 -2"><span class='ocrx_word' id='word_1_4' title='bbox 154 390 778 398; x_wconf 39' lang='lat' dir='ltr'><strong>*mm-Q*</strong></span> <span class='ocrx_word' id='word_1_5' title='bbox 790 391 857 397; x_wconf 54' lang='grc' dir='ltr'><strong>...-μ.</strong></span> <span class='ocrx_word' id='word_1_6' title='bbox 901 393 911 396; x_wconf 83' lang='grc'>-</span> <span class='ocrx_word' id='word_1_7' title='bbox 940 391 1150 398; x_wconf 59' lang='lat'><em>---.-—-—-—</em></span> <span class='ocrx_word' id='word_1_8' title='bbox 1163 392 1200 397; x_wconf 86' lang='grc'>...-</span> <span class='ocrx_word' id='word_1_9' title='bbox 1219 392 1360 398; x_wconf 73' lang='lat'>————-—.</span> 
     </span>
    </p>
   </div>
   <div class='ocr_carea' id='block_1_3' title="bbox 137 530 1363 2176">
    <p class='ocr_par' dir='ltr' id='par_1_3' title="bbox 137 530 1363 2176">
     <span class='ocr_line' id='line_1_3' title="bbox 146 530 1362 614; baseline 0.002 -26"><span class='ocrx_word' id='word_1_10' title='bbox 146 530 244 606; x_wconf 92' lang='lat' dir='ltr'><strong>modo,</strong></span> <span class='ocrx_word' id='word_1_11' title='bbox 271 530 323 590; x_wconf 88' lang='lat' dir='ltr'><strong>sed</strong></span> <span class='ocrx_word' id='word_1_12' title='bbox 349 532 515 591; x_wconf 85' lang='lat' dir='ltr'><strong>universam</strong></span> <span class='ocrx_word' id='word_1_13' title='bbox 537 549 631 614; x_wconf 87' lang='lat' dir='ltr'><strong>prope</strong></span> <span class='ocrx_word' id='word_1_14' title='bbox 650 533 814 608; x_wconf 84' lang='lat' dir='ltr'><strong>Europam,</strong></span> <span class='ocrx_word' id='word_1_15' title='bbox 843 533 874 591; x_wconf 92' lang='lat' dir='ltr'><strong>in</strong></span> <span class='ocrx_word' id='word_1_16' title='bbox 897 533 1004 592; x_wconf 90' lang='lat' dir='ltr'><strong>litteris</strong></span> <span class='ocrx_word' id='word_1_17' title='bbox 1025 533 1264 606; x_wconf 81' lang='lat' dir='ltr'><strong>principatum</strong></span> <span class='ocrx_word' id='word_1_18' title='bbox 1287 533 1362 592; x_wconf 92' lang='lat' dir='ltr'><strong>obti-</strong></span> 
     </span>
     <span class='ocr_line' id='line_1_4' title="bbox 146 635 1360 712; baseline 0.002 -19"><span class='ocrx_word' id='word_1_19' title='bbox 146 642 227 710; x_wconf 86' lang='lat' dir='ltr'><strong>neat,</strong></span> <span class='ocrx_word' id='word_1_20' title='bbox 260 637 412 710; x_wconf 83' lang='lat' dir='ltr'>complecti</span> <span class='ocrx_word' id='word_1_21' title='bbox 437 653 471 694; x_wconf 90' lang='lat' dir='ltr'><strong>ac</strong></span> <span class='ocrx_word' id='word_1_22' title='bbox 493 636 603 696; x_wconf 88' lang='lat' dir='ltr'><strong>fovere.</strong></span> <span class='ocrx_word' id='word_1_23' title='bbox 648 637 774 696; x_wconf 86' lang='lat' dir='ltr'><strong>Proinde</strong></span> <span class='ocrx_word' id='word_1_24' title='bbox 796 642 908 696; x_wconf 87' lang='lat' dir='ltr'><strong>tautum</strong></span> <span class='ocrx_word' id='word_1_25' title='bbox 931 636 1058 696; x_wconf 83' lang='lat' dir='ltr'><strong>defuisse</strong></span> <span class='ocrx_word' id='word_1_26' title='bbox 1082 635 1216 696; x_wconf 78' lang='lat' dir='ltr'><strong>fortunae</strong></span> <span class='ocrx_word' id='word_1_27' title='bbox 1234 643 1360 712; x_wconf 89' lang='lat' dir='ltr'><strong>nostrae,</strong></span> 
     </span>
     <span class='ocr_line' id='line_1_5' title="bbox 137 723 1360 816; baseline 0.002 -19"><span class='ocrx_word' id='word_1_28' title='bbox 137 723 169 797; x_wconf 85' lang='lat' dir='ltr'><strong>¹si</strong></span> <span class='ocrx_word' id='word_1_29' title='bbox 191 747 220 799; x_wconf 92' lang='lat' dir='ltr'><strong>te</strong></span> <span class='ocrx_word' id='word_1_30' title='bbox 243 757 301 799; x_wconf 90' lang='lat' dir='ltr'><strong>non</strong></span> <span class='ocrx_word' id='word_1_31' title='bbox 322 741 383 800; x_wconf 86' lang='lat' dir='ltr'><strong>viso</strong></span> <span class='ocrx_word' id='word_1_32' title='bbox 406 743 443 800; x_wconf 91' lang='lat' dir='ltr'><strong>ab</strong></span> <span class='ocrx_word' id='word_1_33' title='bbox 466 741 520 800; x_wconf 91' lang='lat' dir='ltr'><strong>bac</strong></span> <span class='ocrx_word' id='word_1_34' title='bbox 541 743 602 799; x_wconf 87' lang='lat' dir='ltr'><strong>vita</strong></span> <span class='ocrx_word' id='word_1_35' title='bbox 616 743 742 816; x_wconf 87' lang='lat' dir='ltr'><strong>migrare</strong></span> <span class='ocrx_word' id='word_1_36' title='bbox 759 743 956 816; x_wconf 89' lang='lat' dir='ltr'><strong>contingeret,</strong></span> <span class='ocrx_word' id='word_1_37' title='bbox 979 742 1197 814; x_wconf 81' lang='lat' dir='ltr'><strong>arbitraremur,</strong></span> <span class='ocrx_word' id='word_1_38' title='bbox 1221 748 1360 814; x_wconf 87' lang='lat' dir='ltr'><strong>quantum</strong></span> 
     </span>
     <span class='ocr_line' id='line_1_6' title="bbox 146 844 1360 920; baseline 0.002 -18"><span class='ocrx_word' id='word_1_39' title='bbox 146 845 227 903; x_wconf 88' lang='lat' dir='ltr'><strong>uobis</strong></span> <span class='ocrx_word' id='word_1_40' title='bbox 249 844 398 905; x_wconf 80' lang='lat' dir='ltr'><strong>felicitatis</strong></span> <span class='ocrx_word' id='word_1_41' title='bbox 418 845 623 920; x_wconf 76' lang='lat' dir='ltr'><strong>adscribimuS,</strong></span> <span class='ocrx_word' id='word_1_42' title='bbox 646 845 723 919; x_wconf 90' lang='lat' dir='ltr'><strong>quod</strong></span> <span class='ocrx_word' id='word_1_43' title='bbox 746 863 781 904; x_wconf 89' lang='lat' dir='ltr'><strong>oo</strong></span> <span class='ocrx_word' id='word_1_44' title='bbox 804 852 934 920; x_wconf 90' lang='lat' dir='ltr'><strong>tempore</strong></span> <span class='ocrx_word' id='word_1_45' title='bbox 951 847 1012 904; x_wconf 88' lang='lat' dir='ltr'><strong>nati</strong></span> <span class='ocrx_word' id='word_1_46' title='bbox 1034 863 1147 915; x_wconf 88' lang='lat' dir='ltr'><strong>sumus,</strong></span> <span class='ocrx_word' id='word_1_47' title='bbox 1170 861 1226 918; x_wconf 89' lang='lat' dir='ltr'><strong>quo</strong></span> <span class='ocrx_word' id='word_1_48' title='bbox 1248 852 1281 904; x_wconf 91' lang='lat' dir='ltr'><strong>tu</strong></span> <span class='ocrx_word' id='word_1_49' title='bbox 1296 852 1360 905; x_wconf 89' lang='lat' dir='ltr'><strong>tan-</strong></span> 
     </span>
     <span class='ocr_line' id='line_1_7' title="bbox 147 949 1361 1024; baseline 0.002 -17"><span class='ocrx_word' id='word_1_50' title='bbox 147 957 191 1007; x_wconf 88' lang='lat' dir='ltr'><strong>tus</strong></span> <span class='ocrx_word' id='word_1_51' title='bbox 221 950 266 1008; x_wconf 88' lang='lat' dir='ltr'><strong>vir</strong></span> <span class='ocrx_word' id='word_1_52' title='bbox 293 951 339 1008; x_wconf 89' lang='lat' dir='ltr'><strong>bis</strong></span> <span class='ocrx_word' id='word_1_53' title='bbox 369 951 490 1024; x_wconf 74' lang='lat' dir='ltr'><strong>litteriS,</strong></span> <span class='ocrx_word' id='word_1_54' title='bbox 520 950 575 1009; x_wconf 87' lang='lat' dir='ltr'><strong>hac</strong></span> <span class='ocrx_word' id='word_1_55' title='bbox 601 950 743 1009; x_wconf 89' lang='lat' dir='ltr'><strong>industria</strong></span> <span class='ocrx_word' id='word_1_56' title='bbox 772 967 952 1009; x_wconf 91' lang='lat' dir='ltr'><strong>communem</strong></span> <span class='ocrx_word' id='word_1_57' title='bbox 982 952 1107 1024; x_wconf 89' lang='lat' dir='ltr'><strong>patriam</strong></span> <span class='ocrx_word' id='word_1_58' title='bbox 1135 949 1361 1010; x_wconf 88' lang='lat' dir='ltr'><strong>Germaniama</strong></span> 
     </span>
     <span class='ocr_line' id='line_1_8' title="bbox 145 1051 1363 1129; baseline 0.002 -18"><span class='ocrx_word' id='word_1_59' title='bbox 145 1051 231 1112; x_wconf 90' lang='lat' dir='ltr'><strong>foeda</strong></span> <span class='ocrx_word' id='word_1_60' title='bbox 259 1054 413 1114; x_wconf 85' lang='lat' dir='ltr'><strong>barbariae</strong></span> <span class='ocrx_word' id='word_1_61' title='bbox 442 1055 636 1128; x_wconf 86' lang='lat' dir='ltr'><strong>appellatione</strong></span> <span class='ocrx_word' id='word_1_62' title='bbox 663 1056 808 1129; x_wconf 85' lang='lat' dir='ltr'><strong>vindicas,</strong></span> <span class='ocrx_word' id='word_1_63' title='bbox 842 1056 928 1114; x_wconf 92' lang='lat' dir='ltr'><strong>immo</strong></span> <span class='ocrx_word' id='word_1_64' title='bbox 955 1071 1014 1128; x_wconf 83' lang='lat' dir='ltr'><strong>quo</strong></span> <span class='ocrx_word' id='word_1_65' title='bbox 1041 1061 1072 1113; x_wconf 94' lang='lat' dir='ltr'><strong>tu</strong></span> <span class='ocrx_word' id='word_1_66' title='bbox 1100 1055 1227 1114; x_wconf 72' lang='lat' dir='ltr'><strong>mvinam</strong></span> <span class='ocrx_word' id='word_1_67' title='bbox 1248 1055 1363 1114; x_wconf 60' lang='lat' dir='ltr'><strong>theolo⁴</strong></span> 
     </span>
     <span class='ocr_line' id='line_1_9' title="bbox 146 1157 1361 1234; baseline 0.003 -18"><span class='ocrx_word' id='word_1_68' title='bbox 146 1160 238 1231; x_wconf 88' lang='lat' dir='ltr'><strong>giam,</strong></span> <span class='ocrx_word' id='word_1_69' title='bbox 259 1158 297 1217; x_wconf 91' lang='lat' dir='ltr'><strong>ab</strong></span> <span class='ocrx_word' id='word_1_70' title='bbox 319 1160 371 1218; x_wconf 90' lang='lat' dir='ltr'><strong>illa</strong></span> <span class='ocrx_word' id='word_1_71' title='bbox 393 1161 512 1233; x_wconf 88' lang='lat' dir='ltr'><strong>antiqua</strong></span> <span class='ocrx_word' id='word_1_72' title='bbox 535 1167 565 1218; x_wconf 90' lang='lat' dir='ltr'><strong>et</strong></span> <span class='ocrx_word' id='word_1_73' title='bbox 585 1157 725 1234; x_wconf 80' lang='lat' dir='ltr'><strong>germana</strong></span> <span class='ocrx_word' id='word_1_74' title='bbox 749 1162 779 1218; x_wconf 90' lang='lat' dir='ltr'><strong>in</strong></span> <span class='ocrx_word' id='word_1_75' title='bbox 801 1177 904 1219; x_wconf 86' lang='lat' dir='ltr'><strong>novam</strong></span> <span class='ocrx_word' id='word_1_76' title='bbox 927 1161 1071 1234; x_wconf 86' lang='lat' dir='ltr'><strong>quandam</strong></span> <span class='ocrx_word' id='word_1_77' title='bbox 1094 1165 1124 1218; x_wconf 92' lang='lat' dir='ltr'><strong>et</strong></span> <span class='ocrx_word' id='word_1_78' title='bbox 1143 1161 1286 1234; x_wconf 88' lang='lat' dir='ltr'><strong>impuram</strong></span> <span class='ocrx_word' id='word_1_79' title='bbox 1309 1162 1361 1220; x_wconf 86' lang='lat' dir='ltr'><strong>ali·</strong></span> 
     </span>
     <span class='ocr_line' id='line_1_10' title="bbox 146 1264 1361 1339; baseline 0.002 -17"><span class='ocrx_word' id='word_1_80' title='bbox 146 1270 216 1336; x_wconf 89' lang='lat' dir='ltr'><strong>quot</strong></span> <span class='ocrx_word' id='word_1_81' title='bbox 244 1267 305 1338; x_wconf 87' lang='lat' dir='ltr'><strong>jam</strong></span> <span class='ocrx_word' id='word_1_82' title='bbox 339 1265 445 1324; x_wconf 86' lang='lat' dir='ltr'><strong>seculis</strong></span> <span class='ocrx_word' id='word_1_83' title='bbox 479 1264 682 1339; x_wconf 85' lang='lat' dir='ltr'><strong>deformatam,</strong></span> <span class='ocrx_word' id='word_1_84' title='bbox 716 1283 768 1326; x_wconf 87' lang='lat' dir='ltr'><strong>suo</strong></span> <span class='ocrx_word' id='word_1_85' title='bbox 806 1266 951 1338; x_wconf 85' lang='lat' dir='ltr'><strong>splendori</strong></span> <span class='ocrx_word' id='word_1_86' title='bbox 978 1265 1075 1324; x_wconf 90' lang='lat' dir='ltr'><strong>reddis</strong></span> <span class='ocrx_word' id='word_1_87' title='bbox 1114 1280 1149 1322; x_wconf 91' lang='lat' dir='ltr'><strong>ac</strong></span> <span class='ocrx_word' id='word_1_88' title='bbox 1177 1265 1304 1337; x_wconf 88' lang='lat' dir='ltr'><strong>priscum</strong></span> <span class='ocrx_word' id='word_1_89' title='bbox 1329 1266 1361 1324; x_wconf 90' lang='lat' dir='ltr'><strong>in</strong></span> 
     </span>
     <span class='ocr_line' id='line_1_11' title="bbox 145 1363 1360 1450; baseline 0.002 -25"><span class='ocrx_word' id='word_1_90' title='bbox 145 1369 268 1427; x_wconf 91' lang='lat' dir='ltr'><strong>nitorem</strong></span> <span class='ocrx_word' id='word_1_91' title='bbox 295 1369 433 1427; x_wconf 88' lang='lat' dir='ltr'><strong>restituis.</strong></span> <span class='ocrx_word' id='word_1_92' title='bbox 455 1401 496 1410; x_wconf 94' lang='lat'><em>-</em></span> <span class='ocrx_word' id='word_1_93' title='bbox 523 1369 546 1428; x_wconf 95' lang='grc' dir='ltr'><strong>Ο</strong></span> <span class='ocrx_word' id='word_1_94' title='bbox 573 1369 689 1428; x_wconf 86' lang='lat' dir='ltr'><strong>felicem</strong></span> <span class='ocrx_word' id='word_1_95' title='bbox 715 1371 797 1429; x_wconf 92' lang='lat' dir='ltr'><strong>illum</strong></span> <span class='ocrx_word' id='word_1_96' title='bbox 824 1363 862 1450; x_wconf 87' lang='lat' dir='ltr'><strong>(si</strong></span> <span class='ocrx_word' id='word_1_97' title='bbox 892 1371 956 1442; x_wconf 88' lang='lat' dir='ltr'><strong>quis</strong></span> <span class='ocrx_word' id='word_1_98' title='bbox 978 1371 1062 1428; x_wconf 88' lang='lat' dir='ltr'><strong>nobis</strong></span> <span class='ocrx_word' id='word_1_99' title='bbox 1085 1365 1251 1450; x_wconf 87' lang='lat' dir='ltr'><strong>illucescet)</strong></span> <span class='ocrx_word' id='word_1_100' title='bbox 1274 1369 1360 1439; x_wconf 88' lang='lat' dir='ltr'><strong>diem,</strong></span> 
     </span>
     <span class='ocr_line' id='line_1_12' title="bbox 146 1472 1360 1548; baseline 0.002 -18"><span class='ocrx_word' id='word_1_101' title='bbox 146 1489 200 1544; x_wconf 92' lang='lat' dir='ltr'><strong>quo</strong></span> <span class='ocrx_word' id='word_1_102' title='bbox 224 1473 255 1531; x_wconf 91' lang='lat' dir='ltr'><strong>in</strong></span> <span class='ocrx_word' id='word_1_103' title='bbox 285 1479 365 1530; x_wconf 91' lang='lat' dir='ltr'><strong>tuam</strong></span> <span class='ocrx_word' id='word_1_104' title='bbox 394 1473 499 1532; x_wconf 88' lang='lat' dir='ltr'><strong>faciem</strong></span> <span class='ocrx_word' id='word_1_105' title='bbox 527 1474 578 1532; x_wconf 92' lang='lat' dir='ltr'><strong>bos</strong></span> <span class='ocrx_word' id='word_1_106' title='bbox 609 1476 706 1534; x_wconf 87' lang='lat' dir='ltr'><strong>oculos</strong></span> <span class='ocrx_word' id='word_1_107' title='bbox 728 1472 893 1548; x_wconf 89' lang='lat' dir='ltr'><strong>defigimus,</strong></span> <span class='ocrx_word' id='word_1_108' title='bbox 921 1473 1036 1547; x_wconf 88' lang='lat' dir='ltr'><strong>quoad</strong></span> <span class='ocrx_word' id='word_1_109' title='bbox 1059 1475 1257 1532; x_wconf 87' lang='lat' dir='ltr'><strong>suavissimum</strong></span> <span class='ocrx_word' id='word_1_110' title='bbox 1280 1479 1360 1532; x_wconf 90' lang='lat' dir='ltr'><strong>tuum</strong></span> 
     </span>
     <span class='ocr_line' id='line_1_13' title="bbox 145 1577 1358 1653; baseline 0 -17"><span class='ocrx_word' id='word_1_111' title='bbox 145 1577 289 1650; x_wconf 87' lang='lat' dir='ltr'><strong>eloquium</strong></span> <span class='ocrx_word' id='word_1_112' title='bbox 317 1578 370 1636; x_wconf 88' lang='lat' dir='ltr'><strong>has</strong></span> <span class='ocrx_word' id='word_1_113' title='bbox 400 1595 486 1638; x_wconf 89' lang='lat' dir='ltr'><strong>aures</strong></span> <span class='ocrx_word' id='word_1_114' title='bbox 514 1580 682 1653; x_wconf 70' lang='lat' dir='ltr'><strong>arripimus,</strong></span> <span class='ocrx_word' id='word_1_115' title='bbox 711 1596 766 1652; x_wconf 89' lang='lat' dir='ltr'><strong>quo</strong></span> <span class='ocrx_word' id='word_1_116' title='bbox 795 1580 847 1637; x_wconf 90' lang='lat' dir='ltr'><strong>abs</strong></span> <span class='ocrx_word' id='word_1_117' title='bbox 867 1584 916 1636; x_wconf 91' lang='lat' dir='ltr'><strong>tuo</strong></span> <span class='ocrx_word' id='word_1_118' title='bbox 937 1579 1053 1652; x_wconf 88' lang='lat' dir='ltr'><strong>penitus</strong></span> <span class='ocrx_word' id='word_1_119' title='bbox 1075 1595 1126 1638; x_wconf 91' lang='lat' dir='ltr'><strong>ore</strong></span> <span class='ocrx_word' id='word_1_120' title='bbox 1148 1577 1358 1652; x_wconf 85' lang='lat' dir='ltr'><strong>pendebimus.‘</strong></span> 
     </span>
     <span class='ocr_line' id='line_1_14' title="bbox 147 1681 1359 1760; baseline 0.002 -20"><span class='ocrx_word' id='word_1_121' title='bbox 147 1681 284 1756; x_wconf 77' lang='lat' dir='ltr'><strong>Congruit</strong></span> <span class='ocrx_word' id='word_1_122' title='bbox 309 1701 373 1742; x_wconf 88' lang='lat' dir='ltr'><strong>cnm</strong></span> <span class='ocrx_word' id='word_1_123' title='bbox 398 1684 443 1742; x_wconf 92' lang='lat' dir='ltr'><strong>his</strong></span> <span class='ocrx_word' id='word_1_124' title='bbox 473 1685 574 1744; x_wconf 93' lang='lat' dir='ltr'><strong>summi</strong></span> <span class='ocrx_word' id='word_1_125' title='bbox 598 1685 750 1760; x_wconf 81' lang='lat' dir='ltr'><strong>philologi,</strong></span> <span class='ocrx_word' id='word_1_126' title='bbox 779 1685 922 1744; x_wconf 88' lang='lat' dir='ltr'><strong>Joachimi</strong></span> <span class='ocrx_word' id='word_1_127' title='bbox 947 1683 1124 1758; x_wconf 72' lang='lat' dir='ltr'><strong>flammari,</strong></span> <span class='ocrx_word' id='word_1_128' title='bbox 1155 1684 1359 1758; x_wconf 88' lang='lat' dir='ltr'><strong>testimonium,</strong></span> 
     </span>
     <span class='ocr_line' id='line_1_15' title="bbox 146 1787 1360 1862; baseline 0.001 -17"><span class='ocrx_word' id='word_1_129' title='bbox 146 1788 195 1860; x_wconf 90' lang='lat' dir='ltr'><strong>qui</strong></span> <span class='ocrx_word' id='word_1_130' title='bbox 228 1791 258 1846; x_wconf 87' lang='lat' dir='ltr'><strong>et</strong></span> <span class='ocrx_word' id='word_1_131' title='bbox 291 1787 354 1860; x_wconf 90' lang='lat' dir='ltr'><strong>ipse</strong></span> <span class='ocrx_word' id='word_1_132' title='bbox 385 1788 554 1848; x_wconf 88' lang='lat' dir='ltr'><strong>adolescens</strong></span> <span class='ocrx_word' id='word_1_133' title='bbox 583 1789 726 1862; x_wconf 89' lang='lat' dir='ltr'><strong>qnondam</strong></span> <span class='ocrx_word' id='word_1_134' title='bbox 754 1789 906 1847; x_wconf 88' lang='lat' dir='ltr'><strong>Erasmum</strong></span> <span class='ocrx_word' id='word_1_135' title='bbox 933 1789 1055 1847; x_wconf 88' lang='lat' dir='ltr'><strong>adierat.</strong></span> <span class='ocrx_word' id='word_1_136' title='bbox 1108 1788 1136 1846; x_wconf 86' lang='lat' dir='ltr'><strong>Is</strong></span> <span class='ocrx_word' id='word_1_137' title='bbox 1170 1789 1261 1846; x_wconf 91' lang='lat' dir='ltr'><strong>multo</strong></span> <span class='ocrx_word' id='word_1_138' title='bbox 1293 1793 1360 1861; x_wconf 94' lang='lat' dir='ltr'><strong>post</strong></span> 
     </span>
     <span class='ocr_line' id='line_1_16' title="bbox 146 1891 1359 1967; baseline 0.002 -19"><span class='ocrx_word' id='word_1_139' title='bbox 146 1891 251 1950; x_wconf 89' lang='lat' dir='ltr'><strong>mortui</strong></span> <span class='ocrx_word' id='word_1_140' title='bbox 274 1892 374 1966; x_wconf 90' lang='lat' dir='ltr'><strong>amici,</strong></span> <span class='ocrx_word' id='word_1_141' title='bbox 395 1891 509 1952; x_wconf 88' lang='lat' dir='ltr'><strong>Eobani</strong></span> <span class='ocrx_word' id='word_1_142' title='bbox 532 1893 618 1952; x_wconf 91' lang='lat' dir='ltr'><strong>Hessi</strong></span> <span class='ocrx_word' id='word_1_143' title='bbox 640 1895 730 1952; x_wconf 87' lang='lat' dir='ltr'><strong>vitam</strong></span> <span class='ocrx_word' id='word_1_144' title='bbox 750 1893 934 1967; x_wconf 88' lang='lat' dir='ltr'><strong>describens,</strong></span> <span class='ocrx_word' id='word_1_145' title='bbox 968 1893 1018 1950; x_wconf 91' lang='lat' dir='ltr'><strong>nbi</strong></span> <span class='ocrx_word' id='word_1_146' title='bbox 1039 1892 1076 1950; x_wconf 91' lang='lat' dir='ltr'><strong>de</strong></span> <span class='ocrx_word' id='word_1_147' title='bbox 1098 1891 1274 1951; x_wconf 78' lang='lat' dir='ltr'><strong>Louaniensi</strong></span> <span class='ocrx_word' id='word_1_148' title='bbox 1297 1895 1359 1966; x_wconf 88' lang='lat' dir='ltr'><strong>ejus</strong></span> 
     </span>
     <span class='ocr_line' id='line_1_17' title="bbox 145 1996 1359 2072; baseline 0.001 -19"><span class='ocrx_word' id='word_1_149' title='bbox 145 1996 251 2056; x_wconf 87' lang='lat' dir='ltr'><strong>itinere</strong></span> <span class='ocrx_word' id='word_1_150' title='bbox 271 1999 448 2057; x_wconf 87' lang='lat' dir='ltr'><strong>mentionem</strong></span> <span class='ocrx_word' id='word_1_151' title='bbox 468 1996 571 2057; x_wconf 88' lang='lat' dir='ltr'><strong>infert:</strong></span> <span class='ocrx_word' id='word_1_152' title='bbox 596 1997 811 2072; x_wconf 67' lang='lat' dir='ltr'><strong>,Credebatun‘</strong></span> <span class='ocrx_word' id='word_1_153' title='bbox 833 1999 939 2071; x_wconf 91' lang='lat' dir='ltr'><strong>inquit,</strong></span> <span class='ocrx_word' id='word_1_154' title='bbox 958 1997 1119 2072; x_wconf 87' lang='lat' dir='ltr'><strong>,Erasmua,</strong></span> <span class='ocrx_word' id='word_1_155' title='bbox 1141 2001 1174 2054; x_wconf 93' lang='lat' dir='ltr'><strong>ut</strong></span> <span class='ocrx_word' id='word_1_156' title='bbox 1196 2001 1269 2069; x_wconf 90' lang='lat' dir='ltr'><strong>erat,</strong></span> <span class='ocrx_word' id='word_1_157' title='bbox 1288 1997 1359 2069; x_wconf 89' lang='lat' dir='ltr'><strong>poli·</strong></span> 
     </span>
     <span class='ocr_line' id='line_1_18' title="bbox 145 2100 1358 2176; baseline 0 -18"><span class='ocrx_word' id='word_1_158' title='bbox 145 2101 226 2158; x_wconf 88' lang='lat' dir='ltr'><strong>tiorie</strong></span> <span class='ocrx_word' id='word_1_159' title='bbox 249 2100 399 2160; x_wconf 85' lang='lat' dir='ltr'><strong>doetrinae</strong></span> <span class='ocrx_word' id='word_1_160' title='bbox 422 2118 486 2160; x_wconf 89' lang='lat' dir='ltr'><strong>esse</strong></span> <span class='ocrx_word' id='word_1_161' title='bbox 508 2103 686 2176; x_wconf 89' lang='lat' dir='ltr'><strong>princeps,</strong></span> <span class='ocrx_word' id='word_1_162' title='bbox 711 2108 742 2160; x_wconf 91' lang='lat' dir='ltr'><strong>et</strong></span> <span class='ocrx_word' id='word_1_163' title='bbox 760 2103 791 2160; x_wconf 87' lang='lat' dir='ltr'><strong>in</strong></span> <span class='ocrx_word' id='word_1_164' title='bbox 814 2119 871 2160; x_wconf 92' lang='lat' dir='ltr'><strong>uuo</strong></span> <span class='ocrx_word' id='word_1_165' title='bbox 893 2118 993 2160; x_wconf 90' lang='lat' dir='ltr'><strong>omnes</strong></span> <span class='ocrx_word' id='word_1_166' title='bbox 1008 2107 1109 2160; x_wconf 89' lang='lat' dir='ltr'><strong>contra</strong></span> <span class='ocrx_word' id='word_1_167' title='bbox 1125 2100 1358 2172; x_wconf 84' lang='lat' dir='ltr'><strong>adversatiopem</strong></span> 
     </span>
    </p>
   </div>
   <div class='ocr_carea' id='block_1_4' title="bbox 36 2204 984 2280">
    <p class='ocr_par' dir='ltr' id='par_1_4' title="bbox 36 2204 984 2280">
     <span class='ocr_line' id='line_1_19' title="bbox 36 2204 984 2280; baseline 0.002 -18"><span class='ocrx_word' id='word_1_168' title='bbox 36 2221 41 2229; x_wconf 84' lang='grc'>’</span> <span class='ocrx_word' id='word_1_169' title='bbox 143 2204 296 2266; x_wconf 89' lang='lat' dir='ltr'><strong>barbariae</strong></span> <span class='ocrx_word' id='word_1_170' title='bbox 319 2208 390 2265; x_wconf 84' lang='lat' dir='ltr'><strong>satis</strong></span> <span class='ocrx_word' id='word_1_171' title='bbox 412 2207 474 2280; x_wconf 86' lang='lat' dir='ltr'><strong>opis</strong></span> <span class='ocrx_word' id='word_1_172' title='bbox 496 2207 690 2280; x_wconf 84' lang='lat' dir='ltr'><strong>praesidiique</strong></span> <span class='ocrx_word' id='word_1_173' title='bbox 711 2223 775 2266; x_wconf 89' lang='lat' dir='ltr'><strong>esse</strong></span> <span class='ocrx_word' id='word_1_174' title='bbox 798 2205 984 2265; x_wconf 86' lang='lat' dir='ltr'><strong>statuebant‘</strong></span> 
     </span>
    </p>
   </div>
   <div class='ocr_carea' id='block_1_5' title="bbox 140 2309 1357 3324">
    <p class='ocr_par' dir='ltr' id='par_1_5' title="bbox 140 2309 1357 3324">
     <span class='ocr_line' id='line_1_20' title="bbox 229 2309 1357 2384; baseline 0 -16"><span class='ocrx_word' id='word_1_175' title='bbox 229 2310 292 2368; x_wconf 89' lang='lat' dir='ltr'><strong>Nee</strong></span> <span class='ocrx_word' id='word_1_176' title='bbox 314 2311 402 2370; x_wconf 86' lang='lat' dir='ltr'><strong>aliter</strong></span> <span class='ocrx_word' id='word_1_177' title='bbox 428 2313 521 2370; x_wconf 86' lang='lat' dir='ltr'><strong>exteri</strong></span> <span class='ocrx_word' id='word_1_178' title='bbox 542 2311 722 2384; x_wconf 87' lang='lat' dir='ltr'><strong>judicabant.</strong></span> <span class='ocrx_word' id='word_1_179' title='bbox 766 2310 811 2368; x_wconf 85' lang='lat' dir='ltr'><strong>Ex</strong></span> <span class='ocrx_word' id='word_1_180' title='bbox 838 2310 941 2384; x_wconf 89' lang='lat' dir='ltr'><strong>quibus</strong></span> <span class='ocrx_word' id='word_1_181' title='bbox 964 2309 1141 2384; x_wconf 88' lang='lat' dir='ltr'><strong>Stephanum</strong></span> <span class='ocrx_word' id='word_1_182' title='bbox 1164 2309 1357 2368; x_wconf 90' lang='lat' dir='ltr'><strong>Poneherium</strong></span> 
     </span>
     <span class='ocr_line' id='line_1_21' title="bbox 143 2413 1357 2490; baseline 0.001 -18"><span class='ocrx_word' id='word_1_183' title='bbox 143 2413 248 2487; x_wconf 90' lang='lat' dir='ltr'><strong>affero,</strong></span> <span class='ocrx_word' id='word_1_184' title='bbox 281 2415 446 2490; x_wconf 88' lang='lat' dir='ltr'><strong>episcopum</strong></span> <span class='ocrx_word' id='word_1_185' title='bbox 468 2415 664 2475; x_wconf 90' lang='lat' dir='ltr'><strong>Parisiensem</strong></span> <span class='ocrx_word' id='word_1_186' title='bbox 698 2421 729 2476; x_wconf 91' lang='lat' dir='ltr'><strong>et</strong></span> <span class='ocrx_word' id='word_1_187' title='bbox 762 2417 840 2490; x_wconf 88' lang='lat' dir='ltr'><strong>regis</strong></span> <span class='ocrx_word' id='word_1_188' title='bbox 873 2415 911 2474; x_wconf 89' lang='lat' dir='ltr'><strong>ad</strong></span> <span class='ocrx_word' id='word_1_189' title='bbox 940 2414 1098 2474; x_wconf 87' lang='lat' dir='ltr'><strong>Caesarem</strong></span> <span class='ocrx_word' id='word_1_190' title='bbox 1123 2416 1245 2490; x_wconf 89' lang='lat' dir='ltr'><strong>legatus.</strong></span> <span class='ocrx_word' id='word_1_191' title='bbox 1296 2415 1357 2487; x_wconf 69' lang='lat' dir='ltr'><strong>¹Qui</strong></span> 
     </span>
     <span class='ocr_line' id='line_1_22' title="bbox 142 2518 1357 2593; baseline 0.001 -17"><span class='ocrx_word' id='word_1_192' title='bbox 142 2524 292 2592; x_wconf 89' lang='lat' dir='ltr'><strong>postquam</strong></span> <span class='ocrx_word' id='word_1_193' title='bbox 323 2521 476 2592; x_wconf 88' lang='lat' dir='ltr'><strong>praeclara</strong></span> <span class='ocrx_word' id='word_1_194' title='bbox 498 2521 636 2579; x_wconf 90' lang='lat' dir='ltr'><strong>Italorum</strong></span> <span class='ocrx_word' id='word_1_195' title='bbox 667 2520 703 2578; x_wconf 92' lang='lat' dir='ltr'><strong>de</strong></span> <span class='ocrx_word' id='word_1_196' title='bbox 728 2520 953 2592; x_wconf 84' lang='lat' dir='ltr'><strong>elegantioribus</strong></span> <span class='ocrx_word' id='word_1_197' title='bbox 983 2519 1094 2578; x_wconf 90' lang='lat' dir='ltr'><strong>artibus</strong></span> <span class='ocrx_word' id='word_1_198' title='bbox 1115 2519 1221 2577; x_wconf 85' lang='lat' dir='ltr'><strong>merita</strong></span> <span class='ocrx_word' id='word_1_199' title='bbox 1243 2518 1357 2593; x_wconf 91' lang='lat' dir='ltr'><strong>praedi-</strong></span> 
     </span>
     <span class='ocr_line' id='line_1_23' title="bbox 143 2623 1357 2700; baseline 0.002 -20"><span class='ocrx_word' id='word_1_200' title='bbox 143 2624 231 2697; x_wconf 87' lang='lat' dir='ltr'><strong>cavit,</strong></span> <span class='ocrx_word' id='word_1_201' title='bbox 264 2623 341 2696; x_wconf 89' lang='lat' dir='ltr'><strong>,Sed</strong></span> <span class='ocrx_word' id='word_1_202' title='bbox 366 2629 465 2682; x_wconf 87' lang='lat' dir='ltr'><strong>tamen</strong></span> <span class='ocrx_word' id='word_1_203' title='bbox 492 2625 571 2682; x_wconf 91' lang='lat' dir='ltr'><strong>istud</strong></span> <span class='ocrx_word' id='word_1_204' title='bbox 600 2623 680 2700; x_wconf 89' lang='lat' dir='ltr'><strong>ego,‘</strong></span> <span class='ocrx_word' id='word_1_205' title='bbox 713 2626 822 2699; x_wconf 92' lang='lat' dir='ltr'><strong>inquit,</strong></span> <span class='ocrx_word' id='word_1_206' title='bbox 856 2625 945 2698; x_wconf 92' lang='lat' dir='ltr'><strong>,citra</strong></span> <span class='ocrx_word' id='word_1_207' title='bbox 974 2624 1112 2682; x_wconf 85' lang='lat' dir='ltr'><strong>invidiam</strong></span> <span class='ocrx_word' id='word_1_208' title='bbox 1142 2628 1172 2682; x_wconf 88' lang='lat' dir='ltr'><strong>et</strong></span> <span class='ocrx_word' id='word_1_209' title='bbox 1202 2639 1357 2697; x_wconf 90' lang='lat' dir='ltr'><strong>cumpace</strong></span> 
     </span>
     <span class='ocr_line' id='line_1_24' title="bbox 142 2726 1356 2801; baseline 0.002 -17"><span class='ocrx_word' id='word_1_210' title='bbox 142 2726 246 2786; x_wconf 87' lang='lat' dir='ltr'><strong>Italiae</strong></span> <span class='ocrx_word' id='word_1_211' title='bbox 277 2726 414 2801; x_wconf 86' lang='lat' dir='ltr'><strong>dixerim,</strong></span> <span class='ocrx_word' id='word_1_212' title='bbox 449 2729 495 2786; x_wconf 91' lang='lat' dir='ltr'><strong>cui</strong></span> <span class='ocrx_word' id='word_1_213' title='bbox 527 2727 661 2801; x_wconf 90' lang='lat' dir='ltr'><strong>equidem</strong></span> <span class='ocrx_word' id='word_1_214' title='bbox 695 2745 760 2787; x_wconf 92' lang='lat' dir='ltr'><strong>eum</strong></span> <span class='ocrx_word' id='word_1_215' title='bbox 791 2728 849 2788; x_wconf 90' lang='lat' dir='ltr'><strong>favi</strong></span> <span class='ocrx_word' id='word_1_216' title='bbox 884 2735 971 2788; x_wconf 90' lang='lat' dir='ltr'><strong>antea</strong></span> <span class='ocrx_word' id='word_1_217' title='bbox 1002 2730 1136 2801; x_wconf 92' lang='lat' dir='ltr'><strong>multum,</strong></span> <span class='ocrx_word' id='word_1_218' title='bbox 1170 2731 1230 2785; x_wconf 94' lang='lat' dir='ltr'><strong>tum</strong></span> <span class='ocrx_word' id='word_1_219' title='bbox 1258 2728 1356 2786; x_wconf 87' lang='lat' dir='ltr'><strong>tribuo</strong></span> 
     </span>
     <span class='ocr_line' id='line_1_25' title="bbox 142 2831 1357 2906; baseline 0.001 -18"><span class='ocrx_word' id='word_1_220' title='bbox 142 2846 258 2904; x_wconf 88' lang='lat' dir='ltr'><strong>semper</strong></span> <span class='ocrx_word' id='word_1_221' title='bbox 284 2832 315 2889; x_wconf 92' lang='lat' dir='ltr'><strong>in</strong></span> <span class='ocrx_word' id='word_1_222' title='bbox 344 2831 447 2890; x_wconf 88' lang='lat' dir='ltr'><strong>studiis</strong></span> <span class='ocrx_word' id='word_1_223' title='bbox 476 2833 643 2906; x_wconf 87' lang='lat' dir='ltr'><strong>plurimum:</strong></span> <span class='ocrx_word' id='word_1_224' title='bbox 682 2851 756 2892; x_wconf 90' lang='lat' dir='ltr'><strong>unus</strong></span> <span class='ocrx_word' id='word_1_225' title='bbox 782 2833 912 2906; x_wconf 87' lang='lat' dir='ltr'><strong>profecto</strong></span> <span class='ocrx_word' id='word_1_226' title='bbox 941 2831 1078 2892; x_wconf 80' lang='lat' dir='ltr'><strong>Erasmus</strong></span> <span class='ocrx_word' id='word_1_227' title='bbox 1107 2833 1293 2905; x_wconf 88' lang='lat' dir='ltr'><strong>transalpinis</strong></span> <span class='ocrx_word' id='word_1_228' title='bbox 1325 2839 1357 2890; x_wconf 89' lang='lat' dir='ltr'><strong>et</strong></span> 
     </span>
     <span class='ocr_line' id='line_1_26' title="bbox 142 2935 1356 3012; baseline 0.001 -19"><span class='ocrx_word' id='word_1_229' title='bbox 142 2935 288 3008; x_wconf 84' lang='lat' dir='ltr'><strong>cisalpinis</strong></span> <span class='ocrx_word' id='word_1_230' title='bbox 314 2937 444 2997; x_wconf 85' lang='lat' dir='ltr'><strong>omnibus</strong></span> <span class='ocrx_word' id='word_1_231' title='bbox 472 2939 598 3010; x_wconf 87' lang='lat' dir='ltr'><strong>palmam</strong></span> <span class='ocrx_word' id='word_1_232' title='bbox 629 2939 785 3012; x_wconf 89' lang='lat' dir='ltr'><strong>praeripit,</strong></span> <span class='ocrx_word' id='word_1_233' title='bbox 821 2955 894 2996; x_wconf 89' lang='lat' dir='ltr'><strong>unus</strong></span> <span class='ocrx_word' id='word_1_234' title='bbox 922 2937 1060 2996; x_wconf 86' lang='lat' dir='ltr'><strong>Erasmus</strong></span> <span class='ocrx_word' id='word_1_235' title='bbox 1089 2938 1214 2996; x_wconf 90' lang='lat' dir='ltr'><strong>omnium</strong></span> <span class='ocrx_word' id='word_1_236' title='bbox 1245 2937 1356 2995; x_wconf 89' lang='lat' dir='ltr'><strong>lamina</strong></span> 
     </span>
     <span class='ocr_line' id='line_1_27' title="bbox 141 3039 1354 3116; baseline 0 -18"><span class='ocrx_word' id='word_1_237' title='bbox 141 3041 312 3099; x_wconf 86' lang='lat' dir='ltr'><strong>eruditionis</strong></span> <span class='ocrx_word' id='word_1_238' title='bbox 345 3057 379 3100; x_wconf 89' lang='lat' dir='ltr'><strong>ee</strong></span> <span class='ocrx_word' id='word_1_239' title='bbox 413 3042 567 3102; x_wconf 89' lang='lat' dir='ltr'><strong>facundiae</strong></span> <span class='ocrx_word' id='word_1_240' title='bbox 600 3042 713 3116; x_wconf 93' lang='lat' dir='ltr'><strong>fulgore</strong></span> <span class='ocrx_word' id='word_1_241' title='bbox 743 3041 931 3116; x_wconf 68' lang='lat' dir='ltr'><strong>perstringit!</strong></span> <span class='ocrx_word' id='word_1_242' title='bbox 977 3040 1048 3100; x_wconf 84' lang='lat' dir='ltr'><strong>Cum</strong></span> <span class='ocrx_word' id='word_1_243' title='bbox 1075 3042 1130 3100; x_wconf 91' lang='lat' dir='ltr'><strong>hoe</strong></span> <span class='ocrx_word' id='word_1_244' title='bbox 1157 3057 1255 3098; x_wconf 88' lang='lat' dir='ltr'><strong>omnes</strong></span> <span class='ocrx_word' id='word_1_245' title='bbox 1291 3039 1354 3098; x_wconf 91' lang='lat' dir='ltr'><strong>fero</strong></span> 
     </span>
     <span class='ocr_line' id='line_1_28' title="bbox 141 3143 1355 3218; baseline -0.002 -16"><span class='ocrx_word' id='word_1_246' title='bbox 141 3143 255 3204; x_wconf 89' lang='lat' dir='ltr'><strong>Galliae</strong></span> <span class='ocrx_word' id='word_1_247' title='bbox 275 3146 352 3204; x_wconf 87' lang='lat' dir='ltr'><strong>viros</strong></span> <span class='ocrx_word' id='word_1_248' title='bbox 375 3147 504 3206; x_wconf 85' lang='lat' dir='ltr'><strong>eruditos</strong></span> <span class='ocrx_word' id='word_1_249' title='bbox 527 3148 707 3208; x_wconf 88' lang='lat' dir='ltr'><strong>consensisse</strong></span> <span class='ocrx_word' id='word_1_250' title='bbox 727 3146 863 3204; x_wconf 85' lang='lat' dir='ltr'><strong>Budaeus</strong></span> <span class='ocrx_word' id='word_1_251' title='bbox 886 3144 1037 3218; x_wconf 89' lang='lat' dir='ltr'><strong>significat.</strong></span> <span class='ocrx_word' id='word_1_252' title='bbox 1070 3144 1127 3202; x_wconf 85' lang='lat' dir='ltr'><strong>·Ex</strong></span> <span class='ocrx_word' id='word_1_253' title='bbox 1149 3144 1251 3216; x_wconf 90' lang='lat' dir='ltr'><strong>quibus</strong></span> <span class='ocrx_word' id='word_1_254' title='bbox 1273 3143 1355 3202; x_wconf 90' lang='lat' dir='ltr'><strong>nobi-</strong></span> 
     </span>
     <span class='ocr_line' id='line_1_29' title="bbox 140 3232 1354 3324; baseline 0 -18"><span class='ocrx_word' id='word_1_255' title='bbox 140 3249 267 3310; x_wconf 89' lang='lat' dir='ltr'><strong>lissimus</strong></span> <span class='ocrx_word' id='word_1_256' title='bbox 296 3251 411 3324; x_wconf 87' lang='lat' dir='ltr'><strong>juvenis</strong></span> <span class='ocrx_word' id='word_1_257' title='bbox 434 3232 602 3312; x_wconf 83' lang='lat' dir='ltr'><strong>Theodorus</strong></span> <span class='ocrx_word' id='word_1_258' title='bbox 628 3252 707 3312; x_wconf 85' lang='lat' dir='ltr'><strong>Beaa</strong></span> <span class='ocrx_word' id='word_1_259' title='bbox 738 3249 869 3310; x_wconf 87' lang='lat' dir='ltr'><strong>versibus</strong></span> <span class='ocrx_word' id='word_1_260' title='bbox 901 3248 1071 3323; x_wconf 88' lang='lat' dir='ltr'><strong>quibusdam</strong></span> <span class='ocrx_word' id='word_1_261' title='bbox 1103 3249 1184 3306; x_wconf 88' lang='lat' dir='ltr'><strong>illum</strong></span> <span class='ocrx_word' id='word_1_262' title='bbox 1215 3247 1354 3321; x_wconf 86' lang='lat' dir='ltr'><strong>celebrat,</strong></span> 
     </span>
    </p>
   </div>
   <div class='ocr_carea' id='block_1_6' title="bbox 336 3387 1165 3466">
    <p class='ocr_par' dir='ltr' id='par_1_6' title="bbox 336 3387 1165 3466">
     <span class='ocr_line' id='line_1_30' title="bbox 336 3387 1165 3466; baseline -0.001 -19"><span class='ocrx_word' id='word_1_263' title='bbox 336 3391 439 3464; x_wconf 89' lang='lat' dir='ltr'><strong>ingens</strong></span> <span class='ocrx_word' id='word_1_264' title='bbox 459 3393 608 3466; x_wconf 87' lang='lat' dir='ltr'><strong>ingentem</strong></span> <span class='ocrx_word' id='word_1_265' title='bbox 630 3407 715 3466; x_wconf 89' lang='lat' dir='ltr'><strong>quem</strong></span> <span class='ocrx_word' id='word_1_266' title='bbox 742 3395 881 3464; x_wconf 88' lang='lat' dir='ltr'><strong>personat</strong></span> <span class='ocrx_word' id='word_1_267' title='bbox 904 3387 981 3448; x_wconf 87' lang='lat' dir='ltr'><strong>orbis</strong></span> <span class='ocrx_word' id='word_1_268' title='bbox 1003 3387 1165 3446; x_wconf 86' lang='lat' dir='ltr'><strong>Erasmum.</strong></span> 
     </span>
    </p>
   </div>
   <div class='ocr_carea' id='block_1_7' title="bbox 139 3543 1355 4668">
    <p class='ocr_par' dir='ltr' id='par_1_7' title="bbox 139 3543 1355 4668">
     <span class='ocr_line' id='line_1_31' title="bbox 140 3543 1354 3630; baseline -0.002 -26"><span class='ocrx_word' id='word_1_269' title='bbox 140 3545 296 3618; x_wconf 87' lang='lat' dir='ltr'><strong>Longolius</strong></span> <span class='ocrx_word' id='word_1_270' title='bbox 316 3546 522 3607; x_wconf 87' lang='lat' dir='ltr'><strong>Ciceronianus</strong></span> <span class='ocrx_word' id='word_1_271' title='bbox 540 3549 665 3608; x_wconf 86' lang='lat' dir='ltr'><strong>Batavus</strong></span> <span class='ocrx_word' id='word_1_272' title='bbox 681 3550 820 3622; x_wconf 89' lang='lat' dir='ltr'><strong>queritur,</strong></span> <span class='ocrx_word' id='word_1_273' title='bbox 842 3546 917 3620; x_wconf 91' lang='lat' dir='ltr'><strong>quod</strong></span> <span class='ocrx_word' id='word_1_274' title='bbox 937 3547 1000 3621; x_wconf 88' lang='lat' dir='ltr'><strong>ipse</strong></span> <span class='ocrx_word' id='word_1_275' title='bbox 1016 3545 1188 3604; x_wconf 86' lang='lat' dir='ltr'><strong>Franciscus</strong></span> <span class='ocrx_word' id='word_1_276' title='bbox 1210 3543 1354 3630; x_wconf 15' lang='lat' dir='ltr'><strong>rex-Era-</strong></span> 
     </span>
     <span class='ocr_line' id='line_1_32' title="bbox 140 3647 1354 3728; baseline -0.002 -20"><span class='ocrx_word' id='word_1_277' title='bbox 140 3667 232 3709; x_wconf 90' lang='lat' dir='ltr'><strong>smum</strong></span> <span class='ocrx_word' id='word_1_278' title='bbox 244 3651 363 3712; x_wconf 87' lang='lat' dir='ltr'><strong>Budaeo</strong></span> <span class='ocrx_word' id='word_1_279' title='bbox 378 3653 561 3728; x_wconf 90' lang='lat' dir='ltr'><strong>praetulerit,</strong></span> <span class='ocrx_word' id='word_1_280' title='bbox 581 3651 756 3712; x_wconf 88' lang='lat' dir='ltr'><strong>Germanum</strong></span> <span class='ocrx_word' id='word_1_281' title='bbox 770 3651 863 3727; x_wconf 90' lang='lat' dir='ltr'><strong>Gallo,</strong></span> <span class='ocrx_word' id='word_1_282' title='bbox 886 3659 1018 3710; x_wconf 82' lang='lat' dir='ltr'><strong>exterum</strong></span> <span class='ocrx_word' id='word_1_283' title='bbox 1040 3651 1106 3724; x_wconf 82' lang='lat' dir='ltr'><strong>civi,</strong></span> <span class='ocrx_word' id='word_1_284' title='bbox 1128 3651 1257 3724; x_wconf 90' lang='lat' dir='ltr'><strong>ignotum</strong></span> <span class='ocrx_word' id='word_1_285' title='bbox 1272 3647 1354 3706; x_wconf 89' lang='lat' dir='ltr'><strong>fami·</strong></span> 
     </span>
     <span class='ocr_line' id='line_1_33' title="bbox 140 3753 1353 3831; baseline -0.002 -19"><span class='ocrx_word' id='word_1_286' title='bbox 140 3755 215 3816; x_wconf 90' lang='lat' dir='ltr'><strong>liari.</strong></span> <span class='ocrx_word' id='word_1_287' title='bbox 246 3757 313 3814; x_wconf 88' lang='lat' dir='ltr'><strong>Alia</strong></span> <span class='ocrx_word' id='word_1_288' title='bbox 329 3758 468 3831; x_wconf 83' lang='lat' dir='ltr'><strong>ejusmodi</strong></span> <span class='ocrx_word' id='word_1_289' title='bbox 485 3759 576 3816; x_wconf 88' lang='lat' dir='ltr'><strong>multa</strong></span> <span class='ocrx_word' id='word_1_290' title='bbox 592 3773 766 3817; x_wconf 89' lang='lat' dir='ltr'><strong>coacervare</strong></span> <span class='ocrx_word' id='word_1_291' title='bbox 785 3757 871 3816; x_wconf 89' lang='lat' dir='ltr'><strong>facile</strong></span> <span class='ocrx_word' id='word_1_292' title='bbox 892 3763 945 3816; x_wconf 89' lang='lat' dir='ltr'><strong>est.</strong></span> <span class='ocrx_word' id='word_1_293' title='bbox 977 3755 1057 3814; x_wconf 87' lang='lat' dir='ltr'><strong>Nihil</strong></span> <span class='ocrx_word' id='word_1_294' title='bbox 1079 3755 1153 3814; x_wconf 91' lang='lat' dir='ltr'><strong>addo</strong></span> <span class='ocrx_word' id='word_1_295' title='bbox 1172 3755 1227 3812; x_wconf 91' lang='lat' dir='ltr'><strong>nisi</strong></span> <span class='ocrx_word' id='word_1_296' title='bbox 1243 3753 1353 3811; x_wconf 85' lang='lat' dir='ltr'><strong>subola-</strong></span> 
     </span>
     <span class='ocr_line' id='line_1_34' title="bbox 141 3857 1354 3936; baseline -0.003 -18"><span class='ocrx_word' id='word_1_297' title='bbox 141 3862 205 3919; x_wconf 88' lang='lat' dir='ltr'><strong>stici</strong></span> <span class='ocrx_word' id='word_1_298' title='bbox 222 3861 379 3935; x_wconf 87' lang='lat' dir='ltr'><strong>cujusdam,</strong></span> <span class='ocrx_word' id='word_1_299' title='bbox 393 3863 532 3922; x_wconf 88' lang='lat' dir='ltr'><strong>bonarum</strong></span> <span class='ocrx_word' id='word_1_300' title='bbox 547 3864 712 3922; x_wconf 82' lang='lat' dir='ltr'><strong>litterarum</strong></span> <span class='ocrx_word' id='word_1_301' title='bbox 727 3861 852 3922; x_wconf 90' lang='lat' dir='ltr'><strong>studium</strong></span> <span class='ocrx_word' id='word_1_302' title='bbox 866 3877 938 3936; x_wconf 89' lang='lat' dir='ltr'><strong>prae</strong></span> <span class='ocrx_word' id='word_1_303' title='bbox 954 3877 986 3920; x_wconf 90' lang='lat' dir='ltr'><strong>se</strong></span> <span class='ocrx_word' id='word_1_304' title='bbox 1002 3859 1133 3932; x_wconf 89' lang='lat' dir='ltr'><strong>ferentis,</strong></span> <span class='ocrx_word' id='word_1_305' title='bbox 1149 3857 1354 3931; x_wconf 89' lang='lat' dir='ltr'><strong>testimonium,</strong></span> 
     </span>
     <span class='ocr_line' id='line_1_35' title="bbox 140 3962 1355 4042; baseline -0.003 -20"><span class='ocrx_word' id='word_1_306' title='bbox 140 3964 267 4023; x_wconf 89' lang='lat' dir='ltr'><strong>fucatum</strong></span> <span class='ocrx_word' id='word_1_307' title='bbox 290 3967 407 4038; x_wconf 89' lang='lat' dir='ltr'><strong>quidem</strong></span> <span class='ocrx_word' id='word_1_308' title='bbox 430 3983 465 4026; x_wconf 91' lang='lat' dir='ltr'><strong>ac</strong></span> <span class='ocrx_word' id='word_1_309' title='bbox 487 3985 645 4042; x_wconf 76' lang='lat' dir='ltr'><strong>morosum,</strong></span> <span class='ocrx_word' id='word_1_310' title='bbox 668 3985 723 4026; x_wconf 91' lang='lat' dir='ltr'><strong>nec</strong></span> <span class='ocrx_word' id='word_1_311' title='bbox 743 3973 842 4026; x_wconf 88' lang='lat' dir='ltr'><strong>tamen</strong></span> <span class='ocrx_word' id='word_1_312' title='bbox 864 3965 1067 4040; x_wconf 86' lang='lat' dir='ltr'><strong>spernendum.</strong></span> <span class='ocrx_word' id='word_1_313' title='bbox 1112 3963 1221 4022; x_wconf 87' lang='lat' dir='ltr'><strong>Eckius</strong></span> <span class='ocrx_word' id='word_1_314' title='bbox 1242 3962 1355 4020; x_wconf 91' lang='lat' dir='ltr'><strong>scilicet</strong></span> 
     </span>
     <span class='ocr_line' id='line_1_36' title="bbox 141 4065 1353 4144; baseline -0.003 -18"><span class='ocrx_word' id='word_1_315' title='bbox 141 4070 171 4126; x_wconf 92' lang='lat' dir='ltr'><strong>in</strong></span> <span class='ocrx_word' id='word_1_316' title='bbox 193 4070 299 4128; x_wconf 84' lang='lat' dir='ltr'><strong>litteris</strong></span> <span class='ocrx_word' id='word_1_317' title='bbox 322 4087 410 4144; x_wconf 88' lang='lat' dir='ltr'><strong>supra</strong></span> <span class='ocrx_word' id='word_1_318' title='bbox 433 4073 598 4132; x_wconf 89' lang='lat' dir='ltr'><strong>memoratis</strong></span> <span class='ocrx_word' id='word_1_319' title='bbox 618 4071 741 4131; x_wconf 88' lang='lat' dir='ltr'><strong>Erasmo</strong></span> <span class='ocrx_word' id='word_1_320' title='bbox 764 4072 851 4130; x_wconf 85' lang='lat' dir='ltr'><strong>bases</strong></span> <span class='ocrx_word' id='word_1_321' title='bbox 875 4069 1009 4129; x_wconf 88' lang='lat' dir='ltr'><strong>admovet</strong></span> <span class='ocrx_word' id='word_1_322' title='bbox 1029 4067 1199 4128; x_wconf 85' lang='lat' dir='ltr'><strong>blanditias:</strong></span> <span class='ocrx_word' id='word_1_323' title='bbox 1222 4065 1301 4140; x_wconf 88' lang='lat' dir='ltr'><strong>,Non</strong></span> <span class='ocrx_word' id='word_1_324' title='bbox 1323 4071 1353 4123; x_wconf 92' lang='lat' dir='ltr'><strong>te</strong></span> 
     </span>
     <span class='ocr_line' id='line_1_37' title="bbox 140 4166 1354 4253; baseline -0.004 -20"><span class='ocrx_word' id='word_1_325' title='bbox 140 4176 227 4250; x_wconf 89' lang='lat' dir='ltr'><strong>latet,</strong></span> <span class='ocrx_word' id='word_1_326' title='bbox 264 4193 349 4250; x_wconf 91' lang='lat' dir='ltr'><strong>quam</strong></span> <span class='ocrx_word' id='word_1_327' title='bbox 376 4176 451 4236; x_wconf 90' lang='lat' dir='ltr'><strong>bene</strong></span> <span class='ocrx_word' id='word_1_328' title='bbox 486 4177 522 4236; x_wconf 92' lang='lat' dir='ltr'><strong>de</strong></span> <span class='ocrx_word' id='word_1_329' title='bbox 554 4183 584 4237; x_wconf 91' lang='lat' dir='ltr'><strong>ts</strong></span> <span class='ocrx_word' id='word_1_330' title='bbox 611 4177 719 4236; x_wconf 86' lang='lat' dir='ltr'><strong>sentiat</strong></span> <span class='ocrx_word' id='word_1_331' title='bbox 755 4177 846 4234; x_wconf 88' lang='lat' dir='ltr'><strong>omnis</strong></span> <span class='ocrx_word' id='word_1_332' title='bbox 876 4175 1032 4235; x_wconf 86' lang='lat' dir='ltr'><strong>Germania</strong></span> <span class='ocrx_word' id='word_1_333' title='bbox 1062 4166 1189 4253; x_wconf 90' lang='lat' dir='ltr'><strong>(obticoo</strong></span> <span class='ocrx_word' id='word_1_334' title='bbox 1214 4187 1354 4230; x_wconf 89' lang='lat' dir='ltr'><strong>summum</strong></span> 
     </span>
     <span class='ocr_line' id='line_1_38' title="bbox 142 4273 1355 4358; baseline -0.003 -22"><span class='ocrx_word' id='word_1_335' title='bbox 142 4278 329 4356; x_wconf 89' lang='lat' dir='ltr'><strong>Pontificem,</strong></span> <span class='ocrx_word' id='word_1_336' title='bbox 351 4281 482 4356; x_wconf 86' lang='lat' dir='ltr'><strong>Italiam,</strong></span> <span class='ocrx_word' id='word_1_337' title='bbox 506 4281 630 4342; x_wconf 86' lang='lat' dir='ltr'><strong>Galliam</strong></span> <span class='ocrx_word' id='word_1_338' title='bbox 661 4286 691 4340; x_wconf 91' lang='lat' dir='ltr'><strong>et</strong></span> <span class='ocrx_word' id='word_1_339' title='bbox 711 4273 876 4358; x_wconf 83' lang='lat' dir='ltr'><strong>Angliam),</strong></span> <span class='ocrx_word' id='word_1_340' title='bbox 899 4279 1001 4352; x_wconf 87' lang='lat' dir='ltr'><strong>quibus</strong></span> <span class='ocrx_word' id='word_1_341' title='bbox 1025 4279 1157 4337; x_wconf 88' lang='lat' dir='ltr'><strong>laudibus</strong></span> <span class='ocrx_word' id='word_1_342' title='bbox 1179 4281 1230 4335; x_wconf 91' lang='lat' dir='ltr'><strong>tua</strong></span> <span class='ocrx_word' id='word_1_343' title='bbox 1252 4275 1355 4333; x_wconf 87' lang='lat' dir='ltr'><strong>efferat</strong></span> 
     </span>
     <span class='ocr_line' id='line_1_39' title="bbox 141 4384 1354 4461; baseline -0.005 -19"><span class='ocrx_word' id='word_1_344' title='bbox 141 4385 248 4458; x_wconf 85' lang='lat' dir='ltr'><strong>studia,</strong></span> <span class='ocrx_word' id='word_1_345' title='bbox 278 4386 388 4458; x_wconf 88' lang='lat' dir='ltr'><strong>ingenii</strong></span> <span class='ocrx_word' id='word_1_346' title='bbox 417 4388 460 4445; x_wconf 91' lang='lat' dir='ltr'><strong>tui</strong></span> <span class='ocrx_word' id='word_1_347' title='bbox 492 4388 618 4461; x_wconf 85' lang='lat' dir='ltr'><strong>excipiat</strong></span> <span class='ocrx_word' id='word_1_348' title='bbox 641 4385 787 4458; x_wconf 83' lang='lat' dir='ltr'><strong>foeturas,</strong></span> <span class='ocrx_word' id='word_1_349' title='bbox 817 4385 969 4457; x_wconf 87' lang='lat' dir='ltr'><strong>praeclara</strong></span> <span class='ocrx_word' id='word_1_350' title='bbox 992 4384 1172 4442; x_wconf 82' lang='lat' dir='ltr'><strong>exosculetur</strong></span> <span class='ocrx_word' id='word_1_351' title='bbox 1194 4394 1299 4453; x_wconf 89' lang='lat' dir='ltr'><strong>opera,</strong></span> <span class='ocrx_word' id='word_1_352' title='bbox 1322 4387 1354 4437; x_wconf 90' lang='lat' dir='ltr'><strong>ut</strong></span> 
     </span>
     <span class='ocr_line' id='line_1_40' title="bbox 140 4485 1354 4565; baseline -0.005 -18"><span class='ocrx_word' id='word_1_353' title='bbox 140 4505 239 4549; x_wconf 85' lang='lat' dir='ltr'><strong>omnes</strong></span> <span class='ocrx_word' id='word_1_354' title='bbox 261 4489 353 4550; x_wconf 87' lang='lat' dir='ltr'><strong>ferme</strong></span> <span class='ocrx_word' id='word_1_355' title='bbox 376 4491 453 4550; x_wconf 91' lang='lat' dir='ltr'><strong>docti</strong></span> <span class='ocrx_word' id='word_1_356' title='bbox 473 4508 589 4565; x_wconf 90' lang='lat' dir='ltr'><strong>prorsus</strong></span> <span class='ocrx_word' id='word_1_357' title='bbox 612 4492 671 4550; x_wconf 89' lang='lat' dir='ltr'><strong>sint</strong></span> <span class='ocrx_word' id='word_1_358' title='bbox 692 4489 873 4562; x_wconf 89' lang='lat' dir='ltr'><strong>Erasmiani,</strong></span> <span class='ocrx_word' id='word_1_359' title='bbox 897 4488 1047 4547; x_wconf 89' lang='lat' dir='ltr'><strong>cucullatis</strong></span> <span class='ocrx_word' id='word_1_360' title='bbox 1069 4487 1169 4562; x_wconf 88' lang='lat' dir='ltr'><strong>paucis</strong></span> <span class='ocrx_word' id='word_1_361' title='bbox 1192 4485 1296 4544; x_wconf 90' lang='lat' dir='ltr'><strong>demtis</strong></span> <span class='ocrx_word' id='word_1_362' title='bbox 1323 4489 1354 4542; x_wconf 91' lang='lat' dir='ltr'><strong>et</strong></span> 
     </span>
     <span class='ocr_line' id='line_1_41' title="bbox 139 4593 473 4668; baseline 0.003 -14"><span class='ocrx_word' id='word_1_363' title='bbox 139 4593 360 4668; x_wconf 87' lang='lat' dir='ltr'><strong>theologastris.‘</strong></span> <span class='ocrx_word' id='word_1_364' title='bbox 470 4597 473 4605; x_wconf 84' lang='lat'>&#39;</span> 
     </span>
    </p>
   </div>
   <div class='ocr_carea' id='block_1_8' title="bbox 0 0 1582 5056">
    <p class='ocr_par' dir='ltr' id='par_1_8' title="bbox 0 0 1582 5056">
     <span class='ocr_line' id='line_1_42' title="bbox 0 0 1582 5056; baseline 0 2"><span class='ocrx_word' id='word_1_365' title='bbox 0 0 1582 5056; x_wconf 95' lang='lat' dir='ltr'><strong> </strong></span> 
     </span>
    </p>
   </div>
  </div>
 </body>
</html>
