3188 5086
692 329 784 386 (isrrrr
801 324 833 385 V.
1321 323 1372 389 14?
1446 339 1450 348 '

153 543 265 604 Christi
283 546 434 618 praeconis
456 547 548 620 majus
567 563 632 606 osse
652 547 803 620 praedicat
822 563 942 608 munere
964 549 1053 623 regio.
1091 546 1172 618 Quod
1187 547 1372 608 norisdmum

153 651 232 707 lauti
260 649 314 708 viri
343 651 554 723 testimouium,
592 667 648 724 quo
676 651 770 710 miuus
796 652 872 725 ipse,
906 667 975 710 suae
1009 649 1114 710 indolis
1144 667 1269 724 memor,
1301 652 1372 710 illud

152 769 259 812 munus
281 751 484 828 affectaverat,
507 771 542 814 eo
565 756 682 828 gravim
704 753 865 814 ridebatur.
910 753 1065 814 Dedicarit
1079 771 1151 829 opus
1174 756 1237 814 seui
1259 760 1373 829 specta-

152 856 266 914 tissimo
296 855 499 932 christophoro
538 858 674 931 episcopo
702 857 884 930 Angustano,
922 875 1044 932 quocum
1084 875 1137 932 per
1174 859 1277 932 uiginti
1309 857 1373 918 iere

153 977 249 1020 anuos
278 961 459 1022 liberrimum
486 962 675 1036 epistolarum
701 963 904 1022 commercium
926 963 1078 1022 habuerat.
1122 961 1177 1022 Oui
1195 963 1309 1038 scribit,
1339 979 1372 1022 sc

153 1064 266 1124 frustm
292 1081 440 1141 sperasse,
463 1067 550 1125 alium
577 1066 721 1140 quendam
751 1068 941 1140 exoriturum,
972 1068 1020 1140 qui
1047 1067 1102 1126 sibi
1125 1069 1275 1126 materiam
1297 1068 1373 1126 hanc

152 1173 303 1243 sumeret,
327 1172 498 1243 praesertim
520 1172 552 1229 in
572 1175 653 1230 tanto
675 1175 820 1245 proventu
843 1169 971 1230 felicium
994 1171 1191 1246 ingeniorum,
1214 1188 1288 1245 quae
1307 1187 1374 1246 pro·

152 1272 244 1332 ducat
261 1274 316 1332 hoc
337 1275 483 1349 seculum,
513 1281 651 1348 tantoque
675 1275 769 1334 studio
792 1274 917 1334 cudendi
937 1291 1011 1335 nova
1031 1276 1183 1336 volumina.
1229 1274 1324 1346 Quare
1343 1276 1375 1334 in

152 1376 220 1435 dies
250 1377 346 1436 acrius
368 1379 523 1438 multorum
551 1384 612 1438 tum
641 1379 762 1440 vocibus
790 1384 852 1438 tum
875 1378 987 1438 litteris
1012 1379 1189 1452 appellatum
1219 1396 1251 1438 se
1270 1395 1373 1454 prope-

152 1479 271 1539 modum
292 1481 385 1540 invita
405 1482 541 1542 Minerva
562 1484 666 1542 silvam
687 1483 784 1556 operis
807 1483 1005 1556 congessisse,
1035 1482 1137 1542 rudem
1159 1483 1274 1556 quidem
1293 1484 1373 1544 illam

153 1588 190 1642 et
229 1584 418 1660 indigestum,
454 1587 505 1646 sed
543 1565 617 1660 quae
652 1587 755 1646 testari
786 1587 878 1660 possit
911 1586 967 1646 sibi
999 1587 1176 1646 voluntatem
1209 1589 1376 1662 praestandi

152 1689 290 1759 promissi
318 1705 375 1748 non
399 1687 542 1764 defuisse,
570 1692 626 1750 etsi
658 1693 750 1764 impar
780 1691 876 1749 animo
909 1689 1011 1750 luisset
1042 1689 1175 1750 faculms.
1220 1691 1374 1751 Eruditum

153 1793 296 1853 lectorem
322 1793 445 1854 fumasse
473 1795 722 1868 deprehensarum
751 1795 892 1868 quaedam
916 1795 1025 1868 hiulca,
1061 1795 1210 1869 inchoata,
1238 1797 1374 1871 repetita,

153 1896 297 1956 alieniore
325 1898 389 1957 loco
415 1899 502 1958 dicta.
554 1899 611 1960 Sed
637 1900 764 1972 piguisse
791 1903 904 1958 vastum
933 1915 1005 1972 opus
1034 1905 1169 1959 retexere
1193 1905 1223 1958 et
1245 1905 1375 1959 eruema

152 2016 244 2058 manu
272 2001 444 2078 emendare,
471 2003 547 2076 quod
575 2003 742 2076 perlonga
773 2003 929 2062 intervalla
957 2019 1100 2077 peragere
1131 2020 1221 2076 aegre
1251 2003 1373 2062 licuerit.

153 2103 277 2178 ,Neque
307 2105 477 2180 quisquam‚‘
502 2107 598 2178 addit,
630 2107 732 2180 ,facilc
763 2107 877 2181 credet,
909 2121 994 2178 quam
1024 2108 1132 2166 misere
1160 2108 1272 2166 animus
1298 2109 1373 2180 jam·

152 2207 263 2266 dudum
285 2209 405 2270 affectet
427 2209 464 2268 ab
486 2210 531 2270 his
553 2209 701 2269 laboribus
722 2211 753 2268 in
771 2211 958 2284 tanquillum
980 2211 1075 2269 ocium
1098 2209 1258 2286 decedere,
1282 2211 1373 2284 quod·

152 2329 213 2385 que
239 2319 371 2386 superest
396 2314 474 2374 vitae
503 2309 650 2394 (superest
677 2321 775 2373 autem
803 2317 849 2373 vix
875 2315 972 2374 brevis
1000 2316 1113 2388 palmus
1142 2316 1203 2374 sive
1232 2310 1373 2395 pugillus)

153 2417 249 2474 solum
268 2433 333 2475 cum
356 2434 391 2476 eo
414 2418 475 2477 solo
498 2418 637 2492 colloqui,
661 2419 710 2492 qui
733 2419 868 2478 clamarit
890 2419 960 2477 olim
976 2435 1031 2478 nec
1055 2418 1142 2477 hodie
1167 2425 1259 2484 mutat
1273 2436 1374 2478 vocem

152 2535 252 2578 suam:
281 2520 386 2579 Venite
413 2521 450 2580 ad
475 2537 521 2580 me
549 2523 721 2596 omnesqui
749 2521 889 2582 laboratis
921 2529 953 2581 et
975 2523 1090 2582 onerati
1121 2523 1206 2598 estis,
1238 2539 1293 2598 ego
1324 2539 1373 2582 vos

150 2620 292 2682 reficiam.
342 2623 578 2698 Quandoquidem
609 2627 639 2684 in
668 2631 728 2684 tam
755 2627 922 2686 turbulento
951 2644 988 2685 ne
1012 2625 1106 2685 dicam
1127 2626 1243 2686 furente
1266 2628 1374 2702 seculo,

150 2729 187 2785 in
213 2733 257 2786 tot
277 2729 419 2787 molestiis
441 2729 514 2788 nihil
536 2731 670 2804 reperio,
702 2731 734 2788 in
756 2746 916 2804 quomens
938 2746 1005 2791 mea
1028 2730 1166 2790 libentius
1190 2731 1374 2804 conquiescat

151 2848 242 2905 quam
263 2833 294 2890 in
316 2833 370 2891 hoc
393 2849 500 2893 arcano
524 2833 707 2907 colloquio.‘¹

242 2935 333 2995 Recte
356 2937 392 2996 de
415 2938 470 2996 hoc
492 2954 596 3012 opere,
624 2939 731 3012 partim
753 2955 824 2998 saue
846 2939 1003 3014 indigesto,
1031 2939 1144 3013 Anglus
1166 2939 1283 3012 quidam
1303 2940 1373 2998 scri·
1463 2951 1466 2957 ·

149 3045 221 3113 ptor
254 3057 346 3114 nuper
373 3041 530 3117 iudicavit,
564 3043 644 3100 nulla
677 3044 708 3100 in
738 3060 773 3102 co
804 3043 983 3116 deprehendi
1016 3043 1231 3118 languescentis
1262 3044 1373 3116 ingenii

149 3145 285 3218 vestigia.
331 3146 433 3204 Insunt
454 3151 553 3206 vastae
568 3146 753 3220 eruditionis,
775 3149 874 3222 largae
889 3147 1043 3204 multarum
1058 3162 1155 3204 rerum
1169 3146 1370 3220 experientiae

149 3249 313 3321 specimina
331 3249 569 3322 splendidissima.
615 3251 727 3309 Passim
749 3267 824 3323 quae
846 3267 901 3324 per
922 3251 1038 3323 longam
1059 3251 1148 3308 vitam
1170 3250 1233 3324 ipse
1247 3249 1320 3309 uidit
1340 3255 1372 3310 et

149 3351 357 3412 animadvertit
385 3353 562 3428 lepidissime
595 3360 703 3416 narrat.
756 3354 806 3414 Sui
835 3355 974 3428 temporis
1000 3354 1234 3430 concionatores,
1270 3355 1370 3428 quales

148 3455 231 3529 apud
251 3457 346 3515 varias
366 3463 470 3532 gentes
492 3460 596 3518 multos
618 3464 729 3518 attente
745 3457 908 3534 audiverat,
931 3459 1013 3532 qussi
1028 3460 1106 3518 vivos
1122 3456 1243 3533 effingit
1279 3458 1369 3518 Simul

148 3559 335 3632 eloquentiae
365 3562 541 3622 christianae
563 3563 713 3622 historiam
736 3563 910 3624 adumbrare
932 3564 1041 3636 primus
1061 3564 1174 3638 coepit,
1203 3581 1259 3638 qua
1281 3564 1311 3622 in
1334 3580 1368 3624 rc

148 3680 219 3724 cum
243 3665 347 3738 jndicii
372 3667 561 3741 sagacitatem
591 3667 780 3741 admiramur,
812 3674 873 3726 tum
895 3667 1109 3728 adamantinam
1131 3669 1311 3742 diligentiam
1332 3684 1368 3726 ac

147 3767 320 3844 sollertium,
343 3787 399 3843 qua
418 3772 507 3831 etiam
523 3787 568 3846 ea,
590 3789 664 3844 quae
679 3773 736 3830 huc
750 3777 895 3846 spectant,
919 3773 1065 3832 variorum
1080 3773 1241 3831 seculorum
1259 3771 1367 3843 scripta

147 3869 290 3946 legerat*
334 3874 398 3949 Sic,
422 3881 455 3934 ut
477 3875 638 3950 exemplum
661 3875 794 3950 afferam,
817 3875 955 3934 Thomam
978 3875 1151 3948 Aquinatem
1175 3874 1295 3932 adnotat
1315 3871 1366 3947 ,ad

146 3975 304 4036 dicendum
331 3977 409 4037 haud
439 3980 570 4054 ineptum
599 3978 704 4054 luisse,
737 3981 763 4036 si
796 3995 861 4037 sese
886 3978 1007 4052 perinde
1037 3979 1084 4036 hic
1111 3978 1302 4049 exercuisset,
1335 3983 1367 4034 ut

146 4082 281 4140 exercuit
302 4082 333 4138 iu
355 4082 536 4158 philosophia
559 4089 590 4143 et
611 4085 642 4142 in
663 4079 933 4156 ιιιειιιιιθιιιιιιιιίοέ8
977 4081 1080 4154 Neque
1099 4097 1134 4140 ex
1154 4081 1265 4154 maguis
1287 4085 1365 4139 vete·

144 4201 214 4252 rum
236 4183 412 4246 Graecorum
428 4194 459 4247 et
472 4187 667 4248 Romanorum
689 4186 852 4246 oratoribus
875 4186 1047 4260 depromere
1067 4185 1205 4259 neglegit,
1228 4185 1366 4259 quidquid

240 4433 265 4500 1)
283 4435 353 4500 app.
373 4431 479 4497 xxix,
497 4439 540 4486 ea.
683 4433 710 4502 s)
729 4435 794 4502 opp.
813 4433 843 4496 v,
862 4439 913 4486 aue
927 4449 947 4484 ι.

237 4521 265 4588 3)
284 4522 322 4572 ct.
340 4523 371 4574 da
390 4523 503 4574 Thomas
520 4522 681 4574 orationibus
699 4524 780 4574 sacris
798 4522 924 4586 Neander‚
948 4517 1212 4585 Kirnhangsochiohte
1230 4519 1269 4570 ed.
1291 4526 1312 4570 1.
1332 4519 1364 4585 V,

140 4627 171 4679 p.
196 4613 256 4658 rau.

1082 4689 1145 4760 ιο*
