3156 5056
240 303 292 358 206
725 303 829 353 Paarrs
848 302 962 352 Pmours

239 536 274 578 eo
298 520 489 591 vituperaret,
518 533 623 591 parcus
648 519 709 590 ejus
735 515 868 574 laudibus
891 521 964 574 erat.
1010 515 1100 573 Sicuti
1123 531 1238 586 semper
1260 515 1323 572 sinc
1345 513 1456 570 invidia

238 625 391 698 praeclara
420 624 539 697 ingenia
569 639 673 680 recens
704 638 739 679 ex
769 619 889 678 obscuro
912 622 1092 694 emergentia
1115 620 1286 692 praedicare
1309 624 1340 676 et
1361 618 1454 691 digito

238 733 399 787 monstrare
430 727 556 798 solebat,
586 727 628 783 sic
659 731 690 784 et
715 725 874 782 Lutberum
901 730 934 782 ut
957 725 1100 797 insignem
1123 739 1158 780 ac
1180 722 1284 781 sortem
1309 723 1454 795 evangelii

238 848 428 906 praeconem,
444 832 558 904 qualem
576 836 710 902 posceret
725 835 820 904 aetas,
843 830 947 888 iterum
963 830 1125 901 iterumque
1141 829 1270 902 agnovit,
1293 827 1380 898 idque
1396 845 1454 884 non

238 943 323 995 caute
353 938 396 994 vel
428 935 548 1010 frigide,
578 934 630 992 sed
653 935 764 992 acriter
789 950 823 992 ac
851 949 939 1006 saepe
967 934 1066 1006 ignitis
1089 933 1171 1006 quasi
1193 932 1305 1006 verbis,
1334 948 1453 1003 qnorum

238 1042 371 1114 exempla
394 1057 483 1113 supra
502 1039 632 1098 dedimus
654 1038 793 1111 pluraque
816 1037 894 1095 inira
916 1055 968 1096 suo
990 1039 1054 1096 loco
1077 1037 1224 1097 addemus.

325 1146 434 1216 Magna
456 1150 525 1202 1111
547 1161 613 1216 spes
635 1143 771 1216 piissimis
794 1142 1091 1215 praeclarissimisque
1115 1143 1197 1208 viris,
1227 1142 1358 1214 inprimis
1380 1140 1453 1198 Ger-

238 1251 343 1324 manis,
367 1249 507 1322 affulgere
532 1249 691 1308 ridebatur.
738 1246 966 1304 Gratulabantur
987 1247 1069 1304 multi
1094 1247 1186 1305 exteri
1202 1245 1378 1304 Germaniae
1401 1245 1454 1302 bos

237 1356 413 1426 dumuviros,
435 1354 533 1412 indole
551 1354 679 1411 diversos
693 1352 746 1409 sed
760 1351 798 1408 ad
814 1351 939 1410 eundem
956 1349 1044 1409 linem
1060 1351 1227 1425 tendentes,
1250 1366 1355 1423 magna
1369 1367 1454 1422 prac-

236 1459 477 1517 stantissimorum
499 1458 681 1530 ingeniorum
703 1454 887 1514 multitudine
904 1455 1098 1514 circumdatos
1121 1461 1152 1514 et
1174 1454 1297 1528 adjutos.
1336 1455 1374 1512 Et
1390 1459 1454 1512 erat

238 1563 376 1635 temporis
395 1563 533 1636 spatium,
556 1579 613 1634 qno
635 1562 666 1618 in
688 1561 751 1633 ipsa
765 1560 924 1619 Germania
946 1560 1032 1632 longe
1055 1560 1183 1632 plurimi,
1207 1561 1256 1632 qui
1276 1560 1313 1617 ab
1334 1559 1454 1616 alterius

237 1673 322 1741 parte
345 1667 474 1740 stabant,
499 1667 586 1724 etiam
608 1667 732 1722 alterum
753 1668 824 1724 socii
847 1667 940 1724 instar
961 1664 1159 1738 respiciebant
1178 1670 1208 1722 et
1228 1663 1452 1723 admirabantur.

238 1773 272 1830 ld
300 1772 457 1844 praecipue
483 1769 658 1830 monendum
685 1777 742 1844 est,
774 1771 851 1830 haud
873 1787 992 1844 paucos,
1020 1771 1082 1844 qui,
1112 1770 1265 1828 Erasmum
1284 1768 1452 1842 jamdudum

237 1883 270 1936 ut
297 1882 406 1935 astrum
430 1875 604 1935 Germaniae
636 1877 742 1949 secuti,
772 1877 828 1950 ipsi
850 1876 896 1934 rel
920 1877 997 1933 inter
1016 1875 1153 1946 aequales
1175 1873 1252 1932 lama
1275 1874 1452 1945 eminebant,

236 1983 282 2041 vel
317 1980 515 2055 spectantibus
550 1979 663 2038 loturae
697 1981 807 2052 gloriae
841 1996 923 2053 spem
956 1980 1171 2050 excitaverant,
1214 1979 1336 2037 Lntberi
1370 1978 1452 2035 initia

236 2103 347 2146 summo
370 2085 474 2160 gaudio
496 2091 526 2144 et
546 2083 646 2144 lavore
669 2086 878 2157 contemplatos
902 2101 976 2142 esse.
1021 2083 1070 2142 Sic
1087 2085 1230 2142 animatus
1250 2089 1320 2144 1111
1339 2084 1369 2141 11
1385 2099 1451 2141 111

236 2197 300 2252 erat
333 2193 377 2250 vir
409 2191 597 2264 probissimus
632 2191 749 2264 Zasius,
786 2190 956 2248 immortalis
986 2191 1144 2248 memoriae
1172 2189 1372 2262 jurisperitus,
1409 2187 1451 2244 sic

236 2297 430 2356 nobilissimus
452 2296 662 2368 Norimbergae
685 2295 823 2367 patricius
846 2293 1076 2366 Pirkheimerus,
1110 2295 1152 2351 sic
1175 2310 1300 2351 summus
1323 2291 1450 2365 ejusdem

236 2402 362 2458 civitatis
387 2398 493 2458 artilex
515 2399 652 2457 Albertus
675 2398 819 2472 Durerua,
850 2399 891 2456 sio
913 2399 1081 2457 Latinorum
1104 2404 1253 2470 poetarum
1277 2399 1450 2456 clarissimus

236 2505 374 2563 Ecbanus
401 2504 525 2576 Hessos,
555 2505 597 2561 sic
624 2503 783 2576 Zvinglius,
809 2503 1064 2575 oecolampadius,
1092 2501 1269 2575 Glareanus,
1298 2503 1450 2573 Huttenus,

237 2608 339 2666 Grotus
361 2606 523 2678 Rabienus,
547 2605 663 2680 Capito,
685 2607 783 2665 Jonas.
829 2607 884 2677 Qui
914 2623 1013 2666 omnes
1046 2606 1200 2680 aliqnando
1231 2607 1302 2664 duos
1329 2607 1392 2664 illos
1419 2611 1450 2662 ut

235 2710 408 2770 fortissimos
423 2710 698 2782 candidissimosque
715 2711 844 2784 eJ‘usdem
860 2728 967 2770 causae
982 2717 1213 2785 propugnatores
1228 2711 1448 2770 venerabantur.

235 2814 491 2890 Splendidissimae
514 2815 619 2887 ubique
642 2816 752 2886 ingenii
775 2817 870 2890 dotes,
894 2819 957 2875 Deo
979 2818 1042 2889 ipso
1066 2823 1228 2889 annuente,
1251 2816 1288 2874 ad
1304 2815 1449 2874 societatis

237 2921 413 2980 christianae
434 2919 666 2978 emendationem
685 2919 796 2993 Jamdin
820 2921 928 2980 frustra
951 2923 1109 2994 expetitam
1125 2899 1447 2994 prospere'conjnncae

235 3041 301 3084 esse
324 3023 507 3083 videbantur.
553 3023 618 3082 Non
640 3026 743 3083 mirum
765 3025 869 3097 igitur,
890 3025 965 3097 quod
983 3025 1067 3097 hujus
1084 3027 1222 3098 temporis
1238 3041 1349 3082 memor
1361 3024 1448 3082 multo

234 3137 299 3204 post
320 3130 442 3188 Lutheri
465 3136 588 3188 mortem
603 3129 752 3203 Philippus
767 3129 975 3188 Melanchtbon
998 3128 1152 3188 amabilem
1174 3130 1270 3202 illam,
1292 3146 1349 3201 qua
1363 3144 1448 3200 quon-

235 3235 301 3293 dam
331 3235 521 3307 ‚eruditorum
551 3235 677 3293 virorum
705 3233 884 3292 sodalitium‘
911 3235 1050 3306 viguerit,
1080 3233 1263 3292 concordiam
1292 3233 1447 3305 praedicat

234 3339 272 3396 Se
302 3339 487 3396 commultis
517 3338 582 3396 aliis
611 3341 891 3412 appropinquantem
922 3355 1040 3398 auream
1068 3339 1228 3412 quandam,
1258 3343 1346 3410 prout
1372 3339 1449 3396 inter

235 3442 372 3500 mortales
401 3442 465 3501 dari
491 3443 595 3516 possit,
626 3449 755 3502 aetatem
782 3445 940 3502 somniasse
967 3443 1050 3516 dicit,
1080 3443 1186 3516 ubique
1208 3444 1345 3508 nimirum
1367 3439 1449 3501 redo-

237 3545 419 3604 rescentibns
441 3546 548 3604 litteris
572 3552 602 3605 et
625 3549 845 3621 expergiscente
869 3549 1029 3622 evangelio.

323 3650 425 3722 Neque
460 3650 515 3722 ipsi
550 3650 647 3722 magni
690 3651 733 3709 illi
768 3652 837 3725 viri,
877 3669 949 3724 quos
986 3652 1075 3710 duces
1115 3652 1206 3710 ceteri
1245 3652 1450 3725 agnoscebant,

234 3773 252 3816 a
282 3761 365 3815 tanta
395 3754 612 3828 exspectatione
643 3755 732 3815 alieni
760 3763 852 3815 erant.
896 3757 1037 3815 Erasmus
1060 3757 1097 3815 ab
1120 3757 1208 3815 unitis
1229 3755 1369 3814 classicae
1392 3756 1449 3812 cnl-

233 3868 317 3920 turae
348 3867 379 3920 et
407 3859 566 3934 spiritualis
596 3859 808 3920 Christianismi
844 3862 952 3920 viribus
982 3863 1158 3920 exoriturum
1188 3877 1292 3920 noram
1322 3867 1448 3920 aetatem

228 3967 403 4041 jampridem
426 3966 617 4024 divinaverat.
668 3966 751 4025 Nunc
774 3983 843 4026 vero
866 3969 976 4040 optime
997 3969 1061 4040 ipse
1083 3967 1243 4040 intellexit,
1272 3965 1308 4024 ad
1333 3967 1363 4024 id
1387 3963 1448 4023 1111-

232 4071 378 4144 1111111,
411 4069 488 4144 quod
521 4073 645 4129 maxime
679 4073 877 4130 necessarium
911 4089 976 4130 esse
1010 4072 1178 4144 saepissime
1213 4077 1381 4145 monuerat,
1419 4074 1452 4128 ut

232 4176 368 4233 nimirum
395 4191 480 4234 verus
505 4181 535 4234 et
556 4192 644 4248 purus
668 4173 798 4234 Christus
825 4175 931 4248 ubique
954 4176 1188 4250 praedicaretur,
1219 4177 1365 4234 neminem
1388 4175 1451 4248 plus

231 4282 309 4339 iuter
331 4279 468 4351 aequales
491 4280 589 4338 valere
612 4296 698 4352 quam
720 4279 963 4353 Augustinianum
987 4282 1067 4338 illurn
1090 4280 1344 4354 Vitebergeusem,
1370 4281 1453 4352 cujus

232 4385 321 4442 verba
343 4384 424 4442 brevi
447 4391 577 4458 tempore
599 4386 764 4444 universam
779 4383 842 4444 fere
860 4385 1006 4457 Europam
1029 4391 1268 4458 personaverant.
1312 4385 1345 4442 Id
1369 4385 1453 4444 initio

229 4505 339 4548 summo
359 4505 423 4546 sese
446 4489 551 4562 gaudio
575 4493 604 4546 et
627 4491 738 4563 ingenti
760 4505 811 4560 spe
835 4490 1013 4562 implevisse,
1037 4491 1127 4548 multo
1143 4492 1230 4550 etiam
1252 4481 1319 4563 post
1333 4489 1453 4548 mutatis

227 4595 287 4666 jam
309 4593 488 4666 temporibus
508 4593 624 4664 saepius
647 4592 794 4651 coufessus
817 4599 869 4652 est.
916 4594 949 4652 Id
971 4594 1042 4666 ipsis
1065 4597 1097 4654 in
1117 4596 1224 4655 litteris
1250 4597 1322 4668 illis,
1345 4595 1452 4667 quibus
