3156 5056
639 300 732 350 Carus
752 302 826 352 vill.
1291 301 1342 356 2113

128 517 235 588 ubique
255 517 476 590 praedicaretur
492 517 631 574 &asinus
651 517 892 585 admonitionem,
914 519 1079 589 eonsilium,
1100 525 1258 591 praecepta
1279 519 1341 578 lan·

126 621 216 680 debili
237 621 332 678 studio
353 621 543 689 adhibuerat,
566 621 714 680 Lutheros
735 623 798 694 ipse
822 639 919 680 coram
941 625 1047 696 populo
1066 641 1157 696 nepue-
1172 623 1210 682 ad
1226 623 1342 682 niumm

126 729 204 784 ritae
235 727 299 784 dies
327 726 492 784 incredibili
522 725 692 785 assiduitate
721 727 901 800 praedicarit
931 730 1084 802 multisque
1112 729 1177 787 aliis
1205 737 1235 788 ut
1265 728 1342 788 idem

126 849 229 888 munus
260 831 442 904 susciperent
471 831 638 904 perillustre
669 833 818 906 exemplar
847 833 942 890 iaetus
971 841 1024 891 est.
1087 833 1123 890 lli
1154 849 1255 891 omittis
1280 837 1341 908 jam

127 937 248 1008 ubique,
282 937 351 993 lieet
380 937 468 994 variis
500 936 608 994 viribus
638 937 774 1010 varioque
804 953 954 1010 successu,
987 937 1065 996 idem
1094 937 1234 1010 egebant,
1264 937 1342 1010 quod

127 1041 265 1098 Erasmus
287 1047 376 1098 antea
397 1041 427 1096 in
450 1041 570 1112 singulis
585 1047 696 1099 tautum
716 1041 837 1100 laudaro
852 1049 1002 1114 potuerat:
1027 1043 1159 1101 nimirem
1182 1041 1341 1116 ,Christum

125 1161 198 1218 pura
226 1145 383 1218 docebant,
416 1161 474 1203 non
506 1145 652 1202 bominum
683 1145 835 1218 jactabant
868 1153 919 1205 aut
953 1145 1139 1206 ostentabant
1172 1143 1340 1220 argutias.‘¹

125 1250 306 1309 ludaismum
329 1257 359 1306 ot
381 1249 593 1322 paganismum,
624 1266 696 1322 quos
724 1265 788 1308 cum
811 1257 855 1310 tot
876 1249 1130 1324 superstitionibus
1152 1257 1183 1309 et
1205 1249 1341 1310 abusibus

128 1373 183 1428 per
211 1355 367 1412 ecclesiam
396 1359 550 1426 serpentes
575 1354 715 1414 Erasmus
744 1357 823 1413 inter
853 1356 1032 1430 reipublicae
1060 1357 1222 1416 litterariae
1249 1355 1342 1414 socios

125 1461 295 1532 saepissime
317 1461 540 1532 perstrinxerat,
565 1459 709 1518 Lutherus
730 1459 850 1518 heroica
870 1477 927 1534 qua
952 1461 1149 1534 praecellebat
1173 1461 1260 1520 opimi
1282 1461 1340 1520 ior·

127 1563 250 1622 titudine
273 1565 315 1621 ita
337 1564 529 1637 impugnavit,
553 1569 586 1622 ut
607 1565 749 1622 malorum
771 1565 886 1623 illorum
906 1565 1021 1639 patroni
1040 1583 1097 1624 nen
1117 1571 1229 1624 muitum
1244 1581 1340 1624 coram

126 1669 232 1742 populo
266 1669 447 1740 evangelium
481 1669 585 1726 edocto
619 1667 753 1728 contusos
787 1677 817 1728 et
850 1671 998 1743 perculsos
1031 1687 1062 1728 ee
1098 1669 1255 1741 sentirent,
1288 1669 1340 1730 sed

126 1774 215 1830 etiam
246 1773 397 1846 queminus
428 1773 611 1832 advomamos
643 1789 710 1832 suos
741 1775 939 1848 opprimerent
968 1777 1030 1849 jam
1059 1774 1168 1848 passim
1196 1791 1214 1833 a
1243 1775 1341 1834 moltis

126 1877 342 1950 magistratibus
370 1876 587 1950 impedirentur.
632 1878 672 1936 Et
699 1879 755 1937 boc
783 1879 878 1952 ipsum
900 1895 1013 1952 quoquo
1045 1877 1174 1938 efficiens
1197 1879 1342 1938 lmtlrerns

127 1983 250 2040 eandem
274 1983 348 2040 dam
371 1987 542 2055 persecutus
564 1988 622 2056 est,
651 1999 736 2056 quom
759 1999 880 2058 magnus
903 1983 952 2041 ille
976 1981 1154 2056 reipublicae
1177 1984 1339 2042 litterariae

126 2087 263 2159 princepe
286 2091 506 2144 monstraverat
553 2088 580 2144 ls
608 2087 685 2144 enim
716 2103 774 2144 nou
804 2088 898 2144 minus
920 2087 1069 2146 civitatum
1091 2103 1175 2160 quam
1199 2087 1341 2146 ecciesiae

126 2193 274 2264 principes
297 2191 335 2249 ed
357 2191 567 2250 emendandam
591 2207 645 2264 pro
666 2191 774 2250 viribus
789 2191 1012 2250 cbmstianarum
1027 2207 1125 2250 rerum
1141 2191 1341 2250 condicionem

127 2296 296 2354 cohortatus
325 2301 404 2368 erat,
434 2295 509 2368 quod
538 2293 677 2368 cilicium,
707 2312 793 2368 quum
816 2311 835 2353 a
856 2295 1020 2355 sacerdotio
1050 2295 1271 2369 neglegeretur,
1303 2295 1341 2355 ad

127 2402 314 2472 magistratus
337 2401 485 2473 pertinere
508 2399 632 2460 dicebat

215 2504 284 2565 Sino
308 2503 396 2564 dubio
419 2505 535 2577 gravius
556 2503 666 2578 aliquid
687 2511 733 2564 est
755 2521 804 2580 ea,
826 2521 902 2578 quae
925 2503 1073 2578 cujusdem
1093 2505 1159 2564 aevi
1178 2521 1226 2564 ros
1245 2509 1341 2578 posto·

127 2611 201 2680 lant,
234 2609 350 2668 fortiter
377 2609 519 2683 perticere
547 2625 631 2684 quam
661 2617 796 2668 neomuto
826 2609 965 2668 indicere.
1012 2609 1070 2668 Sed
1093 2609 1181 2670 etiarn
1204 2609 1240 2667 iis
1263 2609 1340 2681 viris,

126 2715 176 2787 qui
204 2715 269 2772 aliis
299 2713 336 2772 ad
362 2713 507 2788 agendum
529 2715 605 2773 natis
630 2716 825 2774 necessariam
848 2713 885 2772 ad
908 2715 938 2774 id
961 2715 1114 2774 scientiam
1137 2715 1342 2787 praebuerunt,

126 2837 180 2878 sna
209 2821 273 2878 laus
300 2825 406 2881 manet.
451 2819 547 2890 Quare
578 2835 630 2878 nos
658 2819 792 2894 Philippo
816 2819 1035 2880 Melauohthoni
1065 2821 1253 2891 assentimur,
1283 2819 1342 2892 qut,
1394 2871 1400 2886 ,

126 2941 212 2996 quum
243 2925 390 2982 heroicum
419 2923 539 2982 Martini
568 2925 613 2982 sui
643 2925 790 2997 ingenium
814 2929 846 2982 ut
869 2925 974 2982 donum
994 2923 1031 2984 ud
1054 2923 1221 2982 mutandam
1242 2921 1341 2982 mundi

126 3029 232 3087 faciem
258 3029 394 3087 divinitus
420 3028 519 3088 datum
545 3028 631 3087 altius
654 3045 740 3102 quam
763 3029 812 3086 alii
838 3029 953 3102 plurimi
977 3029 1158 3102 perspiceret
1181 3035 1210 3086 et
1233 3027 1341 3085 tectim

126 3133 305 3206 celebraret,
327 3139 426 3192 tamen
449 3135 554 3208 ingrati
577 3133 665 3190 animi
689 3149 754 3191 esso
777 3132 863 3204 dixit,
887 3132 963 3204 quod
980 3131 1076 3201 malti,
1098 3137 1237 3204 quantum
1251 3129 1341 3190 dobe-

127 3245 209 3298 retor
227 3238 362 3308 linsamo,
387 3240 633 3297 obliviscerentur.
680 3237 780 3310 Neque
800 3237 938 3296 aberrant
959 3251 978 3294 a
998 3235 1121 3294 veritate
1137 3251 1211 3308 (puae
1228 3239 1341 3294 veteres

127 3345 169 3402 illi
196 3359 296 3402 versus
318 3343 355 3401 de
378 3343 573 3403 Reterodamo
595 3340 781 3415 praedicant:

347 3449 427 3506 Illius
449 3448 567 3522 scriptis
590 3447 714 3520 primum
735 3447 783 3504 nia
805 3451 896 3505 strata
919 3445 1048 3504 Luthero

391 3551 539 3626 Creditur,
562 3557 594 3609 et
615 3553 738 3626 lampas,
762 3551 847 3610 docta
868 3551 1012 3624 Philippa,
1035 3547 1116 3610 tibi.¹

126 3655 287 3714 Luthernm
310 3672 382 3714 sane
405 3656 442 3716 ad
461 3655 657 3730 incipiendum
679 3657 782 3730 ingens
804 3653 1020 3714 reformationis
1038 3655 1253 3716 ecclesiasticae
1271 3669 1343 3727 opus

128 3777 185 3818 non
208 3761 250 3818 ita
275 3761 444 3832 pervenisse
468 3765 616 3832 putamus,
646 3761 728 3832 quasi
752 3761 891 3834 perlectis
914 3759 1028 3819 Erasmi
1054 3757 1342 3818 commentationibus

128 3881 178 3936 ea,
204 3881 279 3936 qnae
301 3865 361 3922 illie
382 3866 491 3938 passim
513 3865 551 3924 ad
574 3865 718 3923 sanandos
747 3864 890 3922 ecclesiae
918 3864 1031 3922 morbos
1056 3861 1290 3936 proponebantur
1313 3863 1343 3918 et

127 3969 360 4042 postulabantur,
391 3969 578 4042 exsequenda
605 3968 660 4026 sibi
687 3967 865 4040 sumpsisset.
910 3965 1036 4024 Ridicoli
1066 3971 1164 4038 oront,
1194 3963 1242 4036 qni
1275 3967 1342 4021 tone

128 4073 268 4145 temporis
305 4074 383 4130 inter
416 4073 554 4132 obscuros
588 4071 743 4129 monachos
777 4069 849 4128 talia
883 4069 1066 4128 somniabant
1099 4073 1129 4126 et
1163 4065 1342 4126 eludebant.

129 4175 302 4250 Luthernm,
332 4178 362 4236 id
391 4177 466 4250 quod
496 4192 585 4250 snpra
616 4175 775 4248 tetigimus,
810 4179 841 4232 ut
870 4171 985 4232 iidelom
1015 4171 1158 4231 ecelesiae
1189 4177 1342 4246 pastorem,

129 4281 290 4338 animarum
312 4280 366 4339 sibi
391 4283 606 4340 commissarum
630 4294 727 4338 eurem
749 4285 914 4352 gerentem,
938 4277 999 4336 solu
1018 4275 1198 4336 conscientia
1212 4275 1344 4350 urgebat,

220 4513 244 4579 1)
265 4513 351 4564 Verbo
367 4513 480 4564 Enormi:
500 4529 557 4578 epp.
573 4511 608 4573 ΙΙ,
625 4517 655 4562 10
673 4529 696 4562 ιι.
713 4515 788 4563 tete.

218 4599 245 4665 t)
265 4599 421 4651 Seckendorl
437 4599 454 4649 l.
467 4615 488 4650 e.
506 4599 556 4664 111,
572 4604 627 4649 138.
710 4661 713 4668 γ
