3202 5058
685 371 689 376 ,
717 315 809 368 Garun
826 315 861 368 Π,
1361 317 1394 372 31

183 532 428 605 perniciosissimo
447 533 597 606 proposito
616 537 676 590 tum
700 532 861 590 catholicae
883 533 977 605 plebis
998 533 1241 606 plurimorumque
1265 534 1398 594 sacerdo-

184 642 245 694 tum
267 652 366 695 crassa
386 637 504 695 inscitia
531 642 562 695 et
583 637 621 695 ad
643 637 813 695 servitutem
835 652 927 710 prona
945 653 1016 711 erga
1037 639 1188 711 praesules
1202 637 1398 714 observantia,

182 744 245 798 turn
278 757 382 800 aversa
414 743 537 800 aliorum
569 757 589 800 a
619 741 777 800 christiana
801 743 913 815 pictate
934 757 1032 814 mens,
1062 758 1120 816 qua
1140 758 1279 802 novarum
1300 760 1398 802 rernm

182 845 313 918 pericula
334 845 471 904 ridebant
495 843 610 904 lacibus
636 860 723 918 quam
744 844 963 920 intellegebant.
1007 845 1192 918 Adjuvabant
1213 847 1284 906 illud
1306 849 1399 907 consi-

182 949 253 1008 lium
275 956 434 1023 temporum
455 955 560 1024 motus,
581 951 684 1023 quibus
704 949 812 1008 1000000
833 956 892 1024 est,
915 955 947 1008 ut
968 951 1044 1010 hand
1067 953 1153 1024 pauci
1166 967 1271 1011 recens
1285 951 1398 1028 dogma,

182 1055 208 1112 si
229 1071 287 1113 non
307 1069 408 1113 verum
427 1057 623 1128 valpertum,
646 1058 745 1113 000000
767 1053 804 1112 ed
826 1053 1014 1114 stabiliendos
1032 1053 1231 1114 fluctuantium
1251 1055 1398 1116 bominum

183 1159 294 1218 animos
319 1159 391 1218 utile
419 1159 482 1218 lore
510 1159 729 1219 arbitrarentur.
784 1157 866 1228 Quod
888 1157 1005 1234 deerat,
1034 1159 1168 1218 Vaticani
1191 1161 1306 1218 concilii
1328 1163 1400 1220 arti·

183 1260 268 1336 lices,
295 1269 355 1322 tam
374 1263 604 1323 adversariorum
626 1263 743 1336 ignavia
763 1279 848 1336 quam
868 1263 1026 1322 satellitum
1048 1263 1162 1323 fervore
1184 1263 1299 1339 confisi,
1321 1265 1399 1324 irau-

183 1367 333 1427 dulentiae
355 1375 387 1426 et
407 1368 565 1428 violentiae
591 1369 670 1426 ausis
692 1367 872 1441 supplevere.
918 1367 1014 1439 Quare
1036 1373 1105 1426 tnnc
1127 1369 1171 1427 vir
1192 1369 1309 1442 quidam
1326 1367 1399 1428 Ger·

183 1489 300 1546 manns,
322 1489 462 1546 praesens
483 1472 678 1532 Romanarum
700 1451 797 1530 rerum
819 1476 975 1545 spectator,
997 1473 1053 1530 10οο
1076 1473 1228 1532 concilium
1251 1475 1311 1532 tale
1334 1489 1398 1533 esse

181 1575 335 1649 judicavit,
357 1577 444 1649 quale
459 1576 660 1636 Tridentinum
681 1575 826 1649 quondam
848 1575 936 1634 101000
951 1575 1113 1634 Leibnitina
1135 1575 1268 1651 dixisset,
1287 1577 1399 1636 scilicet

183 1680 281 1738 furtim
310 1685 514 1754 praeparatum
545 1686 575 1740 et
604 1680 750 1740 subditum
773 1675 951 1738 concilium¹
995 1679 1134 1738 Ludibrio
1156 1681 1217 1738 illic
1237 1681 1400 1740 habebatur

183 1785 276 1842 omnis
303 1783 460 1842 christiana
486 1785 595 1844 veritas
623 1788 655 1842 et
672 1785 840 1857 sinceritas,
861 1784 967 1857 qnippe
991 1799 1065 1856 quae
1087 1785 1192 1844 alienis
1213 1787 1311 1844 nervis
1334 1785 1400 1844 duci

185 1894 217 1946 et
237 1888 347 1946 dictata
369 1889 468 1948 000100
491 1889 637 1948 serviliter
658 1888 792 1947 cecinere
814 1888 964 1948 abnueret.
1009 1887 1203 1948 Praevalebat
1223 1889 1271 1948 vel
1296 1905 1399 1962 perum

185 1998 322 2051 00000000
343 1993 547 2051 nonnullorum
569 1991 692 2050 eruditio
713 2006 794 2052 mere
816 1991 989 2050 scholastica
1011 1997 1042 2050 et
1062 1992 1220 2067 Jesnitica‚
1242 1994 1289 2052 vel
1310 1995 1400 2068 stupi-

184 2095 304 2155 dissima
324 2097 411 2170 longe
426 2096 612 2170 plurimorum
627 2096 806 2170 ignorantia,
830 2097 877 2154 vel
891 2095 1058 2169 turpissima
1072 2095 1221 2170 timiditas,
1242 2098 1398 2173 simulatio,

185 2199 321 2259 adulatio.
374 2200 455 2272 Quae
485 2201 582 2260 omnia
609 2200 786 2274 probissimis
814 2199 973 2272 quibusque
997 2205 1028 2258 et
1050 2200 1252 2260 eruditissimis
1273 2203 1399 2260 omnium

185 2306 314 2378 gentium
338 2304 524 2379 Christianis,
546 2305 603 2363 nisi
622 2305 740 2378 spiritus
762 2303 854 2362 oculis
877 2309 1012 2378 caream,
1034 2305 1106 2364 satis
1128 2311 1231 2378 aperta
1253 2312 1284 2365 et
1305 2308 1397 2365 mani·

185 2409 261 2469 festa
288 2414 370 2483 sunt,
403 2415 433 2468 et
459 2413 580 2483 propter
605 2409 809 2482 Papslinorum
839 2407 970 2467 facinora
994 2409 1026 2466 in
1054 2407 1183 2468 Concilio
1206 2426 1303 2468 coram
1326 2411 1397 2471 orbe

184 2517 368 2588 perpetrata,
398 2519 429 2572 et
454 2519 574 2587 propter
602 2513 916 2588 praestantissimorum
945 2513 1144 2586 episcoporum
1173 2513 1209 2572 de
1236 2515 1399 2589 iniquitatis

185 2618 355 2692 quibusdam
376 2619 522 2691 mysteriis
544 2618 718 2691 testimonia,
741 2633 816 2691 quae
836 2618 919 2676 multi
935 2632 1034 2677 eorum
1055 2623 1157 2691 postea
1177 2617 1312 2678 oblivioni
1328 2620 1398 2680 dare

184 2722 293 2781 frustm
316 2718 514 2780 studuerunt.¹
558 2721 767 2796 Turpissimum
790 2723 934 2795 quendam
956 2722 1069 2796 dolum,
1101 2721 1138 2781 ab
1156 2723 1221 2781 istis
1241 2725 1399 2799 instigante

185 2827 267 2900 Papa
288 2828 319 2884 in
340 2825 436 2886 medio
459 2826 577 2885 Patrnm
597 2842 739 2885 consensu
761 2826 950 2901 commissum,
972 2827 1205 2900 archiepiscopus
1226 2828 1399 2888 Parisiensie

185 2932 283 2989 statim
294 2929 406 2989 detexit
422 2935 452 2989 et
463 2926 648 3004 castigavit,³
671 2930 723 2989 sed
738 2947 833 3003 neque
843 2931 951 3004 Papam
965 2947 1058 3004 neque
1070 2931 1133 3003 ejus
1142 2933 1283 2992 satellites
1293 2933 1400 3006 injecto

187 3035 297 3109 pudore
315 3035 504 3108 perturbavit.
537 3034 655 3093 Talibus
669 3035 780 3094 artibus
795 3033 901 3093 iactum
918 3041 971 3109 est,
991 3041 1024 3093 ut
1035 3034 1195 3094 Concilium
1209 3042 1330 3096 mortem
1345 3037 1399 3096 sibi

185 3139 280 3212 ipsum
291 3137 464 3198 obedienter
475 3139 676 3212 conscisceret
691 3155 778 3211 quum
788 3138 898 3211 Papam
907 3138 1045 3212 deinceps
1056 3139 1119 3196 sine
1130 3139 1252 3197 concilio
1263 3139 1400 3199 infallibi-

185 3243 244 3302 lem
258 3242 407 3302 doctrinae
421 3243 597 3302 christianae
612 3243 753 3312 arbitrum
768 3258 833 3300 esse
845 3241 1027 3301 concederet.
1050 3241 1209 3300 Maximum
1223 3242 1260 3300 de
1270 3244 1399 3318 Azeglio‚

185 3349 211 3405 si
234 3353 381 3421 superstes
402 3347 518 3422 inisset,
540 3347 683 3406 dicturum
697 3345 787 3406 inisse
807 3346 952 3421 existimo,
973 3347 1034 3419 jam
1051 3345 1136 3404 simul
1151 3347 1181 3404 in
1203 3347 1266 3419 ipso
1278 3347 1399 3421 Papatu,

186 3451 316 3525 ‚suicidii
339 3451 564 3510 monomaniam‘
587 3451 625 3510 ad
647 3467 786 3510 summum
805 3449 869 3510 iere
884 3449 999 3509 culmen
1013 3467 1091 3509 nuno
1105 3451 1283 3524 pervenisse.
1319 3451 1400 3525 Papa

186 3571 269 3630 vero,
298 3563 447 3630 postquam
469 3556 606 3615 traditam
630 3556 777 3628 bucusque
801 3560 1016 3614 samosanctam
1038 3553 1231 3614 Consiliorum
1251 3556 1399 3614 00100000-

184 3659 255 3718 liurn
286 3661 488 3720 auctoritatem
521 3660 664 3733 abolevit,
700 3660 859 3719 laetissimo
891 3661 987 3718 animo
1020 3675 1105 3718 omne
1135 3659 1236 3718 tulisse
1263 3665 1399 3734 punctum

186 3763 503 3838 splendidissimamqud
524 3766 672 3824 victoriam
695 3771 861 3838 reportasse
880 3765 936 3824 sibi
958 3766 1036 3823 visus
1061 3771 1112 3824 est.

272 3869 391 3928 Interea
419 3869 522 3928 iisdem
551 3868 668 3942 diebus,
696 3868 798 3942 quibus
823 3869 898 3928 haec
927 3867 1038 3928 1100000
1066 3868 1262 3942 gerebantur,
1285 3867 1398 3927 Galliae

185 3971 354 4046 imperator,
384 3973 455 4032 alias
484 3973 621 4032 victorias
648 3973 807 4046 somnians,
838 3973 936 4045 aliqua
964 3974 1066 4031 saltem
1095 3987 1132 4030 ex
1152 3976 1237 4044 parte
1259 3971 1399 4046 impulsus

186 4075 224 4136 ab
243 4093 343 4152 uxore,
365 4077 509 4137 clericalis
530 4079 623 4151 partis
644 4075 958 4136 clandestinaoonsilia
979 4081 1136 4150 sequente,
1159 4074 1334 4136 Germaniae
1356 4077 1399 4134 in-

276 4361 302 4428 1)
321 4363 364 4413 Un
381 4361 481 4414 concils
498 4363 529 4413 de
547 4361 724 4412 contrebands.
761 4361 798 4411 cf.
817 4360 953 4422 Quirinus,
973 4359 1110 4410 Ro'miscbs
1128 4357 1215 4412 Brieie
1233 4376 1259 4424 p.
1280 4365 1320 4410 u.

276 4449 302 4516 2)
323 4449 360 4501 Cf.
379 4449 451 4500 Lord
468 4451 565 4509 dolon,
589 4447 791 4500 Sendecbreiben
816 4464 849 4497 an
873 4448 946 4498 einen
969 4447 1108 4498 deutschen
1126 4447 1246 4509 Bischol‚
1273 4447 1401 4496 Miincben

184 4537 256 4603 Sept.
277 4541 352 4588 lato.

272 4623 299 4692 3)
317 4623 441 4681 Quirinus
459 4621 477 4671 l.
499 4637 521 4671 o.
539 4637 566 4686 p.
582 4627 631 4672 596
647 4637 680 4672 ss.
