<?xml version="1.0" encoding="UTF-8"?>
<!DOCTYPE html PUBLIC "-//W3C//DTD XHTML 1.0 Transitional//EN"
    "http://www.w3.org/TR/xhtml1/DTD/xhtml1-transitional.dtd">
<html xmlns="http://www.w3.org/1999/xhtml" xml:lang="en" lang="en">
 <head>
  <title>
</title>
<meta http-equiv="Content-Type" content="text/html;charset=utf-8" />
  <meta name='ocr-system' content='tesseract 3.04.00' />
  <meta name='ocr-capabilities' content='ocr_page ocr_carea ocr_par ocr_line ocrx_word'/>
</head>
<body>
  <div class='ocr_page' id='page_1' title='image "./erasmusredivivu00schlgoog_0432.png"; bbox 0 0 3144 5092; ppageno 0'>
   <div class='ocr_carea' id='block_1_1' title="bbox 665 258 1354 313">
    <p class='ocr_par' dir='ltr' id='par_1_1' title="bbox 665 258 1354 313">
     <span class='ocr_line' id='line_1_1' title="bbox 665 258 1354 313; baseline 0 -1"><span class='ocrx_word' id='word_1_1' title='bbox 665 259 753 313; x_wconf 76' lang='lat' dir='ltr'>Cruor</span> <span class='ocrx_word' id='word_1_2' title='bbox 771 258 817 312; x_wconf 87' lang='lat' dir='ltr'>lV.</span> <span class='ocrx_word' id='word_1_3' title='bbox 1322 260 1354 312; x_wconf 81' lang='lat'>51</span> 
     </span>
    </p>
   </div>
   <div class='ocr_carea' id='block_1_2' title="bbox 131 353 1214 362">
    <p class='ocr_par' dir='ltr' id='par_1_2' title="bbox 131 353 1214 362">
     <span class='ocr_line' id='line_1_2' title="bbox 131 353 1214 362; baseline -0.003 0"><span class='ocrx_word' id='word_1_4' title='bbox 131 353 922 362; x_wconf 72' lang='lat'><em>——-—.—-—-..—-—-—-——-———-—</em></span> <span class='ocrx_word' id='word_1_5' title='bbox 944 353 978 358; x_wconf 96' lang='lat'>——</span> <span class='ocrx_word' id='word_1_6' title='bbox 991 353 1020 358; x_wconf 93' lang='lat'>——</span> <span class='ocrx_word' id='word_1_7' title='bbox 1041 353 1214 360; x_wconf 75' lang='lat'><em>———--</em></span> 
     </span>
    </p>
   </div>
   <div class='ocr_carea' id='block_1_3' title="bbox 129 459 1368 4408">
    <p class='ocr_par' dir='ltr' id='par_1_3' title="bbox 129 459 1368 4408">
     <span class='ocr_line' id='line_1_3' title="bbox 237 459 1357 538; baseline -0.003 -14"><span class='ocrx_word' id='word_1_8' title='bbox 237 462 362 524; x_wconf 77' lang='lat' dir='ltr'>Carolus</span> <span class='ocrx_word' id='word_1_9' title='bbox 386 463 493 524; x_wconf 89' lang='lat' dir='ltr'>Caesar</span> <span class='ocrx_word' id='word_1_10' title='bbox 515 462 598 522; x_wconf 90' lang='lat' dir='ltr'>illius</span> <span class='ocrx_word' id='word_1_11' title='bbox 621 460 714 522; x_wconf 87' lang='lat' dir='ltr'>seculi</span> <span class='ocrx_word' id='word_1_12' title='bbox 736 471 814 521; x_wconf 85' lang='lat' dir='ltr'>anno</span> <span class='ocrx_word' id='word_1_13' title='bbox 835 459 936 520; x_wconf 87' lang='lat' dir='ltr'><strong>XLIV</strong></span> <span class='ocrx_word' id='word_1_14' title='bbox 957 461 991 520; x_wconf 92' lang='grc'>18</span> <span class='ocrx_word' id='word_1_15' title='bbox 1014 459 1149 520; x_wconf 92' lang='lat' dir='ltr'>Comitiis</span> <span class='ocrx_word' id='word_1_16' title='bbox 1168 459 1357 538; x_wconf 87' lang='lat' dir='ltr'>Spirensibus</span> 
     </span>
     <span class='ocr_line' id='line_1_4' title="bbox 129 549 1357 645; baseline -0.002 -15"><span class='ocrx_word' id='word_1_17' title='bbox 129 570 301 630; x_wconf 71' lang='lat' dir='ltr'><strong>adhortatus</strong></span> <span class='ocrx_word' id='word_1_18' title='bbox 320 573 382 630; x_wconf 89' lang='lat' dir='ltr'>erat</span> <span class='ocrx_word' id='word_1_19' title='bbox 401 569 563 631; x_wconf 84' lang='lat' dir='ltr'>Germanos</span> <span class='ocrx_word' id='word_1_20' title='bbox 581 585 696 644; x_wconf 86' lang='lat' dir='ltr'>omnes,</span> <span class='ocrx_word' id='word_1_21' title='bbox 720 585 758 628; x_wconf 88' lang='grc'>88</span> <span class='ocrx_word' id='word_1_22' title='bbox 776 567 926 628; x_wconf 79' lang='lat' dir='ltr'>intestinis</span> <span class='ocrx_word' id='word_1_23' title='bbox 944 567 1031 628; x_wconf 89' lang='lat' dir='ltr'>bellis</span> <span class='ocrx_word' id='word_1_24' title='bbox 1045 549 1081 627; x_wconf 84' lang='lat' dir='ltr'>&#39;et</span> <span class='ocrx_word' id='word_1_25' title='bbox 1097 567 1251 645; x_wconf 79' lang='lat' dir='ltr'>religionis</span> <span class='ocrx_word' id='word_1_26' title='bbox 1268 568 1357 628; x_wconf 89' lang='lat' dir='ltr'>disci-</span> 
     </span>
     <span class='ocr_line' id='line_1_5' title="bbox 129 674 1359 753; baseline -0.002 -17"><span class='ocrx_word' id='word_1_27' title='bbox 129 678 187 736; x_wconf 91' lang='lat' dir='ltr'>diis</span> <span class='ocrx_word' id='word_1_28' title='bbox 209 678 343 738; x_wconf 91' lang='lat' dir='ltr'>animum</span> <span class='ocrx_word' id='word_1_29' title='bbox 362 676 567 738; x_wconf 85' lang='lat' dir='ltr'>communibus</span> <span class='ocrx_word' id='word_1_30' title='bbox 585 675 719 736; x_wconf 80' lang='lat' dir='ltr'>hostibus</span> <span class='ocrx_word' id='word_1_31' title='bbox 739 675 835 736; x_wconf 81' lang='lat' dir='ltr'>iacere</span> <span class='ocrx_word' id='word_1_32' title='bbox 853 679 1022 753; x_wconf 76' lang='lat' dir='ltr'>pergerent,</span> <span class='ocrx_word' id='word_1_33' title='bbox 1044 674 1186 736; x_wconf 89' lang='lat' dir='ltr'>nimirum</span> <span class='ocrx_word' id='word_1_34' title='bbox 1204 674 1310 735; x_wconf 80' lang='grc'><strong>’188818</strong></span> <span class='ocrx_word' id='word_1_35' title='bbox 1328 679 1359 734; x_wconf 88' lang='grc'>81</span> 
     </span>
     <span class='ocr_line' id='line_1_6' title="bbox 130 781 1357 863; baseline -0.002 -19"><span class='ocrx_word' id='word_1_36' title='bbox 130 783 225 845; x_wconf 84' lang='lat' dir='ltr'>Callis</span> <span class='ocrx_word' id='word_1_37' title='bbox 252 784 404 863; x_wconf 84' lang='lat' dir='ltr'>utrimque</span> <span class='ocrx_word' id='word_1_38' title='bbox 430 784 463 844; x_wconf 92' lang='lat' dir='ltr'>in</span> <span class='ocrx_word' id='word_1_39' title='bbox 484 783 648 862; x_wconf 89' lang='lat' dir='ltr'>Imperium</span> <span class='ocrx_word' id='word_1_40' title='bbox 670 783 858 844; x_wconf 90' lang='lat' dir='ltr'>irruentibus.</span> <span class='ocrx_word' id='word_1_41' title='bbox 904 781 1153 858; x_wconf 84' lang='lat' dir='ltr'>Pmtestautibus,</span> <span class='ocrx_word' id='word_1_42' title='bbox 1180 800 1253 860; x_wconf 85' lang='lat' dir='ltr'>pace</span> <span class='ocrx_word' id='word_1_43' title='bbox 1275 783 1357 860; x_wconf 88' lang='lat' dir='ltr'>inita,</span> 
     </span>
     <span class='ocr_line' id='line_1_7' title="bbox 129 889 1359 971; baseline -0.001 -19"><span class='ocrx_word' id='word_1_44' title='bbox 129 893 256 969; x_wconf 84' lang='lat' dir='ltr'>largiom</span> <span class='ocrx_word' id='word_1_45' title='bbox 282 909 371 971; x_wconf 90' lang='lat' dir='ltr'>quam</span> <span class='ocrx_word' id='word_1_46' title='bbox 397 909 530 970; x_wconf 90' lang='lat' dir='ltr'>unquam</span> <span class='ocrx_word' id='word_1_47' title='bbox 557 895 644 952; x_wconf 87' lang='lat' dir='ltr'>antea</span> <span class='ocrx_word' id='word_1_48' title='bbox 667 891 736 968; x_wconf 86' lang='lat' dir='ltr'>jura</span> <span class='ocrx_word' id='word_1_49' title='bbox 762 895 954 951; x_wconf 83' lang='lat' dir='ltr'>concesserat</span> <span class='ocrx_word' id='word_1_50' title='bbox 1001 889 1161 969; x_wconf 82' lang='lat' dir='ltr'>Colloquii,</span> <span class='ocrx_word' id='word_1_51' title='bbox 1189 890 1268 968; x_wconf 93' lang='lat' dir='ltr'>quod</span> <span class='ocrx_word' id='word_1_52' title='bbox 1290 895 1359 951; x_wconf 88' lang='lat' dir='ltr'>ante</span> 
     </span>
     <span class='ocr_line' id='line_1_8' title="bbox 129 998 1359 1074; baseline -0.002 -14"><span class='ocrx_word' id='word_1_53' title='bbox 129 1000 290 1060; x_wconf 78' lang='lat' dir='ltr'>triennium</span> <span class='ocrx_word' id='word_1_54' title='bbox 317 999 495 1060; x_wconf 87' lang='lat' dir='ltr'>Ratisbonae</span> <span class='ocrx_word' id='word_1_55' title='bbox 525 1003 625 1060; x_wconf 88' lang='lat' dir='ltr'>actum</span> <span class='ocrx_word' id='word_1_56' title='bbox 651 1003 726 1074; x_wconf 89' lang='lat' dir='ltr'>erat,</span> <span class='ocrx_word' id='word_1_57' title='bbox 758 998 909 1058; x_wconf 89' lang='lat' dir='ltr'>mentione</span> <span class='ocrx_word' id='word_1_58' title='bbox 935 998 1013 1058; x_wconf 88' lang='lat' dir='ltr'>lacta</span> <span class='ocrx_word' id='word_1_59' title='bbox 1039 999 1268 1059; x_wconf 85' lang='lat' dir='ltr'>controversiam</span> <span class='ocrx_word' id='word_1_60' title='bbox 1294 999 1359 1059; x_wconf 91' lang='lat' dir='ltr'>illic</span> 
     </span>
     <span class='ocr_line' id='line_1_9' title="bbox 129 1105 1359 1184; baseline 0 -18"><span class='ocrx_word' id='word_1_61' title='bbox 129 1125 189 1168; x_wconf 91' lang='lat' dir='ltr'>non</span> <span class='ocrx_word' id='word_1_62' title='bbox 216 1107 372 1168; x_wconf 75' lang='lat' dir='ltr'>diremtum</span> <span class='ocrx_word' id='word_1_63' title='bbox 399 1107 448 1166; x_wconf 80' lang='lat' dir='ltr'>vel</span> <span class='ocrx_word' id='word_1_64' title='bbox 472 1107 603 1168; x_wconf 89' lang='lat' dir='ltr'>Concilio</span> <span class='ocrx_word' id='word_1_65' title='bbox 630 1106 679 1166; x_wconf 82' lang='lat' dir='ltr'>vel</span> <span class='ocrx_word' id='word_1_66' title='bbox 707 1106 819 1183; x_wconf 79' lang='lat' dir='ltr'>synodo</span> <span class='ocrx_word' id='word_1_67' title='bbox 842 1105 984 1166; x_wconf 78' lang='lat' dir='ltr'>nationali</span> <span class='ocrx_word' id='word_1_68' title='bbox 1006 1105 1056 1166; x_wconf 82' lang='lat' dir='ltr'>vel</span> <span class='ocrx_word' id='word_1_69' title='bbox 1078 1106 1213 1166; x_wconf 88' lang='lat' dir='ltr'>Comitiis</span> <span class='ocrx_word' id='word_1_70' title='bbox 1235 1106 1359 1184; x_wconf 90' lang='lat' dir='ltr'>posthac</span> 
     </span>
     <span class='ocr_line' id='line_1_10' title="bbox 130 1213 1359 1293; baseline 0 -20"><span class='ocrx_word' id='word_1_71' title='bbox 130 1216 239 1274; x_wconf 82' lang='lat' dir='ltr'>intruis</span> <span class='ocrx_word' id='word_1_72' title='bbox 262 1215 494 1293; x_wconf 88' lang='lat' dir='ltr'>componendam</span> <span class='ocrx_word' id='word_1_73' title='bbox 516 1231 583 1275; x_wconf 88' lang='lat' dir='ltr'>esse</span> <span class='ocrx_word' id='word_1_74' title='bbox 606 1213 810 1274; x_wconf 83' lang='lat' dir='ltr'>declaraverat</span> <span class='ocrx_word' id='word_1_75' title='bbox 852 1213 958 1292; x_wconf 86' lang='lat' dir='ltr'>Itaque</span> <span class='ocrx_word' id='word_1_76' title='bbox 976 1213 1207 1274; x_wconf 85' lang='lat' dir='ltr'>Protestantium</span> <span class='ocrx_word' id='word_1_77' title='bbox 1229 1213 1359 1274; x_wconf 84' lang='lat' dir='ltr'>maxime</span> 
     </span>
     <span class='ocr_line' id='line_1_11' title="bbox 129 1320 1359 1408; baseline -0.001 -27"><span class='ocrx_word' id='word_1_78' title='bbox 129 1323 242 1381; x_wconf 85' lang='lat' dir='ltr'>auxilio</span> <span class='ocrx_word' id='word_1_79' title='bbox 269 1323 380 1386; x_wconf 86' lang='lat' dir='ltr'>factum</span> <span class='ocrx_word' id='word_1_80' title='bbox 407 1327 466 1398; x_wconf 90' lang='lat' dir='ltr'>est,</span> <span class='ocrx_word' id='word_1_81' title='bbox 498 1326 533 1382; x_wconf 90' lang='lat' dir='ltr'>ut</span> <span class='ocrx_word' id='word_1_82' title='bbox 560 1321 672 1382; x_wconf 89' lang='lat' dir='ltr'>bellum</span> <span class='ocrx_word' id='word_1_83' title='bbox 700 1325 730 1382; x_wconf 90' lang='grc'>81</span> <span class='ocrx_word' id='word_1_84' title='bbox 758 1321 906 1382; x_wconf 83' lang='lat' dir='ltr'>Gallicum</span> <span class='ocrx_word' id='word_1_85' title='bbox 933 1324 963 1380; x_wconf 89' lang='lat' dir='ltr'>et</span> <span class='ocrx_word' id='word_1_86' title='bbox 990 1320 1149 1381; x_wconf 79' lang='lat' dir='ltr'>&#39;l&#39;rucicum</span> <span class='ocrx_word' id='word_1_87' title='bbox 1175 1321 1214 1380; x_wconf 88' lang='lat' dir='ltr'>ad</span> <span class='ocrx_word' id='word_1_88' title='bbox 1241 1321 1359 1408; x_wconf 79' lang='lat' dir='ltr'>lelieem</span> 
     </span>
     <span class='ocr_line' id='line_1_12' title="bbox 130 1427 1360 1506; baseline -0.002 -16"><span class='ocrx_word' id='word_1_89' title='bbox 130 1430 244 1490; x_wconf 84' lang='lat' dir='ltr'>exitum</span> <span class='ocrx_word' id='word_1_90' title='bbox 271 1429 392 1490; x_wconf 85' lang='lat' dir='ltr'>veniret</span> <span class='ocrx_word' id='word_1_91' title='bbox 439 1429 554 1490; x_wconf 88' lang='lat' dir='ltr'>Deinde</span> <span class='ocrx_word' id='word_1_92' title='bbox 582 1429 690 1490; x_wconf 87' lang='lat' dir='ltr'>Caesar</span> <span class='ocrx_word' id='word_1_93' title='bbox 715 1429 753 1488; x_wconf 90' lang='lat' dir='ltr'>ab</span> <span class='ocrx_word' id='word_1_94' title='bbox 779 1428 842 1488; x_wconf 91' lang='lat' dir='ltr'>illis</span> <span class='ocrx_word' id='word_1_95' title='bbox 869 1427 1044 1506; x_wconf 82' lang='lat' dir='ltr'>postulavit,</span> <span class='ocrx_word' id='word_1_96' title='bbox 1071 1433 1106 1488; x_wconf 91' lang='lat' dir='ltr'>ut</span> <span class='ocrx_word' id='word_1_97' title='bbox 1131 1429 1169 1488; x_wconf 89' lang='lat' dir='ltr'>ad</span> <span class='ocrx_word' id='word_1_98' title='bbox 1193 1429 1360 1490; x_wconf 78' lang='lat' dir='ltr'>Concilium</span> 
     </span>
     <span class='ocr_line' id='line_1_13' title="bbox 130 1535 1360 1616; baseline 0 -19"><span class='ocrx_word' id='word_1_99' title='bbox 130 1537 337 1598; x_wconf 70' lang='lat' dir='ltr'>&#39;tridentinum</span> <span class='ocrx_word' id='word_1_100' title='bbox 364 1537 476 1616; x_wconf 82' lang='lat' dir='ltr'>aliquot</span> <span class='ocrx_word' id='word_1_101' title='bbox 502 1541 571 1597; x_wconf 87' lang='lat' dir='ltr'>ante</span> <span class='ocrx_word' id='word_1_102' title='bbox 597 1536 685 1598; x_wconf 89' lang='lat' dir='ltr'>annis</span> <span class='ocrx_word' id='word_1_103' title='bbox 712 1537 858 1598; x_wconf 87' lang='lat' dir='ltr'>indictum</span> <span class='ocrx_word' id='word_1_104' title='bbox 880 1536 993 1614; x_wconf 86' lang='lat' dir='ltr'>legatos</span> <span class='ocrx_word' id='word_1_105' title='bbox 1015 1540 1046 1597; x_wconf 92' lang='lat' dir='ltr'>et</span> <span class='ocrx_word' id='word_1_106' title='bbox 1067 1535 1220 1614; x_wconf 85' lang='lat' dir='ltr'>theologos</span> <span class='ocrx_word' id='word_1_107' title='bbox 1242 1537 1360 1598; x_wconf 84' lang='lat' dir='ltr'>mittere</span> 
     </span>
     <span class='ocr_line' id='line_1_14' title="bbox 130 1643 1359 1722; baseline 0.001 -18"><span class='ocrx_word' id='word_1_108' title='bbox 130 1645 224 1722; x_wconf 83' lang='lat' dir='ltr'>parati</span> <span class='ocrx_word' id='word_1_109' title='bbox 252 1649 360 1705; x_wconf 86' lang='grc'><strong>888881</strong></span> <span class='ocrx_word' id='word_1_110' title='bbox 407 1643 492 1719; x_wconf 84' lang='lat' dir='ltr'>Quod</span> <span class='ocrx_word' id='word_1_111' title='bbox 519 1649 554 1704; x_wconf 92' lang='lat' dir='ltr'>ut</span> <span class='ocrx_word' id='word_1_112' title='bbox 575 1644 784 1705; x_wconf 86' lang='lat' dir='ltr'>concederetur</span> <span class='ocrx_word' id='word_1_113' title='bbox 806 1644 956 1706; x_wconf 89' lang='lat' dir='ltr'>Lutherus</span> <span class='ocrx_word' id='word_1_114' title='bbox 979 1644 1074 1705; x_wconf 88' lang='lat' dir='ltr'>suasit</span> <span class='ocrx_word' id='word_1_115' title='bbox 1096 1649 1126 1704; x_wconf 91' lang='grc'>81</span> <span class='ocrx_word' id='word_1_116' title='bbox 1148 1643 1283 1705; x_wconf 76' lang='lat' dir='ltr'>hortatus</span> <span class='ocrx_word' id='word_1_117' title='bbox 1305 1649 1359 1705; x_wconf 84' lang='grc'>881</span> 
     </span>
     <span class='ocr_line' id='line_1_15' title="bbox 131 1750 1360 1831; baseline 0 -20"><span class='ocrx_word' id='word_1_118' title='bbox 131 1750 315 1830; x_wconf 82' lang='lat' dir='ltr'>Quamquam</span> <span class='ocrx_word' id='word_1_119' title='bbox 343 1752 423 1811; x_wconf 89' lang='lat' dir='ltr'>enim</span> <span class='ocrx_word' id='word_1_120' title='bbox 450 1752 527 1811; x_wconf 92' lang='lat' dir='ltr'>nibil</span> <span class='ocrx_word' id='word_1_121' title='bbox 553 1751 622 1812; x_wconf 92' lang='lat' dir='ltr'>boui</span> <span class='ocrx_word' id='word_1_122' title='bbox 649 1752 803 1828; x_wconf 86' lang='lat' dir='ltr'>asynodo</span> <span class='ocrx_word' id='word_1_123' title='bbox 826 1757 999 1830; x_wconf 83' lang='lat' dir='ltr'>exspectare</span> <span class='ocrx_word' id='word_1_124' title='bbox 1021 1752 1131 1830; x_wconf 90' lang='lat' dir='ltr'>potuit,</span> <span class='ocrx_word' id='word_1_125' title='bbox 1160 1770 1237 1831; x_wconf 90' lang='lat' dir='ltr'>quas</span> <span class='ocrx_word' id='word_1_126' title='bbox 1258 1752 1360 1812; x_wconf 89' lang='lat' dir='ltr'>Ponti-</span> 
     </span>
     <span class='ocr_line' id='line_1_16' title="bbox 131 1859 1360 1937; baseline 0 -19"><span class='ocrx_word' id='word_1_127' title='bbox 131 1860 197 1920; x_wconf 84' lang='lat' dir='ltr'>ficis</span> <span class='ocrx_word' id='word_1_128' title='bbox 228 1859 382 1936; x_wconf 83' lang='lat' dir='ltr'>auspiciis,</span> <span class='ocrx_word' id='word_1_129' title='bbox 415 1859 561 1919; x_wconf 88' lang='lat' dir='ltr'>declarato</span> <span class='ocrx_word' id='word_1_130' title='bbox 593 1859 717 1920; x_wconf 86' lang='lat' dir='ltr'>consilio</span> <span class='ocrx_word' id='word_1_131' title='bbox 749 1863 783 1919; x_wconf 93' lang='lat' dir='ltr'>ut</span> <span class='ocrx_word' id='word_1_132' title='bbox 809 1859 949 1920; x_wconf 87' lang='lat' dir='ltr'>baeretici</span> <span class='ocrx_word' id='word_1_133' title='bbox 977 1859 1007 1918; x_wconf 89' lang='lat' dir='ltr'>vi</span> <span class='ocrx_word' id='word_1_134' title='bbox 1035 1859 1283 1937; x_wconf 80' lang='lat' dir='ltr'>exstirparentur,</span> <span class='ocrx_word' id='word_1_135' title='bbox 1315 1860 1360 1918; x_wconf 90' lang='grc'>18-</span> 
     </span>
     <span class='ocr_line' id='line_1_17' title="bbox 130 1965 1360 2044; baseline -0.002 -18"><span class='ocrx_word' id='word_1_136' title='bbox 130 1967 244 2026; x_wconf 87' lang='lat' dir='ltr'>dictum</span> <span class='ocrx_word' id='word_1_137' title='bbox 266 1971 342 2042; x_wconf 87' lang='lat' dir='ltr'>erat,</span> <span class='ocrx_word' id='word_1_138' title='bbox 369 1966 563 2026; x_wconf 88' lang='lat' dir='ltr'>nihilominus</span> <span class='ocrx_word' id='word_1_139' title='bbox 587 1971 685 2044; x_wconf 87' lang='lat' dir='ltr'>spreto</span> <span class='ocrx_word' id='word_1_140' title='bbox 707 1967 797 2027; x_wconf 91' lang='lat' dir='ltr'>etiam</span> <span class='ocrx_word' id='word_1_141' title='bbox 820 1966 960 2044; x_wconf 87' lang='lat' dir='ltr'>supplicii</span> <span class='ocrx_word' id='word_1_142' title='bbox 983 1965 1114 2044; x_wconf 87' lang='lat' dir='ltr'>periculo</span> <span class='ocrx_word' id='word_1_143' title='bbox 1137 1966 1210 2028; x_wconf 90' lang='lat' dir='ltr'>illuc</span> <span class='ocrx_word' id='word_1_144' title='bbox 1230 1966 1360 2026; x_wconf 89' lang='lat' dir='ltr'>eundum</span> 
     </span>
     <span class='ocr_line' id='line_1_18' title="bbox 131 2073 1361 2152; baseline -0.001 -17"><span class='ocrx_word' id='word_1_145' title='bbox 131 2091 198 2136; x_wconf 84' lang='lat' dir='ltr'>esse</span> <span class='ocrx_word' id='word_1_146' title='bbox 224 2079 255 2134; x_wconf 90' lang='lat' dir='ltr'>et</span> <span class='ocrx_word' id='word_1_147' title='bbox 281 2092 379 2135; x_wconf 88' lang='lat' dir='ltr'>coram</span> <span class='ocrx_word' id='word_1_148' title='bbox 407 2075 545 2134; x_wconf 91' lang='lat' dir='ltr'>omnibus</span> <span class='ocrx_word' id='word_1_149' title='bbox 571 2073 692 2152; x_wconf 88' lang='lat' dir='ltr'>populis</span> <span class='ocrx_word' id='word_1_150' title='bbox 718 2074 877 2134; x_wconf 90' lang='lat' dir='ltr'>dicendum</span> <span class='ocrx_word' id='word_1_151' title='bbox 905 2073 1109 2134; x_wconf 89' lang='lat' dir='ltr'>testimouium</span> <span class='ocrx_word' id='word_1_152' title='bbox 1131 2074 1255 2134; x_wconf 70' lang='lat' dir='ltr'>cenarit</span> <span class='ocrx_word' id='word_1_153' title='bbox 1302 2073 1361 2134; x_wconf 88' lang='lat' dir='ltr'>Sed</span> 
     </span>
     <span class='ocr_line' id='line_1_19' title="bbox 131 2179 1361 2272; baseline 0 -30"><span class='ocrx_word' id='word_1_154' title='bbox 131 2183 189 2242; x_wconf 85' lang='lat' dir='ltr'>alia</span> <span class='ocrx_word' id='word_1_155' title='bbox 215 2181 389 2260; x_wconf 84' lang='lat' dir='ltr'>Principum</span> <span class='ocrx_word' id='word_1_156' title='bbox 417 2181 648 2272; x_wconf 72' lang='lat' dir='ltr'>Brotestantium</span> <span class='ocrx_word' id='word_1_157' title='bbox 680 2182 828 2244; x_wconf 88' lang='lat' dir='ltr'>sententia</span> <span class='ocrx_word' id='word_1_158' title='bbox 858 2187 928 2242; x_wconf 85' lang='lat' dir='ltr'>erat</span> <span class='ocrx_word' id='word_1_159' title='bbox 979 2179 1037 2256; x_wconf 82' lang='lat' dir='ltr'>Qui</span> <span class='ocrx_word' id='word_1_160' title='bbox 1069 2200 1162 2260; x_wconf 92' lang='lat' dir='ltr'>quum</span> <span class='ocrx_word' id='word_1_161' title='bbox 1189 2181 1361 2260; x_wconf 88' lang='lat' dir='ltr'>promittere</span> 
     </span>
     <span class='ocr_line' id='line_1_20' title="bbox 131 2289 1360 2368; baseline 0.002 -20"><span class='ocrx_word' id='word_1_162' title='bbox 131 2289 215 2350; x_wconf 92' lang='lat' dir='ltr'>nullo</span> <span class='ocrx_word' id='word_1_163' title='bbox 237 2290 322 2350; x_wconf 89' lang='lat' dir='ltr'>modo</span> <span class='ocrx_word' id='word_1_164' title='bbox 345 2295 480 2366; x_wconf 84' lang='lat' dir='ltr'>possent,</span> <span class='ocrx_word' id='word_1_165' title='bbox 508 2307 541 2350; x_wconf 88' lang='lat' dir='ltr'>ae</span> <span class='ocrx_word' id='word_1_166' title='bbox 565 2289 690 2367; x_wconf 78' lang='lat' dir='ltr'>concilii</span> <span class='ocrx_word' id='word_1_167' title='bbox 712 2309 731 2350; x_wconf 90' lang='grc'>8</span> <span class='ocrx_word' id='word_1_168' title='bbox 752 2289 834 2367; x_wconf 87' lang='lat' dir='ltr'>Papa</span> <span class='ocrx_word' id='word_1_169' title='bbox 855 2289 1012 2367; x_wconf 90' lang='lat' dir='ltr'>pendentis</span> <span class='ocrx_word' id='word_1_170' title='bbox 1034 2289 1165 2368; x_wconf 88' lang='lat' dir='ltr'>placitis,</span> <span class='ocrx_word' id='word_1_171' title='bbox 1188 2289 1360 2368; x_wconf 90' lang='lat' dir='ltr'>qualiacun-</span> 
     </span>
     <span class='ocr_line' id='line_1_21' title="bbox 132 2396 1360 2476; baseline 0 -20"><span class='ocrx_word' id='word_1_172' title='bbox 132 2415 190 2474; x_wconf 88' lang='lat' dir='ltr'>que</span> <span class='ocrx_word' id='word_1_173' title='bbox 208 2398 317 2474; x_wconf 83' lang='lat' dir='ltr'>forent,</span> <span class='ocrx_word' id='word_1_174' title='bbox 340 2397 540 2458; x_wconf 89' lang='lat' dir='ltr'>submissuros</span> <span class='ocrx_word' id='word_1_175' title='bbox 559 2415 592 2458; x_wconf 89' lang='lat' dir='ltr'>se</span> <span class='ocrx_word' id='word_1_176' title='bbox 610 2415 690 2464; x_wconf 78' lang='lat' dir='ltr'>esse,</span> <span class='ocrx_word' id='word_1_177' title='bbox 708 2415 747 2456; x_wconf 89' lang='lat' dir='ltr'>ue</span> <span class='ocrx_word' id='word_1_178' title='bbox 765 2396 924 2473; x_wconf 86' lang='lat' dir='ltr'>legandum</span> <span class='ocrx_word' id='word_1_179' title='bbox 942 2397 1062 2475; x_wconf 90' lang='lat' dir='ltr'>quidem</span> <span class='ocrx_word' id='word_1_180' title='bbox 1080 2397 1154 2457; x_wconf 90' lang='lat' dir='ltr'>illuc</span> <span class='ocrx_word' id='word_1_181' title='bbox 1172 2415 1360 2476; x_wconf 89' lang='lat' dir='ltr'>quemquam,</span> 
     </span>
     <span class='ocr_line' id='line_1_22' title="bbox 132 2504 1361 2582; baseline 0.002 -17"><span class='ocrx_word' id='word_1_182' title='bbox 132 2505 185 2565; x_wconf 85' lang='lat' dir='ltr'>scd</span> <span class='ocrx_word' id='word_1_183' title='bbox 217 2505 327 2582; x_wconf 86' lang='lat' dir='ltr'>scripto</span> <span class='ocrx_word' id='word_1_184' title='bbox 358 2510 460 2564; x_wconf 87' lang='lat' dir='ltr'>votum</span> <span class='ocrx_word' id='word_1_185' title='bbox 487 2505 635 2565; x_wconf 90' lang='lat' dir='ltr'>edendum</span> <span class='ocrx_word' id='word_1_186' title='bbox 661 2505 812 2582; x_wconf 84' lang='lat' dir='ltr'>putabant</span> <span class='ocrx_word' id='word_1_187' title='bbox 862 2504 943 2564; x_wconf 88' lang='lat' dir='ltr'>Haec</span> <span class='ocrx_word' id='word_1_188' title='bbox 970 2505 1199 2580; x_wconf 82' lang='lat' dir='ltr'>,reformationis</span> <span class='ocrx_word' id='word_1_189' title='bbox 1226 2504 1361 2566; x_wconf 86' lang='lat' dir='ltr'>Viteber·</span> 
     </span>
     <span class='ocr_line' id='line_1_23' title="bbox 132 2608 1361 2691; baseline 0.003 -21"><span class='ocrx_word' id='word_1_190' title='bbox 132 2613 247 2689; x_wconf 85' lang='lat' dir='ltr'>gensis‘</span> <span class='ocrx_word' id='word_1_191' title='bbox 279 2631 297 2672; x_wconf 88' lang='lat' dir='ltr'>a</span> <span class='ocrx_word' id='word_1_192' title='bbox 323 2608 551 2673; x_wconf 86' lang='lat' dir='ltr'>Melanehtlione</span> <span class='ocrx_word' id='word_1_193' title='bbox 583 2613 723 2690; x_wconf 88' lang='lat' dir='ltr'>scriptae,</span> <span class='ocrx_word' id='word_1_194' title='bbox 755 2612 792 2672; x_wconf 89' lang='lat' dir='ltr'>de</span> <span class='ocrx_word' id='word_1_195' title='bbox 819 2630 879 2690; x_wconf 91' lang='lat' dir='ltr'>qua</span> <span class='ocrx_word' id='word_1_196' title='bbox 905 2630 997 2691; x_wconf 89' lang='lat' dir='ltr'>supra</span> <span class='ocrx_word' id='word_1_197' title='bbox 1022 2611 1167 2688; x_wconf 84' lang='lat' dir='ltr'>diximus,</span> <span class='ocrx_word' id='word_1_198' title='bbox 1199 2613 1281 2691; x_wconf 85' lang='lat' dir='ltr'>origo</span> <span class='ocrx_word' id='word_1_199' title='bbox 1308 2618 1361 2674; x_wconf 88' lang='lat' dir='ltr'>est</span> 
     </span>
     <span class='ocr_line' id='line_1_24' title="bbox 133 2719 1363 2799; baseline 0.002 -20"><span class='ocrx_word' id='word_1_200' title='bbox 133 2719 214 2795; x_wconf 83' lang='lat' dir='ltr'>Quae</span> <span class='ocrx_word' id='word_1_201' title='bbox 245 2739 338 2799; x_wconf 91' lang='lat' dir='ltr'>quum</span> <span class='ocrx_word' id='word_1_202' title='bbox 365 2720 494 2781; x_wconf 77' lang='lat' dir='ltr'>Electori</span> <span class='ocrx_word' id='word_1_203' title='bbox 522 2721 666 2782; x_wconf 88' lang='lat' dir='ltr'>Saxonioo</span> <span class='ocrx_word' id='word_1_204' title='bbox 698 2721 789 2780; x_wconf 91' lang='lat' dir='ltr'>nimis</span> <span class='ocrx_word' id='word_1_205' title='bbox 820 2724 975 2781; x_wconf 84' lang='lat' dir='ltr'>mausueta</span> <span class='ocrx_word' id='word_1_206' title='bbox 1005 2719 1071 2782; x_wconf 83' lang='lat' dir='ltr'>visa</span> <span class='ocrx_word' id='word_1_207' title='bbox 1101 2725 1193 2796; x_wconf 87' lang='lat' dir='ltr'>esset,</span> <span class='ocrx_word' id='word_1_208' title='bbox 1225 2721 1363 2799; x_wconf 85' lang='lat' dir='ltr'>inprimis</span> 
     </span>
     <span class='ocr_line' id='line_1_25' title="bbox 134 2827 1363 2906; baseline 0 -18"><span class='ocrx_word' id='word_1_209' title='bbox 134 2833 253 2906; x_wconf 89' lang='lat' dir='ltr'>propter</span> <span class='ocrx_word' id='word_1_210' title='bbox 274 2827 426 2904; x_wconf 82' lang='lat' dir='ltr'>vrdgatam</span> <span class='ocrx_word' id='word_1_211' title='bbox 448 2829 561 2888; x_wconf 87' lang='lat' dir='ltr'>interea</span> <span class='ocrx_word' id='word_1_212' title='bbox 580 2829 679 2906; x_wconf 81' lang='lat' dir='ltr'>Papae</span> <span class='ocrx_word' id='word_1_213' title='bbox 701 2847 770 2889; x_wconf 91' lang='lat' dir='ltr'>curn</span> <span class='ocrx_word' id='word_1_214' title='bbox 794 2828 919 2889; x_wconf 86' lang='lat' dir='ltr'>Caesare</span> <span class='ocrx_word' id='word_1_215' title='bbox 941 2829 1221 2906; x_wconf 87' lang='lat' dir='ltr'>expostulationem,</span> <span class='ocrx_word' id='word_1_216' title='bbox 1249 2833 1363 2906; x_wconf 87' lang='lat' dir='ltr'>specta-</span> 
     </span>
     <span class='ocr_line' id='line_1_26' title="bbox 133 2934 1362 3014; baseline 0 -20"><span class='ocrx_word' id='word_1_217' title='bbox 133 2935 269 2996; x_wconf 87' lang='lat' dir='ltr'>tissimus</span> <span class='ocrx_word' id='word_1_218' title='bbox 291 2934 486 2995; x_wconf 86' lang='lat' dir='ltr'>cancellarius</span> <span class='ocrx_word' id='word_1_219' title='bbox 503 2935 655 2995; x_wconf 82' lang='lat' dir='ltr'>Pantanus</span> <span class='ocrx_word' id='word_1_220' title='bbox 678 2935 724 2995; x_wconf 95' lang='lat' dir='ltr'>illi</span> <span class='ocrx_word' id='word_1_221' title='bbox 742 2936 903 3014; x_wconf 89' lang='lat' dir='ltr'>persuasit,</span> <span class='ocrx_word' id='word_1_222' title='bbox 926 2943 960 2996; x_wconf 91' lang='lat' dir='ltr'>ut</span> <span class='ocrx_word' id='word_1_223' title='bbox 977 2935 1216 2996; x_wconf 85' lang='lat' dir='ltr'>Melanchthonis</span> <span class='ocrx_word' id='word_1_224' title='bbox 1234 2935 1362 2996; x_wconf 90' lang='lat' dir='ltr'>laborem</span> 
     </span>
     <span class='ocr_line' id='line_1_27' title="bbox 134 3041 1364 3121; baseline -0.002 -19"><span class='ocrx_word' id='word_1_225' title='bbox 134 3043 281 3121; x_wconf 85' lang='lat' dir='ltr'>probaret,</span> <span class='ocrx_word' id='word_1_226' title='bbox 319 3043 485 3102; x_wconf 90' lang='lat' dir='ltr'>Lutherum</span> <span class='ocrx_word' id='word_1_227' title='bbox 516 3059 585 3102; x_wconf 88' lang='lat' dir='ltr'>vero</span> <span class='ocrx_word' id='word_1_228' title='bbox 616 3043 653 3101; x_wconf 90' lang='lat' dir='ltr'>ad</span> <span class='ocrx_word' id='word_1_229' title='bbox 685 3042 743 3102; x_wconf 90' lang='lat' dir='ltr'>alia</span> <span class='ocrx_word' id='word_1_230' title='bbox 777 3047 940 3104; x_wconf 85' lang='lat' dir='ltr'>reservaret</span> <span class='ocrx_word' id='word_1_231' title='bbox 970 3047 1215 3120; x_wconf 81' lang='lat' dir='ltr'>exspectaretque</span> <span class='ocrx_word' id='word_1_232' title='bbox 1246 3041 1364 3102; x_wconf 80' lang='lat' dir='ltr'>sutilem</span> 
     </span>
     <span class='ocr_line' id='line_1_28' title="bbox 134 3148 1364 3226; baseline 0 -18"><span class='ocrx_word' id='word_1_233' title='bbox 134 3152 264 3210; x_wconf 85' lang='lat' dir='ltr'>suturam</span> <span class='ocrx_word' id='word_1_234' title='bbox 295 3149 531 3210; x_wconf 87' lang='lat' dir='ltr'>reionnationem</span> <span class='ocrx_word' id='word_1_235' title='bbox 563 3148 764 3209; x_wconf 68' lang='lat' dir='ltr'>&#39;tridentinam</span> <span class='ocrx_word' id='word_1_236' title='bbox 796 3155 827 3209; x_wconf 89' lang='grc'>81</span> <span class='ocrx_word' id='word_1_237' title='bbox 858 3149 1072 3209; x_wconf 87' lang='lat' dir='ltr'>incrementum</span> <span class='ocrx_word' id='word_1_238' title='bbox 1103 3153 1256 3226; x_wconf 85' lang='lat' dir='ltr'>capturam</span> <span class='ocrx_word' id='word_1_239' title='bbox 1286 3167 1364 3208; x_wconf 90' lang='lat' dir='ltr'>arro-</span> 
     </span>
     <span class='ocr_line' id='line_1_29' title="bbox 134 3255 1364 3336; baseline -0.001 -19"><span class='ocrx_word' id='word_1_240' title='bbox 134 3259 265 3336; x_wconf 77' lang='lat' dir='ltr'>gantiam</span> <span class='ocrx_word' id='word_1_241' title='bbox 287 3257 490 3334; x_wconf 88' lang='lat' dir='ltr'>malitiamque</span> <span class='ocrx_word' id='word_1_242' title='bbox 509 3255 707 3334; x_wconf 72' lang='lat' dir='ltr'>Perductum,</span> <span class='ocrx_word' id='word_1_243' title='bbox 731 3261 803 3316; x_wconf 91' lang='lat' dir='ltr'>trrne</span> <span class='ocrx_word' id='word_1_244' title='bbox 825 3273 901 3333; x_wconf 89' lang='lat' dir='ltr'>opus</span> <span class='ocrx_word' id='word_1_245' title='bbox 919 3256 994 3331; x_wconf 84' lang='lat' dir='ltr'>fore,</span> <span class='ocrx_word' id='word_1_246' title='bbox 1017 3261 1052 3315; x_wconf 91' lang='lat' dir='ltr'>ut</span> <span class='ocrx_word' id='word_1_247' title='bbox 1069 3255 1218 3316; x_wconf 87' lang='lat' dir='ltr'>Lutherus</span> <span class='ocrx_word' id='word_1_248' title='bbox 1237 3255 1364 3316; x_wconf 87' lang='lat' dir='ltr'>securim</span> 
     </span>
     <span class='ocr_line' id='line_1_30' title="bbox 136 3362 1364 3442; baseline -0.002 -18"><span class='ocrx_word' id='word_1_249' title='bbox 136 3365 269 3426; x_wconf 82' lang='lat' dir='ltr'>fabrilem</span> <span class='ocrx_word' id='word_1_250' title='bbox 297 3365 439 3442; x_wconf 87' lang='lat' dir='ltr'>arriperet</span> <span class='ocrx_word' id='word_1_251' title='bbox 465 3369 496 3424; x_wconf 92' lang='lat' dir='ltr'>et</span> <span class='ocrx_word' id='word_1_252' title='bbox 523 3382 576 3442; x_wconf 91' lang='lat' dir='ltr'>pro</span> <span class='ocrx_word' id='word_1_253' title='bbox 604 3364 711 3442; x_wconf 92' lang='lat' dir='ltr'>spiritu</span> <span class='ocrx_word' id='word_1_254' title='bbox 738 3381 809 3442; x_wconf 89' lang='lat' dir='ltr'>prae</span> <span class='ocrx_word' id='word_1_255' title='bbox 836 3362 941 3424; x_wconf 80' lang='lat' dir='ltr'>uetans</span> <span class='ocrx_word' id='word_1_256' title='bbox 969 3363 996 3424; x_wconf 91' lang='lat' dir='ltr'>ei</span> <span class='ocrx_word' id='word_1_257' title='bbox 1024 3363 1194 3424; x_wconf 89' lang='lat' dir='ltr'>bominibus</span> <span class='ocrx_word' id='word_1_258' title='bbox 1216 3363 1284 3424; x_wconf 89' lang='lat' dir='ltr'>dato</span> <span class='ocrx_word' id='word_1_259' title='bbox 1306 3364 1364 3424; x_wconf 86' lang='lat' dir='ltr'>lor-</span> 
     </span>
     <span class='ocr_line' id='line_1_31' title="bbox 135 3471 1364 3552; baseline 0 -20"><span class='ocrx_word' id='word_1_260' title='bbox 135 3473 204 3534; x_wconf 88' lang='lat' dir='ltr'>titer</span> <span class='ocrx_word' id='word_1_261' title='bbox 226 3473 373 3548; x_wconf 89' lang='lat' dir='ltr'>caederet,</span> <span class='ocrx_word' id='word_1_262' title='bbox 396 3479 431 3533; x_wconf 92' lang='lat' dir='ltr'>nt</span> <span class='ocrx_word' id='word_1_263' title='bbox 453 3472 594 3531; x_wconf 90' lang='lat' dir='ltr'>nimirum</span> <span class='ocrx_word' id='word_1_264' title='bbox 618 3471 659 3552; x_wconf 81' lang='lat' dir='ltr'>(id</span> <span class='ocrx_word' id='word_1_265' title='bbox 682 3471 762 3551; x_wconf 91' lang='lat' dir='ltr'>quod</span> <span class='ocrx_word' id='word_1_266' title='bbox 785 3471 903 3549; x_wconf 83' lang='lat' dir='ltr'>egregie</span> <span class='ocrx_word' id='word_1_267' title='bbox 925 3471 991 3532; x_wconf 88' lang='lat' dir='ltr'>sins</span> <span class='ocrx_word' id='word_1_268' title='bbox 1012 3471 1101 3532; x_wconf 91' lang='lat' dir='ltr'>dubio</span> <span class='ocrx_word' id='word_1_269' title='bbox 1124 3471 1257 3532; x_wconf 82' lang='grc'><strong>18818888</strong></span> <span class='ocrx_word' id='word_1_270' title='bbox 1275 3471 1364 3548; x_wconf 76' lang='lat' dir='ltr'>esset)</span> 
     </span>
     <span class='ocr_line' id='line_1_32' title="bbox 136 3579 1365 3659; baseline -0.001 -19"><span class='ocrx_word' id='word_1_271' title='bbox 136 3581 246 3659; x_wconf 85' lang='lat' dir='ltr'>Pupam</span> <span class='ocrx_word' id='word_1_272' title='bbox 270 3580 337 3640; x_wconf 85' lang='grc'><strong>18181</strong></span> <span class='ocrx_word' id='word_1_273' title='bbox 361 3580 602 3658; x_wconf 83' lang='lat' dir='ltr'>pmepoeterique</span> <span class='ocrx_word' id='word_1_274' title='bbox 617 3579 723 3657; x_wconf 90' lang='lat' dir='ltr'>judicii</span> <span class='ocrx_word' id='word_1_275' title='bbox 743 3585 774 3640; x_wconf 92' lang='grc'>81</span> <span class='ocrx_word' id='word_1_276' title='bbox 790 3579 973 3658; x_wconf 88' lang='lat' dir='ltr'>impudentis</span> <span class='ocrx_word' id='word_1_277' title='bbox 991 3579 1136 3640; x_wconf 86' lang='lat' dir='ltr'>mendacii</span> <span class='ocrx_word' id='word_1_278' title='bbox 1154 3579 1365 3641; x_wconf 80' lang='lat' dir='ltr'>convinceret.l</span> 
     </span>
     <span class='ocr_line' id='line_1_33' title="bbox 136 3687 1364 3764; baseline -0.002 -18"><span class='ocrx_word' id='word_1_279' title='bbox 136 3688 242 3748; x_wconf 84' lang='lat' dir='ltr'>Postea</span> <span class='ocrx_word' id='word_1_280' title='bbox 264 3706 333 3748; x_wconf 85' lang='lat' dir='ltr'>uero</span> <span class='ocrx_word' id='word_1_281' title='bbox 356 3688 522 3748; x_wconf 86' lang='lat' dir='ltr'>consultius</span> <span class='ocrx_word' id='word_1_282' title='bbox 545 3687 644 3748; x_wconf 85' lang='lat' dir='ltr'>visum</span> <span class='ocrx_word' id='word_1_283' title='bbox 667 3692 726 3763; x_wconf 89' lang='lat' dir='ltr'>est,</span> <span class='ocrx_word' id='word_1_284' title='bbox 750 3691 784 3746; x_wconf 91' lang='lat' dir='ltr'>ut</span> <span class='ocrx_word' id='word_1_285' title='bbox 800 3687 950 3746; x_wconf 88' lang='lat' dir='ltr'>Lutherus</span> <span class='ocrx_word' id='word_1_286' title='bbox 970 3687 1033 3763; x_wconf 88' lang='lat' dir='ltr'>jam</span> <span class='ocrx_word' id='word_1_287' title='bbox 1054 3691 1124 3746; x_wconf 91' lang='lat' dir='ltr'>ante</span> <span class='ocrx_word' id='word_1_288' title='bbox 1141 3691 1278 3764; x_wconf 88' lang='lat' dir='ltr'>coeptum</span> <span class='ocrx_word' id='word_1_289' title='bbox 1296 3703 1364 3745; x_wconf 89' lang='lat' dir='ltr'>con·</span> 
     </span>
     <span class='ocr_line' id='line_1_34' title="bbox 136 3793 1366 3874; baseline -0.002 -20"><span class='ocrx_word' id='word_1_290' title='bbox 136 3795 238 3854; x_wconf 88' lang='lat' dir='ltr'>cilium</span> <span class='ocrx_word' id='word_1_291' title='bbox 266 3795 411 3871; x_wconf 89' lang='lat' dir='ltr'>ejusmodi</span> <span class='ocrx_word' id='word_1_292' title='bbox 439 3795 582 3874; x_wconf 84' lang='lat' dir='ltr'>scriptum</span> <span class='ocrx_word' id='word_1_293' title='bbox 610 3795 717 3856; x_wconf 82' lang='lat' dir='ltr'>ederet</span> <span class='ocrx_word' id='word_1_294' title='bbox 763 3795 856 3871; x_wconf 90' lang='lat' dir='ltr'>Cujus</span> <span class='ocrx_word' id='word_1_295' title='bbox 884 3794 927 3853; x_wconf 90' lang='lat' dir='ltr'>rei</span> <span class='ocrx_word' id='word_1_296' title='bbox 954 3811 1044 3854; x_wconf 88' lang='lat' dir='ltr'>causa</span> <span class='ocrx_word' id='word_1_297' title='bbox 1065 3793 1148 3870; x_wconf 91' lang='lat' dir='ltr'>illae,</span> <span class='ocrx_word' id='word_1_298' title='bbox 1177 3811 1252 3871; x_wconf 86' lang='lat' dir='ltr'>quas</span> <span class='ocrx_word' id='word_1_299' title='bbox 1276 3811 1366 3870; x_wconf 90' lang='lat' dir='ltr'>supra</span> 
     </span>
     <span class='ocr_line' id='line_1_35' title="bbox 136 3900 1366 3980; baseline -0.002 -18"><span class='ocrx_word' id='word_1_300' title='bbox 136 3903 281 3978; x_wconf 88' lang='lat' dir='ltr'>diximus,</span> <span class='ocrx_word' id='word_1_301' title='bbox 308 3903 396 3962; x_wconf 87' lang='lat' dir='ltr'>Pauli</span> <span class='ocrx_word' id='word_1_302' title='bbox 415 3903 469 3962; x_wconf 89' lang='lat' dir='ltr'>III.</span> <span class='ocrx_word' id='word_1_303' title='bbox 490 3902 633 3980; x_wconf 88' lang='lat' dir='ltr'>epistolae</span> <span class='ocrx_word' id='word_1_304' title='bbox 660 3906 756 3977; x_wconf 83' lang='lat' dir='ltr'>erant,</span> <span class='ocrx_word' id='word_1_305' title='bbox 784 3905 844 3960; x_wconf 84' lang='lat' dir='ltr'>tam</span> <span class='ocrx_word' id='word_1_306' title='bbox 867 3901 989 3961; x_wconf 90' lang='lat' dir='ltr'>immani</span> <span class='ocrx_word' id='word_1_307' title='bbox 1011 3900 1176 3979; x_wconf 87' lang='lat' dir='ltr'>petulantia</span> <span class='ocrx_word' id='word_1_308' title='bbox 1197 3919 1232 3960; x_wconf 87' lang='lat' dir='ltr'>ac</span> <span class='ocrx_word' id='word_1_309' title='bbox 1254 3905 1366 3978; x_wconf 83' lang='lat' dir='ltr'>proter·</span> 
     </span>
     <span class='ocr_line' id='line_1_36' title="bbox 137 4007 1367 4087; baseline 0 -21"><span class='ocrx_word' id='word_1_310' title='bbox 137 4009 228 4070; x_wconf 87' lang='lat' dir='ltr'>vitate</span> <span class='ocrx_word' id='word_1_311' title='bbox 250 4010 401 4087; x_wconf 84' lang='lat' dir='ltr'>pontificia</span> <span class='ocrx_word' id='word_1_312' title='bbox 422 4011 561 4084; x_wconf 86' lang='lat' dir='ltr'>refertae,</span> <span class='ocrx_word' id='word_1_313' title='bbox 584 4012 619 4068; x_wconf 92' lang='lat' dir='ltr'>ut</span> <span class='ocrx_word' id='word_1_314' title='bbox 641 4009 759 4086; x_wconf 90' lang='lat' dir='ltr'>turpius</span> <span class='ocrx_word' id='word_1_315' title='bbox 777 4007 910 4085; x_wconf 85' lang='lat' dir='ltr'>ejusdem</span> <span class='ocrx_word' id='word_1_316' title='bbox 929 4007 1101 4086; x_wconf 87' lang='lat' dir='ltr'>exemplum</span> <span class='ocrx_word' id='word_1_317' title='bbox 1119 4007 1183 4068; x_wconf 89' lang='lat' dir='ltr'>dari</span> <span class='ocrx_word' id='word_1_318' title='bbox 1200 4025 1261 4067; x_wconf 91' lang='lat' dir='ltr'>nou</span> <span class='ocrx_word' id='word_1_319' title='bbox 1279 4025 1367 4085; x_wconf 87' lang='lat' dir='ltr'>posse</span> 
     </span>
     <span class='ocr_line' id='line_1_37' title="bbox 138 4115 1367 4194; baseline -0.002 -18"><span class='ocrx_word' id='word_1_320' title='bbox 138 4117 294 4177; x_wconf 85' lang='lat' dir='ltr'>videretur.</span> <span class='ocrx_word' id='word_1_321' title='bbox 341 4115 422 4191; x_wconf 85' lang='lat' dir='ltr'>Quae</span> <span class='ocrx_word' id='word_1_322' title='bbox 444 4115 587 4194; x_wconf 85' lang='lat' dir='ltr'>epistolae</span> <span class='ocrx_word' id='word_1_323' title='bbox 610 4115 693 4194; x_wconf 90' lang='lat' dir='ltr'>plus,</span> <span class='ocrx_word' id='word_1_324' title='bbox 717 4133 806 4194; x_wconf 89' lang='lat' dir='ltr'>quam</span> <span class='ocrx_word' id='word_1_325' title='bbox 829 4115 919 4192; x_wconf 82' lang='lat' dir='ltr'>vulgo</span> <span class='ocrx_word' id='word_1_326' title='bbox 941 4115 1083 4192; x_wconf 78' lang='lat' dir='ltr'>creditur,</span> <span class='ocrx_word' id='word_1_327' title='bbox 1106 4115 1144 4176; x_wconf 92' lang='lat' dir='ltr'>ad</span> <span class='ocrx_word' id='word_1_328' title='bbox 1167 4115 1367 4174; x_wconf 83' lang='lat' dir='ltr'>inretraudam</span> 
     </span>
     <span class='ocr_line' id='line_1_38' title="bbox 138 4221 1368 4301; baseline -0.002 -17"><span class='ocrx_word' id='word_1_329' title='bbox 138 4241 259 4301; x_wconf 88' lang='lat' dir='ltr'>prorsus</span> <span class='ocrx_word' id='word_1_330' title='bbox 287 4225 368 4301; x_wconf 87' lang='lat' dir='ltr'>pacis</span> <span class='ocrx_word' id='word_1_331' title='bbox 395 4223 550 4300; x_wconf 86' lang='lat' dir='ltr'>religiosae</span> <span class='ocrx_word' id='word_1_332' title='bbox 574 4241 658 4300; x_wconf 91' lang='lat' dir='ltr'>spem</span> <span class='ocrx_word' id='word_1_333' title='bbox 680 4227 711 4283; x_wconf 90' lang='lat' dir='ltr'>et</span> <span class='ocrx_word' id='word_1_334' title='bbox 732 4223 770 4282; x_wconf 89' lang='lat' dir='ltr'>ad</span> <span class='ocrx_word' id='word_1_335' title='bbox 793 4222 981 4283; x_wconf 84' lang='lat' dir='ltr'>excitandum</span> <span class='ocrx_word' id='word_1_336' title='bbox 1003 4222 1116 4284; x_wconf 90' lang='lat' dir='ltr'>bellum</span> <span class='ocrx_word' id='word_1_337' title='bbox 1139 4221 1368 4283; x_wconf 85' lang='lat' dir='ltr'>Smalcaldicum</span> 
     </span>
     <span class='ocr_line' id='line_1_39' title="bbox 138 4329 1368 4408; baseline 0 -19"><span class='ocrx_word' id='word_1_338' title='bbox 138 4331 285 4408; x_wconf 77' lang='lat' dir='ltr'>lecerunt3</span> <span class='ocrx_word' id='word_1_339' title='bbox 313 4350 331 4390; x_wconf 90' lang='grc'>8</span> <span class='ocrx_word' id='word_1_340' title='bbox 359 4330 552 4408; x_wconf 89' lang='lat' dir='ltr'>scriptoribus</span> <span class='ocrx_word' id='word_1_341' title='bbox 580 4329 753 4408; x_wconf 83' lang='lat' dir='ltr'>pontificiis,</span> <span class='ocrx_word' id='word_1_342' title='bbox 781 4330 832 4391; x_wconf 92' lang='lat' dir='ltr'>ubi</span> <span class='ocrx_word' id='word_1_343' title='bbox 858 4329 1052 4408; x_wconf 87' lang='lat' dir='ltr'>asperrimum</span> <span class='ocrx_word' id='word_1_344' title='bbox 1076 4329 1201 4390; x_wconf 89' lang='lat' dir='ltr'>Lutheri</span> <span class='ocrx_word' id='word_1_345' title='bbox 1224 4330 1368 4408; x_wconf 89' lang='lat' dir='ltr'>scriptum</span> 
     </span>
    </p>
   </div>
   <div class='ocr_carea' id='block_1_4' title="bbox 248 4556 770 4627">
    <p class='ocr_par' dir='ltr' id='par_1_4' title="bbox 248 4556 770 4627">
     <span class='ocr_line' id='line_1_40' title="bbox 248 4556 770 4627; baseline -0.004 -15"><span class='ocrx_word' id='word_1_346' title='bbox 248 4561 274 4624; x_wconf 88' lang='grc'>1)</span> <span class='ocrx_word' id='word_1_347' title='bbox 293 4557 468 4626; x_wconf 69' lang='grc'><strong>8881881881,</strong></span> <span class='ocrx_word' id='word_1_348' title='bbox 488 4556 505 4610; x_wconf 94' lang='grc'>1.</span> <span class='ocrx_word' id='word_1_349' title='bbox 526 4575 548 4611; x_wconf 83' lang='grc'>8.</span> <span class='ocrx_word' id='word_1_350' title='bbox 568 4557 621 4624; x_wconf 91' lang='lat' dir='ltr'>lll,</span> <span class='ocrx_word' id='word_1_351' title='bbox 641 4575 666 4627; x_wconf 90' lang='lat' dir='ltr'>p.</span> <span class='ocrx_word' id='word_1_352' title='bbox 686 4557 770 4612; x_wconf 74' lang='grc'><strong>8361.</strong></span> 
     </span>
    </p>
   </div>
   <div class='ocr_carea' id='block_1_5' title="bbox 0 0 1589 5092">
    <p class='ocr_par' dir='ltr' id='par_1_5' title="bbox 0 0 1589 5092">
     <span class='ocr_line' id='line_1_41' title="bbox 0 0 1589 5092; baseline 0 0"><span class='ocrx_word' id='word_1_353' title='bbox 0 0 1589 5092; x_wconf 95' lang='lat' dir='ltr'> </span> 
     </span>
    </p>
   </div>
  </div>
 </body>
</html>
