3194 5052
682 342 774 392 Ganur
796 341 867 392 l'III.
1322 339 1372 393 ‘205

158 554 230 624 getii
262 553 481 627 praedicatione
515 571 631 627 sempor
664 553 796 613 eruditae
828 555 974 628 cujusdam
1007 555 1170 628 theologiae
1202 555 1374 612 scholastica

159 658 344 730 simplicioris
367 675 401 716 ac
421 659 546 732 purioris
560 659 685 718 stadium
706 662 902 734 conjungeret.
941 659 985 717 Ile
1001 659 1056 717 hoo
1071 661 1194 716 maxime
1210 659 1374 731 theologiae

156 779 284 836 genere,
304 763 377 836 quod
399 781 464 821 cum
479 763 610 822 omnihus
625 765 708 822 honis
724 765 830 822 litteris
847 765 1041 823 consociatum
1056 763 1231 838 Vitehorgae
1251 763 1374 822 florebat

114 853 116 858 ’
156 869 431 941 innumerorumque
447 871 589 942 juvenum
607 868 733 942 uaquuc
750 868 946 928 advolantium
963 870 1073 927 animos
1088 870 1274 942 penetrabat,
1297 868 1373 926 idem

158 970 218 1028 dici
241 977 370 1046 poterat,
395 973 471 1045 quod
492 973 631 1031 Erasmus
654 975 684 1031 in
705 974 827 1046 epistola
847 973 884 1031 ad
907 973 1035 1032 Leonem
1053 974 1102 1045 X,
1125 991 1212 1046 qaum
1232 973 1374 1031 Graecam

158 1075 233 1133 Novi
254 1075 434 1135 Testamenti
453 1077 608 1136 editionem
631 1080 752 1136 alteram
776 1080 804 1135 ei
826 1079 969 1154 mitteret,
991 1080 1129 1152 gloriatus
1152 1085 1213 1136 est:
1233 1079 1293 1150 jam
1317 1095 1373 1136 non

158 1197 177 1237 e
205 1181 336 1252 putribus
367 1183 491 1255 lacunis,
522 1183 572 1240 sed
602 1199 618 1240 e
647 1184 807 1256 purissimis
835 1181 960 1241 lontibus
983 1182 1090 1242 Christi
1120 1190 1151 1242 et
1180 1183 1373 1256 apostolorum

157 1285 320 1343 doctrinam
343 1286 461 1344 hauriri.
506 1286 620 1345 Revera
642 1288 697 1345 nisi
723 1288 948 1363 Vitehergenses
972 1305 1105 1361 magnam
1127 1293 1239 1362 partem
1261 1286 1375 1344 Erasmi

157 1391 284 1464 vestIgia
306 1391 481 1463 pressissent
503 1393 623 1464 ejusque
647 1391 757 1466 ingenii
786 1410 819 1450 ac
844 1393 975 1452 laborum
998 1393 1138 1452 fructibus
1161 1393 1309 1466 sapienter
1330 1391 1374 1448 usi

160 1501 274 1566 essent,
296 1495 409 1553 illorum
425 1497 571 1568 theologia
586 1513 731 1569 nunquam
747 1497 828 1568 talis,
851 1499 944 1570 qualis
967 1497 1044 1556 lacta
1064 1504 1123 1572 est,
1145 1495 1210 1555 fleri
1225 1497 1374 1569 potuisset.

159 1599 263 1671 Neque
293 1601 343 1672 qui
372 1601 426 1658 hoc
456 1617 512 1658 non
543 1600 580 1658 de
609 1602 678 1674 ipsis
708 1602 809 1676 rebus,
836 1603 887 1660 sed
911 1603 947 1662 de
970 1605 1032 1662 sola
1054 1602 1182 1661 methodi
1205 1603 1318 1660 ratione
1341 1617 1375 1657 ac

159 1703 254 1761 iorrua
283 1704 339 1762 dici
368 1721 453 1778 posse
482 1705 674 1780 contendant,
706 1713 785 1765 recte
812 1707 954 1780 jndicaat.
1001 1707 1117 1766 Etenim
1148 1714 1232 1766 erant
1261 1705 1374 1778 quidem

158 1809 240 1866 inter
268 1813 419 1882 utramque
448 1815 562 1882 partem
600 1816 681 1868 certa
710 1811 852 1884 quaedam
884 1812 1168 1884 theologumenorum
1199 1811 1374 1882 discrimina,

158 1912 198 1970 de
222 1913 322 1984 quibus
350 1913 426 1972 iufra
449 1915 532 1972 nohis
554 1914 706 1973 dicendum
727 1917 791 1975 erit.
845 1917 947 1988 Neque
971 1917 1121 1990 quisquam
1144 1915 1269 1988 prudens
1292 1914 1373 1988 parvi

159 2017 267 2090 faciet,
289 2033 479 2090 quaecunque
502 2019 565 2092 ipse
589 2019 731 2078 Lutherus
754 2037 806 2092 pro
825 2037 930 2094 magno
949 2001 1066 2092 iugenio
1081 2037 1133 2079 suo
1147 2020 1184 2078 ad
1201 2017 1374 2077 excolendas

158 2121 257 2178 uarias
286 2123 450 2196 theologiae
479 2122 646 2194 disciplinas
676 2140 750 2181 nova
779 2129 810 2180 ct
836 2126 989 2197 praeclara
1010 2127 1138 2182 contulit.
1183 2123 1374 2182 Nihilominus

159 2241 228 2282 eum
250 2226 333 2283 Initio
355 2227 452 2284 maltis
474 2228 505 2285 in
527 2227 614 2284 robus
629 2227 752 2285 Erasmo
774 2228 848 2286 duce
871 2247 952 2286 usum
977 2246 1055 2304 esse,
1080 2245 1210 2302 eaquae
1230 2245 1266 2286 ex
1289 2227 1373 2300 hujus

160 2330 308 2404 theologia
337 2347 426 2404 snpra
452 2333 646 2406 congessimus
669 2333 739 2390 satis
761 2349 905 2406 superque
928 2335 1091 2393 ostendunt.
1138 2335 1171 2392 ld
1195 2333 1374 2391 adversarios

159 2451 220 2491 non
250 2434 356 2509 fugisse
387 2441 447 2494 tarn
476 2437 677 2494 callidissimos
708 2437 869 2512 Aleander,
905 2457 989 2512 quam
1023 2439 1208 2512 stupidissImi
1242 2439 1375 2506 monachi

159 2543 253 2596 testes
276 2546 350 2597 sunt.
403 2541 505 2613 Neque
536 2541 566 2598 id
588 2541 733 2600 Lutherus
756 2547 825 2600 tunc
848 2547 979 2618 negavit,
1009 2545 1062 2602 sed
1085 2548 1167 2616 grato
1190 2544 1285 2601 aalma
1307 2558 1374 2600 con·

159 2641 254 2700 lessus
277 2650 329 2704 est
381 2645 429 2704 Sic
452 2646 482 2702 in
505 2646 601 2718 priore
624 2647 736 2720 egregii
760 2649 975 2722 commentarii,
1006 2665 1091 2721 quam
1112 2649 1143 2706 iu
1165 2648 1316 2720 epistolam
1338 2646 1375 2704 ad

160 2747 283 2806 Galatas
312 2749 441 2822 scripsit,
473 2749 600 2810 editione
629 2751 744 2823 saepius
773 2753 811 2810 ad
840 2752 953 2810 Erasini
982 2759 1014 2810 ut
1036 2753 1137 2810 summi
1161 2753 1287 2825 theologi
1311 2766 1377 2808 sen-

159 2853 285 2910 tentiam
314 2860 458 2926 provocat.
511 2855 551 2912 Et
580 2855 609 2912 in
640 2856 759 2930 litteris,
791 2873 862 2928 quas
892 2857 942 2914 illo
971 2863 1099 2930 tempore
1131 2857 1167 2915 ad
1196 2873 1260 2914 eum
1290 2855 1376 2926 misit,

159 2959 345 3029 amplissimis
369 2959 465 3018 verbis
487 2961 597 3030 gratias
620 2961 649 3018 ei
672 2962 746 3034 agit,
777 2963 883 3035 quippe
907 2963 954 3034 qui
986 2967 1140 3035 ,perpetuo
1161 2961 1216 3019 sihi
1243 2962 1377 3032 loquatur

159 3063 192 3119 in
216 3061 349 3122 cubiculo
371 3063 452 3136 euo‘3
483 3066 571 3137 petit,
603 3071 634 3122 ut
656 3083 702 3138 se,
734 3064 921 3124 fraterculum
944 3067 973 3124 in
998 3066 1111 3124 Christo
1132 3070 1283 3138 agnoscat,
1315 3066 1377 3136 ojus

159 3173 243 3226 certe
276 3169 512 3227 studiosissimum
540 3175 571 3228 et
601 3171 855 3244 amantissimum,
884 3171 989 3228 salutat
1012 3187 1077 3228 eum
1100 3169 1237 3228 Andreae
1261 3167 1377 3226 Carolo-

159 3271 248 3330 stadii
276 3275 405 3348 nomine,
439 3275 488 3346 qui
518 3279 608 3346 ,totus
631 3273 774 3333 Christum
797 3276 828 3332 in
852 3291 887 3332 eo
910 3273 1085 3333 veneretur.‘
1130 3273 1219 3332 Simul
1243 3277 1375 3344 testatur,

159 3393 248 3448 quam
270 3393 388 3449 prorsus
410 3395 467 3436 non
491 3384 602 3436 tantum
625 3379 655 3436 in
679 3379 836 3454 evangelii,
865 3379 916 3438 sed
941 3381 1028 3437 etiam
1051 3380 1081 3436 ia
1103 3379 1244 3436 honarum
1265 3378 1377 3434 littera-

158 3497 227 3538 rum
249 3482 343 3539 studio
364 3499 428 3540 cum
451 3497 486 3540 eo
510 3483 688 3556 consentiam
716 3485 747 3541 in
769 3485 814 3542 his
837 3485 913 3557 quod
935 3485 990 3557 ipsi
1013 3483 1089 3542 desit
1112 3483 1247 3556 supplere
1269 3481 1378 3554 Philip·

159 3601 231 3657 pom
260 3585 528 3661 Melanchthonem,
557 3589 619 3660 qui,
650 3604 738 3660 quum
771 3607 824 3660 pro
857 3589 963 3647 aetatis
989 3589 1087 3646 calore
1120 3588 1250 3646 omnihus
1282 3587 1378 3644 omnia

161 3689 227 3746 fieri
254 3695 285 3746 et
314 3688 412 3748 iacere
444 3691 560 3764 ardeat,
590 3693 751 3750 litterarum
781 3693 871 3751 nimia
894 3694 1008 3751 insania
1033 3693 1209 3750 valetudinis
1234 3692 1377 3748 acceleret

159 3793 313 3864 jacturam.
372 3793 467 3864 Quare
502 3796 657 3870 insignium
687 3797 801 3855 laudum
837 3815 959 3870 memor,
993 3797 1095 3869 quihus
1127 3797 1264 3854 Erasmus
1297 3792 1378 3849 Illum

162 3897 414 3956 adolescentulum
442 3907 611 3974 ornaverat,
640 3901 713 3961 haec
742 3903 833 3960 verba
858 3903 951 3960 addit:
978 3901 1036 3975 ,Tu
1058 3899 1182 3958 officium
1205 3897 1324 3969 leceris,
1353 3897 1378 3954 si

161 4019 218 4076 per
246 4003 359 4062 htteras
390 4006 534 4064 homiuem
565 4007 724 4080 monueris,
757 4012 789 4064 ut
815 4023 847 4066 se
870 4007 954 4064 nobis
976 4011 1008 4064 et
1029 4007 1113 4062 honis
1137 4003 1242 4062 litteris
1264 4009 1378 4074 servet,

162 4123 230 4164 nam
270 4108 325 4166 hoc
359 4111 454 4182 capite
488 4111 567 4168 salvo
600 4111 700 4168 nescio
733 4110 801 4182 quid
839 4111 931 4182 majus
968 4127 1019 4184 spe
1054 4109 1137 4166 nobis
1170 4105 1379 4182 pollicemur.‘¹

163 4211 303 4271 Erasmus
332 4214 368 4272 ad
399 4215 472 4272 hauc
497 4217 662 4290 epistolam,
693 4231 778 4288 quam
801 4215 991 4274 christianum
1015 4215 1126 4287 spirare
1152 4214 1277 4272 animum
1300 4211 1379 4284 dicit,

163 4317 228 4388 pari
258 4319 402 4376 amicitiae
433 4319 680 4393 fraternitatisque
709 4320 815 4378 affectu
842 4321 1001 4394 respondit.
1053 4319 1156 4392 Neque
1187 4334 1285 4376 coram
1315 4317 1381 4373 aliis

163 4419 339 4495 hominihus,
371 4425 500 4496 quamvis
527 4427 588 4497 jam
617 4431 686 4482 tuac
716 4426 833 4483 niuriam
856 4425 1000 4498 quandam
1025 4425 1112 4482 animi
1141 4423 1326 4482 acn'moniam
1348 4421 1379 4477 iu

258 4639 283 4704 1)
301 4639 404 4690 Erasini
422 4656 481 4705 epp⁴
497 4641 543 4704 VI,
560 4647 584 4691 3.
598 4647 621 4692 4.
