3188 5086
247 286 299 340 124
735 289 838 340 Pnurrs
857 289 975 339 Puronrs

240 503 341 575 paucis
362 502 464 562 diebus
485 505 561 564 huuc
581 505 626 564 vel
648 505 729 563 illum
744 505 851 564 librum
865 502 1037 580 perfecerit,
1057 506 1119 579 ipse
1142 504 1276 579 adnotet,
1298 504 1461 564 Horatiano

241 614 396 680 praecepto
426 625 484 666 uon
501 610 548 666 ¹ita
572 609 656 668 valde
686 615 843 668 commotus
871 615 929 683 est,
956 627 1043 683 quum
1066 610 1112 669 vel
1136 626 1265 684 ,curam,
1294 626 1378 682 quam
1408 609 1459 668 ille

242 714 385 787 requirat,
408 730 467 772 non
482 720 643 788 temporum
659 716 774 789 spatiis,
797 716 848 776 sed
868 716 1029 774 intentione
1046 713 1240 774 metiendnm‘
1261 720 1389 788 censeat,
1412 716 1460 774 vel

242 823 362 888 praeter
388 819 543 877 utilitatem
573 819 691 877 lectoris
722 819 793 878 nihil
819 837 850 878 se
879 827 1026 893 spectasse
1050 817 1201 894 significet.
1246 819 1322 878 Huie
1342 835 1394 892 pro
1416 820 1461 877 sui

244 922 380 994 temporis
409 921 577 982 condicione
609 924 727 996 egregie
754 921 885 997 proiecto
923 923 1074 983 consuluit.
1128 923 1218 982 Nobis
1244 924 1339 982 omnia
1366 939 1460 995 aeque

246 1025 385 1098 prodesse
407 1032 437 1084 ct
459 1025 589 1085 arridere
608 1032 772 1102 nequeunt;
795 1027 870 1085 baud
893 1044 988 1101 panea
1010 1033 1108 1086 tamen
1131 1029 1219 1086 etiem
1241 1027 1324 1086 uobis
1339 1027 1462 1100 scripto·

243 1144 306 1186 rem
348 1129 486 1188 exhibent
517 1131 594 1188 inter
635 1147 746 1190 summa
780 1131 906 1190 omnium
938 1137 1097 1204 temporum
1136 1132 1255 1204 ingenie
1288 1129 1461 1204 ponendum.

245 1233 347 1290 Talem
371 1235 431 1306 jam
461 1233 605 1293 Lntherus
634 1236 714 1293 illum
744 1235 889 1310 depingit,
924 1236 972 1308 qui
1001 1253 1153 1310 ,magnum
1184 1240 1213 1294 et
1241 1236 1338 1293 multis
1367 1235 1462 1307 iisque

246 1336 432 1395 nobilissimis
468 1337 583 1397 dotibus
613 1355 631 1397 a
661 1339 725 1398 Deo
759 1339 907 1397 ornetum‘
940 1355 1005 1398 enm
1031 1345 1126 1414 vocat,
1163 1339 1293 1413 inprimis
1319 1337 1462 1412 ,ingenia

245 1439 407 1498 eruditione
437 1440 573 1500 facundie
605 1459 694 1516 nsque
728 1443 765 1501 ad
803 1443 991 1502 nuruculumf
1048 1443 1135 1515 Cujus
1174 1443 1285 1516 gloriae
1322 1443 1463 1500 memorio

246 1543 387 1616 quaedem
416 1561 506 1618 nsque
536 1547 572 1604 ad
600 1551 699 1606 nostru
721 1553 853 1621 tempora
874 1552 1061 1621 pervenerat,
1093 1547 1144 1606 sed
1166 1548 1248 1620 quusi
1270 1546 1409 1620 languide
1432 1551 1463 1602 et

251 1652 397 1721 emortus,
435 1665 535 1723 quum,
574 1665 659 1721 quam
693 1655 810 1709 nostrae
847 1652 951 1709 aetatis
983 1651 1095 1709 indoles
1130 1649 1280 1724 flagitabat
1311 1649 1464 1722 rationem,

249 1765 284 1808 ea
305 1767 388 1809 nemo
404 1751 569 1824 Erasmum,
592 1753 622 1810 in
645 1754 706 1811 sola
729 1753 791 1812 lere
815 1753 984 1812 eruditionis
1005 1760 1036 1812 et
1058 1755 1319 1812 controuersiarum
1340 1753 1463 1810 historia

249 1855 438 1929 nominatum,
458 1857 529 1914 satis
544 1855 699 1929 diligenter
719 1862 751 1916 et
770 1859 918 1930 ingeniose
935 1859 1143 1931 contemplatus
1165 1863 1250 1916 esset.
1295 1855 1329 1914 Id
1352 1857 1464 1930 primus

248 1959 389 2018 Nisardus
413 1961 516 2020 eximie
537 1962 696 2035 praestitit,
726 1979 811 2034 quem
834 1961 883 2020 alii
906 1963 936 2019 iu
959 1961 1163 2034 Frurreogallia
1184 1961 1276 2020 secuti
1295 1965 1370 2018 sunt.
1415 1959 1463 2018 Illi

248 2064 437 2122 ostenderunt
468 2063 634 2138 Eresmnm,
670 2082 755 2138 quum
794 2067 825 2122 in
858 2066 967 2123 satirae
1005 2065 1126 2124 historia
1156 2065 1332 2138 peculiarem
1366 2063 1462 2121 locum

249 2170 350 2224 teneat
369 2185 510 2241 quumque
534 2169 595 2227 sele
611 2167 709 2228 Attico
732 2173 819 2241 atquc
842 2169 928 2226 hilari
951 2169 1074 2242 quadem
1095 2168 1256 2240 petulantia
1277 2173 1306 2225 et
1330 2166 1462 2240 audacia,

248 2269 317 2327 licet
339 2272 438 2344 purior
460 2278 491 2330 et
513 2273 707 2347 innocentior,
736 2278 830 2332 certet
857 2290 921 2331 cum
945 2272 1088 2344 Vulturis,
1120 2272 1205 2329 simul
1233 2272 1347 2344 piarum
1369 2269 1463 2328 medi-

248 2374 388 2432 tationum
410 2381 440 2432 et
462 2375 615 2434 effectuum
636 2376 787 2435 altitudine
811 2379 897 2448 atque
921 2376 1103 2447 excelsitate,
1125 2375 1239 2432 sincere
1261 2379 1291 2432 et
1308 2374 1462 2446 praeclare

249 2493 399 2551 expressa,
424 2479 462 2536 ad
483 2481 676 2551 pulcherrima
698 2480 841 2552 quaedem
864 2481 972 2552 scripta
994 2479 1113 2537 Petrum
1138 2479 1280 2537 ecclesiae
1308 2477 1463 2550 secedere,

250 2579 415 2652 quibuscum
446 2583 507 2654 jrrm
540 2582 608 2640 olim
639 2583 789 2656 theologus
818 2582 933 2655 qnidam
965 2583 1174 2656 Francogallns
1205 2599 1270 2640 eum
1300 2580 1464 2638 contulerit.

249 2683 364 2742 Revera
386 2685 459 2743 mire
488 2685 519 2742 in
548 2700 584 2743 eo
613 2686 656 2744 vis
680 2687 868 2760 conspicitur,
898 2703 955 2758 qua
976 2686 1178 2746 diversissimis
1201 2685 1340 2744 sermonis
1362 2682 1463 2741 formis

252 2792 282 2844 et
304 2787 447 2846 coloribus
469 2789 512 2846 itu
534 2789 638 2862 utitur,
659 2794 691 2846 ut
713 2805 828 2862 semper
846 2791 892 2847 sui
914 2791 1016 2847 similis
1038 2790 1090 2860 sit,
1113 2790 1167 2847 bac
1192 2807 1226 2847 er
1244 2793 1342 2862 perte,
1364 2803 1464 2859 qnam·

251 2907 336 2962 quem
365 2897 452 2965 poeta
480 2909 537 2950 non
566 2897 642 2966 erut,
674 2893 798 2952 Goethio
827 2910 885 2951 non
912 2893 1019 2966 disper.
1066 2893 1151 2952 Haud
1177 2899 1289 2952 temere
1316 2891 1463 2950 Lntberus

251 2995 287 3054 de
317 2997 379 3068 ejus
401 2995 536 3055 facundia
556 3014 659 3070 ,usque
684 2997 720 3056 ed
743 2997 929 3056 miraculnm‘
950 2997 1063 3056 locutus
1083 3003 1134 3054 est.

338 3101 480 3174 Deplorat
512 3101 720 3174 quodammodo
750 3101 909 3174 Niserdus,
940 3102 1016 3173 quod
1051 3105 1147 3158 tentum
1181 3101 1304 3174 scriptor
1337 3100 1374 3159 ed
1406 3099 1463 3157 ini-

251 3204 380 3264 tiandum
410 3222 515 3264 novum
545 3222 648 3264 aevum
681 3211 765 3263 nutus
796 3212 908 3264 mortua
939 3205 1037 3278 lingua
1066 3221 1135 3262 usus
1160 3205 1205 3264 sit.
1256 3203 1337 3275 Quod
1364 3209 1462 3262 temen

229 3309 335 3366 nimis
372 3310 448 3367 serio
484 3310 576 3381 accipi
613 3310 700 3368 nolet.
760 3309 853 3367 Felici
887 3307 1010 3381 quadam
1042 3308 1217 3367 necessitate
1252 3307 1390 3366 Erasmus
1428 3321 1465 3364 eo

252 3411 407 3482 perductus
436 3418 494 3484 est,
525 3418 556 3469 nt
585 3413 645 3470 solo
673 3411 734 3469 lere
763 3429 798 3470 eo
825 3429 957 3470 sermone
989 3418 1133 3486 uteretur,
1164 3429 1220 3484 qno
1250 3412 1311 3469 solo
1338 3417 1407 3468 tunc
1432 3411 1464 3469 id

254 3513 369 3572 efficere
398 3516 506 3588 potuit,
535 3515 611 3587 quod
641 3516 747 3573 debuit.
808 3515 936 3574 Patriam
965 3516 1081 3589 quidem
1110 3515 1256 3574 inferioris
1288 3515 1462 3574 Germaniae

252 3618 379 3690 linguam
408 3635 552 3689 nunquam
579 3618 715 3677 oblivioni
745 3618 839 3692 dedit,
871 3619 922 3677 sed
950 3637 1003 3692 per
1031 3620 1167 3691 majorem
1193 3621 1270 3677 vitae
1290 3623 1402 3690 partem
1425 3620 1463 3676 ab

253 3723 311 3780 illis
340 3721 505 3796 regionibus
533 3722 618 3796 longe
645 3723 754 3780 oberat.
805 3723 907 3794 Neque
937 3723 1094 3796 superioris
1124 3723 1299 3782 Germaniae
1328 3722 1463 3796 dialecto,

252 3842 337 3898 quum
362 3826 409 3898 qui
431 3825 624 3898 loquebantur
645 3841 698 3898 por
719 3827 837 3899 longum
860 3831 973 3900 tempus
996 3827 1089 3885 civem
1113 3844 1178 3885 eum
1202 3843 1301 3884 secum
1323 3824 1464 3898 habuere,

253 3947 377 4003 unquam
393 3927 570 3988 essueluctus
586 3935 643 4004 est,
666 3947 760 4002 neque
777 3946 857 4003 eam,
881 3945 957 4002 quse
972 3946 1026 4003 per
1041 3929 1201 3988 Lutberum
1216 3929 1293 4002 apud
1308 3929 1465 4001 scriptores

254 4035 406 4107 populares
427 4035 564 4107 paulatim
589 4035 765 4108 praevaluit,
788 4033 919 4106 perfecte
942 4033 1050 4092 didicit.
1095 4034 1176 4092 luter
1198 4033 1316 4106 Anglos,
1339 4032 1466 4092 Franco-

254 4137 361 4210 gallos,
389 4139 476 4195 ltulos
504 4139 692 4212 peregrinans
723 4153 821 4196 eorum
850 4137 967 4210 linguae
989 4137 1053 4209 plus
1074 4152 1197 4211 operae,
1221 4153 1305 4210 quam
1329 4135 1464 4193 eduliae

255 4257 337 4299 usum
363 4257 483 4300 neeesse
510 4247 589 4315 erut,
616 4258 762 4314 nunquam
791 4242 915 4300 novavit.
965 4240 1084 4314 Semper
1108 4240 1171 4299 fere
1194 4246 1225 4299 et
1246 4240 1351 4313 ubique
1373 4228 1464 4297 leline

255 4349 315 4402 tum
344 4345 491 4418 cogitabat
518 4351 579 4404 tum
605 4345 784 4418 loquebatur,
807 4343 893 4418 idque
916 4345 1081 4417 saepissime
1105 4361 1169 4404 cnm
1191 4343 1364 4404 doctissimis
1384 4341 1465 4417 inge·

254 4447 479 4520 niosissimisque
493 4449 576 4523 viris,
595 4449 643 4521 qui
662 4465 726 4506 enm
742 4447 899 4506 Laurentio
915 4445 1000 4506 Valle
1009 4447 1195 4523 judicabunt,
1218 4452 1348 4521 ,veteres
1362 4445 1468 4504 Romu-

255 4568 320 4624 nos,
351 4568 436 4625 quum
465 4549 543 4608 orbis
572 4552 723 4624 imperium
750 4551 960 4626 perdidissent,
995 4551 1122 4627 linguam
1152 4567 1233 4610 snam
1269 4557 1301 4610 ut
1327 4553 1467 4628 opdmam
