3194 5042
679 291 766 346 Carus
784 289 817 344 V.
1312 293 1362 347 157

133 493 177 554 ita
190 493 385 554 demonstrari
404 496 543 570 possunt,
562 497 596 552 ut
616 493 779 570 legentium
793 492 901 552 animis
914 496 1036 552 externa
1050 493 1176 571 quadam
1190 494 1365 556 neoessitate

134 600 172 660 ad
193 601 417 661 assentiendum
436 606 590 677 cogantur,
618 601 671 660 sed
691 619 790 661 eorum
807 600 920 676 judicio
938 600 1041 660 morali
1065 600 1263 661 submittenda
1286 607 1364 662 sunt

134 708 253 770 Etenim
276 727 325 768 res
348 709 442 768 sacae
467 708 587 786 quidem
609 709 700 769 etiam
722 709 826 769 invitis
849 713 879 768 et
909 708 1116 768 recusantibus
1143 708 1307 769 evidentiae
1335 709 1366 768 vi

136 814 221 893 quasi
247 816 364 876 obtrudi
387 821 525 893 possunt,
553 834 613 876 non
640 834 709 876 vero
732 816 769 876 de
791 816 896 876 intimo
919 815 1030 891 animo,
1058 834 1116 894 quo
1138 817 1174 876 ab
1196 815 1365 876 hominibus

135 923 324 1000 gerebantur,
354 923 474 999 judicia
525 923 642 983 Habent
670 923 759 982 etiam
787 923 872 998 haec,
907 923 933 982 si
960 941 1030 983 vera
1057 928 1140 999 sunt,
1172 923 1204 982 in
1231 941 1264 984 se
1291 923 1366 1001 ipsis

135 1030 327 1107 pervincendi
350 1030 469 1090 tandem
492 1017 650 1108 aliquando
673 1030 892 1106 certitudinem,
917 1031 969 1090 sed
994 1031 1091 1091 subito
1115 1030 1203 1090 evelli
1226 1049 1264 1091 ex
1288 1031 1365 1090 mul-

135 1143 234 1197 torum
260 1138 415 1198 hominum
442 1137 548 1198 animis
572 1137 632 1198 alte
654 1137 747 1196 infixa
769 1138 950 1216 praejudicia
972 1143 1002 1198 et
1024 1156 1136 1198 errores
1160 1137 1212 1198 vix
1234 1157 1366 1216 unquam

137 1250 270 1322 possrmt
303 1245 408 1323 ltaque
427 1245 584 1306 historicae
603 1245 752 1306 doctrinae
769 1245 913 1322 gravitate
932 1245 1051 1324 quidem
1070 1261 1170 1306 rerum
1188 1251 1218 1306 et
1232 1246 1366 1307 sublimi·

137 1352 197 1412 tate
216 1358 368 1430 praestant
386 1353 601 1414 mathematicis
621 1357 651 1414 et
668 1351 816 1430 physicis,
835 1353 888 1412 sed
905 1353 1124 1413 demonstrandi
1139 1371 1240 1413 earum
1254 1354 1366 1414 metho-

136 1461 209 1519 dum
226 1460 257 1518 vi
275 1459 460 1520 necessitatis
479 1466 615 1537 agentem
632 1459 751 1538 assequi
770 1478 867 1538 neque
887 1466 1014 1538 possunt
1032 1479 1129 1538 neque
1149 1461 1265 1521 debent
1302 1461 1367 1523 Hoc

136 1568 282 1628 libertatis
296 1569 442 1628 humanae
455 1567 644 1643 mysterium,
668 1587 744 1646 quae
762 1568 794 1628 in
812 1568 919 1628 mediis
938 1569 1026 1628 rebus
1045 1568 1220 1630 necessitate
1239 1569 1365 1648 quadam

137 1675 360 1736 decurrentibus
379 1675 503 1751 obtinet,
521 1676 601 1736 idem
619 1694 770 1736 summum
788 1675 945 1736 universae
964 1676 1104 1736 historiae
1124 1677 1300 1752 mysterium
1313 1683 1366 1738 est

246 1782 383 1844 Ceterum
411 1801 526 1858 omnes,
559 1783 667 1861 quibus
695 1783 819 1844 scientia
845 1785 975 1844 humana
1001 1785 1258 1862 comprehenditur
1280 1785 1368 1845 disci-

137 1890 239 1968 plinae
266 1889 354 1950 etiam
382 1908 457 1968 quae
483 1891 520 1950 ad
547 1909 595 1950 res
622 1891 763 1969 physicas
791 1892 954 1969 pertinent,
983 1893 1107 1953 summis
1135 1893 1311 1970 quibusdam
1338 1898 1369 1953 et

137 1999 224 2076 quasi
252 1997 392 2058 extremis
415 1999 638 2076 quaestionibus
661 1999 819 2074 finiuntm,
848 2000 956 2078 quibus
979 1999 1076 2060 denuo
1099 2017 1217 2077 semper
1238 2000 1368 2059 humana

137 2123 223 2166 mens
251 2105 412 2180 detinetur,
446 2106 509 2166 sive
536 2106 724 2184 aliquatenus
752 2106 867 2166 solvere
895 2125 945 2166 eas
977 2107 1095 2182 nititur,
1130 2107 1193 2166 sive
1224 2106 1369 2184 disceptat

137 2232 191 2273 cur
220 2213 295 2273 solvi
322 2218 478 2290 nequeant.
528 2213 682 2289 Ejusmodi
710 2213 898 2292 quaestiones
926 2214 961 2272 ad
990 2231 1090 2274 rerum
1116 2218 1251 2273 natumm
1278 2215 1368 2292 perti-

137 2325 243 2381 nentes
266 2321 436 2381 Alexander
457 2321 495 2381 de
516 2319 680 2380 Humholdt
699 2321 761 2397 jam
783 2320 815 2380 in
842 2321 918 2381 libro
944 2321 1011 2382 Jobi
1038 2321 1202 2399 propositas
1230 2339 1308 2398 esse,
1336 2321 1368 2381 in

138 2429 304 2506 praesentia
330 2446 400 2488 vero
428 2427 588 2506 perfectius
616 2428 737 2505 quidem
763 2429 913 2488 doctrinae
944 2428 1081 2489 formulis
1112 2447 1200 2507 posse
1232 2429 1367 2506 exprimi,

138 2536 300 2613 perfectius
346 2535 422 2596 solvi
462 2554 523 2595 non
565 2553 653 2613 posse
693 2535 839 2596 adnotat¹.
911 2536 1074 2614 Praecipue
1114 2555 1183 2597 vero
1224 2537 1369 2614 ejusmodi

140 2643 362 2722 quaestionibus
389 2643 619 2721 philosophandi
647 2643 779 2702 studium
808 2643 965 2720 excitatur,
997 2643 1048 2704 ubi
1075 2662 1161 2705 mens
1192 2663 1252 2704 uno
1284 2645 1369 2723 quasi

139 2752 244 2811 obtutu
271 2769 318 2811 res
350 2751 491 2829 physicas
523 2756 553 2810 et
584 2751 710 2812 morales
742 2751 898 2829 complecti
931 2752 1037 2812 studet.
1094 2751 1226 2826 Quarum
1257 2752 1370 2830 duplex

139 2863 333 2936 utrarumque
354 2877 454 2918 rerum
477 2859 559 2934 ordo,
583 2859 709 2919 diversis
732 2877 854 2936 prorsus
877 2859 993 2936 legibus
1017 2861 1210 2934 constitutus,
1234 2861 1313 2938 quod
1332 2861 1369 2920 ad

140 2983 230 3024 unam
253 2971 352 3026 tamen
375 2966 507 3026 universi
530 2966 633 3026 mundi
656 2966 837 3026 harmoniam
861 2985 1022 3043 congruere
1044 2969 1152 3044 possit,
1179 2968 1209 3026 id
1232 2967 1368 3044 Kantius,

142 3074 197 3133 hac
233 3091 271 3133 ex
307 3079 391 3151 parta
423 3073 604 3134 Leibnitium
641 3079 774 3148 secutus,
813 3092 963 3133 summum
998 3075 1116 3134 divinae
1147 3075 1368 3151 gubernationis

142 3181 318 3257 mysterium
346 3198 412 3241 esse
439 3180 593 3256 significat.
639 3181 724 3240 Plato
752 3186 912 3259 utrumque
934 3181 1021 3240 illum
1043 3200 1143 3242 rerum
1165 3181 1311 3258 ordinem,
1339 3188 1369 3242 et

142 3289 317 3348 distinctum
340 3293 370 3348 et
392 3289 596 3364 conjunctum,
624 3288 774 3348 doctrinae
796 3289 938 3366 physicae
961 3295 991 3349 et
1013 3289 1125 3350 ethicae
1147 3290 1267 3350 nomina
1289 3307 1368 3350 com-

142 3395 264 3473 plexus,
301 3395 401 3455 addita
438 3395 591 3455 dialectica
627 3400 722 3455 totum
760 3401 789 3455 et
822 3397 971 3473 integrum
1002 3395 1206 3474 philosophiae
1238 3403 1370 3473 systema

143 3503 258 3580 primus
294 3503 469 3563 efformavit.
529 3501 594 3576 Qua
629 3503 662 3562 in
698 3502 844 3564 divisione
880 3510 910 3564 et
946 3505 1156 3582 compositione
1187 3505 1304 3565 ethices
1335 3510 1370 3564 ut

144 3609 356 3688 speculativam
393 3610 582 3688 disciplinam
612 3610 753 3671 historiae
785 3617 820 3671 ut
851 3611 1009 3689 empiricae
1042 3611 1217 3690 disciplinae
1249 3609 1369 3691 responl

143 3719 212 3778 dere
245 3717 531 3778 Schleiermacherus
562 3724 642 3778 reete
674 3718 892 3779 demonstravit.
946 3719 1010 3780 Nec
1041 3720 1140 3780 minus
1172 3720 1289 3798 egregie
1320 3721 1370 3780 hia

143 3825 189 3884 vir
223 3826 255 3884 in
286 3825 434 3902 theologia
461 3831 491 3886 et
518 3825 705 3903 philosophia
732 3845 825 3905 aeque
841 3844 978 3903 magnus
1010 3827 1041 3886 id
1070 3846 1190 3906 quoque
1222 3829 1369 3906 exposuit,

144 3951 203 4011 quo
226 3933 324 3993 sanior
346 3933 379 3992 in
401 3933 540 4010 gentibus
562 3933 727 3993 animorum
750 3952 909 4012 eorumque
937 3934 1069 3994 culturae
1097 3935 1229 3996 uindicio
1257 3936 1308 4011 sit,
1336 3953 1370 3996 eo

142 4041 281 4101 interiore
308 4041 427 4101 vinculo
455 4041 609 4101 scientiam
633 4041 802 4118 empiricam
831 4047 862 4102 et
884 4042 1119 4120 philosophicam
1141 4043 1219 4103 inter
1241 4061 1274 4104 se
1301 4061 1370 4104 oon·

142 4166 235 4208 nexas
258 4167 337 4224 esse,
360 4149 402 4208 ita
424 4155 458 4208 ut
480 4167 549 4209 eum
571 4149 663 4209 altera
687 4149 777 4209 simul
800 4150 893 4210 altera
915 4150 1120 4227 progrediatur
1143 4155 1173 4211 et
1190 4151 1371 4212 incrementa

77 4281 78 4286 ¹
142 4255 247 4334 capiat
294 4255 391 4332 Quod,
416 4257 442 4317 si
465 4257 499 4316 in
521 4257 757 4334 contemplandis
780 4257 962 4317 brevioribus
984 4262 1151 4335 temporum
1174 4259 1278 4336 spatiis
1302 4259 1370 4319 sub-

143 4365 291 4440 sistimus,
310 4365 420 4424 talsum
439 4381 505 4424 esse
522 4365 651 4440 videtur,
676 4364 702 4424 ai
720 4381 861 4440 magnum
879 4363 1035 4424 universae
1054 4365 1194 4424 historiae
1212 4365 1370 4428 decursum

251 4595 277 4665 1)
297 4591 335 4649 Ct
356 4591 566 4648 Commentarius
585 4607 661 4646 maus
679 4591 708 4645 in
724 4589 822 4645 libmm
839 4590 908 4646 Jobi.
