3176 5064
206 243 240 298 26
749 243 836 297 Oscor
854 242 889 296 Π.

204 445 440 506 accommodasse
466 445 608 505 videmus.
654 445 682 504 A
710 463 809 505 rerum
836 444 1004 505 notionibus
1032 445 1245 523 motionumque
1272 444 1433 519 vocabulis,

205 554 313 632 quibus
340 554 430 614 ctiam
457 571 640 612 summorum
667 553 909 613 scholasticonrm
937 553 1081 629 sagacitas
1104 553 1194 612 nimis
1217 553 1366 613 interdum
1387 553 1433 610 in-

204 662 349 736 haeserat,
377 661 415 720 ad
442 661 524 738 ipsas
550 678 599 720 res
626 664 656 720 et
682 661 720 720 ad
747 660 853 719 intima
880 659 965 738 quasi
992 659 1083 719 animi
1111 659 1274 738 penetralia
1296 659 1433 737 progredi

205 769 389 828 studuerunt
435 768 534 844 Hujus
557 767 738 828 discriminis
762 767 818 827 sibi
841 767 978 827 conscius
996 767 1148 828 Palsarius
1170 767 1203 826 in
1226 768 1357 828 oratioue
1379 785 1433 845 pro

204 894 237 936 se
263 876 343 953 ipso,
370 875 571 936 adversarium
598 875 640 934 ita
666 875 812 935 allocutus
840 875 987 952 qnondam
1010 876 1120 935 iuerat:
1149 875 1304 950 ,Veritatis
1326 875 1433 949 lucam,

203 983 365 1044 testimonii
388 983 573 1059 religionem,
601 982 698 1042 Deum
721 982 821 1060 ipsum
842 983 971 1042 revereri
993 983 1126 1043 debebas.
1172 982 1218 1042 Tu
1241 1001 1289 1042 me
1310 1000 1433 1042 accusas

204 1091 241 1152 de
267 1109 312 1167 re,
341 1109 417 1169 quae
439 1090 498 1150 nisi
521 1089 615 1150 multa
637 1089 848 1167 disputatione,
877 1089 941 1150 sine
964 1090 1144 1150 firmissimis
1166 1090 1433 1150 asseverationibus

204 1199 340 1275 cognosci
363 1217 423 1258 non
445 1200 560 1276 potest?
601 1197 786 1256 Difficillima
808 1215 868 1256 una
889 1197 1023 1258 omnium
1045 1203 1091 1257 est
1113 1197 1296 1274 dijudicatio,
1319 1198 1352 1258 in
1375 1215 1434 1276 qua

204 1325 263 1366 non
295 1307 385 1366 verba
415 1305 493 1383 ipsa,
526 1306 580 1365 sed
607 1305 699 1364 animi
726 1323 847 1365 sensum
875 1305 1094 1383 perpendimus,
1144 1304 1263 1365 Etenim
1291 1306 1318 1364 si
1345 1323 1432 1366 voces

204 1413 322 1474 eaedem
353 1431 433 1474 nuuc
464 1413 497 1472 in
527 1413 647 1488 bonam,
679 1431 760 1472 nunc
792 1413 824 1472 in
851 1412 960 1474 malam
987 1419 1100 1490 partem
1128 1412 1222 1490 accipi
1250 1417 1377 1490 possunt
1402 1418 1433 1472 et

203 1525 358 1599 propterea
389 1520 593 1580 difficultatem
624 1521 765 1594 afferunt,
798 1520 870 1598 quid
897 1525 984 1598 putas
1012 1521 1049 1580 de
1078 1520 1170 1579 animi
1198 1523 1308 1580 sensu?
1344 1539 1433 1599 quem

203 1647 297 1688 unum
325 1647 363 1688 ex
390 1629 478 1688 rebus
505 1627 641 1688 omnibus
669 1627 790 1704 cognitu
817 1627 1029 1688 difficillimum
1052 1645 1130 1704 esse,
1158 1645 1260 1688 omnes
1284 1629 1433 1706 sapientes

204 1735 350 1796 dixerunt.
392 1735 490 1795 Verba
511 1735 577 1813 ipsa
598 1739 650 1794 aut
671 1735 770 1810 audis,
793 1739 845 1796 aut
868 1735 978 1813 scripta
999 1735 1097 1796 vides:
1121 1735 1253 1794 animum
1274 1753 1330 1795 nec
1349 1736 1433 1796 vides

203 1863 259 1904 nec
280 1843 373 1904 sudis.
406 1843 443 1903 In
465 1843 549 1902 nulla
570 1847 671 1903 autem
693 1843 832 1903 facultate
854 1845 889 1902 fit
911 1843 1097 1922 frequentius
1121 1861 1210 1921 quam
1227 1843 1260 1901 in
1277 1843 1432 1919 theologia,

203 1957 238 2012 ut
263 1971 323 2013 non
350 1953 423 2031 quid
450 1970 508 2012 vox
532 1955 629 2026 sonet,
658 1951 710 2011 sed
734 1951 806 2029 quid
829 1951 981 2028 scriptoris
1004 1969 1089 2011 mens
1113 1951 1272 2027 significet,
1301 1951 1433 2010 attenda-

203 2077 278 2120 mus.
323 2059 400 2120 Nam
423 2060 523 2119 divina
545 2059 643 2119 auimo
666 2058 766 2136 potius
789 2077 878 2136 quam
901 2059 1000 2118 verbis
1023 2057 1258 2143 complectimur,
1281 2062 1312 2118 et
1333 2062 1432 2135 patres

203 2168 255 2245 qui
287 2185 321 2227 ea
353 2169 509 2246 scriqsere,
542 2185 602 2228 non
633 2167 790 2226 verborum
817 2166 979 2241 delectum,
1014 2167 1066 2226 sed
1093 2166 1218 2225 haustus
1245 2165 1388 2242 quosdam
1415 2183 1433 2224 e

204 2274 391 2352 sempiternis
417 2275 479 2334 illis
506 2274 656 2336 mentibus
684 2279 799 2334 constat
825 2273 920 2334 fuisse
948 2278 1073 2334 secutos,
1124 2273 1229 2352 Itaque
1256 2271 1433 2332 difficillima

173 2363 177 2370 ⁵
202 2381 335 2442 omnium
357 2382 528 2459 dijudicatio
551 2387 598 2442 est
619 2381 657 2441 de
679 2381 844 2457 theologia!

310 2487 393 2548 Talia
419 2490 507 2549 verba
530 2489 685 2550 Sadoletus
711 2507 779 2549 cum
809 2488 912 2548 multis
940 2488 1043 2549 amicis
1066 2487 1215 2548 irrtellexit
1237 2491 1267 2548 et
1289 2487 1430 2564 probavit.

203 2595 325 2655 Mutatis
347 2597 528 2672 temporibus
550 2596 746 2674 Inquisitores
769 2597 947 2656 stultissima
969 2596 1022 2655 illa
1044 2613 1111 2656 esse
1133 2600 1283 2673 toturnque
1306 2595 1431 2655 Palearii

203 2703 363 2763 orationem
390 2703 545 2764 infandum
572 2703 718 2780 flagitium
739 2703 954 2780 judicaverunt.
1002 2703 1087 2763 Hanc
1109 2707 1224 2790 tantam
1246 2721 1345 2762 rerum
1367 2720 1432 2761 mu-

202 2810 343 2870 tationem
369 2809 509 2870 Lazerius
536 2811 647 2888 optime
673 2812 828 2889 perspexit
856 2812 908 2871 sed
935 2815 1034 2871 astute
1060 2811 1159 2871 tactui.
1209 2810 1307 2870 Etiam
1334 2811 1367 2868 in
1392 2810 1431 2870 iis

203 2935 279 2997 quae
301 2918 338 2977 de
361 2918 497 2980 Sadoleto
520 2918 592 2978 satis
615 2918 771 2995 magnifice
795 2919 927 2997 scripsit,
956 2919 1078 2997 quinam
1101 2919 1166 2996 ejus
1189 2935 1259 2995 erga
1280 2917 1431 2994 theologos

203 3025 387 3103 evangelicos
409 3026 527 3088 animus
549 3025 639 3086 irrerit
658 3027 767 3086 mirum
785 3027 817 3085 in
836 3027 955 3086 modum
974 3026 1092 3086 silentio
1110 3025 1330 3103 praetermittit,
1353 3025 1431 3102 quod

202 3134 387 3196 aGermano
415 3135 542 3212 quodam
570 3134 684 3194 erudito
708 3134 808 3194 statim
830 3135 1001 3194 adnotatum
1024 3133 1093 3194 est¹
1138 3133 1186 3192 Pii
1199 3133 1236 3193 V.
1261 3132 1432 3193 saevitatem

201 3243 342 3303 virtutem
369 3243 521 3302 nominare
543 3260 602 3302 non
626 3243 786 3320 erubescit;
814 3241 896 3301 addit
918 3247 1030 3316 tamen,
1060 3257 1260 3318 ,summopere
1282 3258 1347 3303 eam
1369 3239 1432 3299 illis

201 3349 461 3427 periculosissimis
488 3349 669 3426 temporibus
696 3349 893 3410 necessariam
920 3350 1026 3424 fuisse,
1057 3349 1118 3425 rel,
1145 3353 1180 3408 ut
1205 3347 1295 3408 nlius
1311 3347 1432 3426 quidam

202 3456 311 3516 dixerit
337 3457 373 3516 ab
401 3457 599 3516 assentatione
622 3456 654 3515 in
677 3456 836 3516 Pontifices
859 3457 1072 3532 alienissimus,
1100 3475 1164 3516 rem
1187 3457 1281 3516 fuisse
1303 3473 1432 3532 oppor-

202 3563 432 3622 tunissimam
454 3581 488 3623 eo
510 3567 654 3640 tempore,
678 3567 712 3622 ut
734 3563 767 3622 in
790 3563 961 3640 hujusmodi
979 3563 1113 3624 homines
1132 3563 1431 3624 animadverteretur

202 3669 287 3744 Quod
308 3689 403 3748 paene
425 3670 536 3730 ironice
559 3670 671 3731 dictum
694 3671 852 3748 putaveris.

308 3778 400 3839 Paulo
423 3783 491 3839 ante
509 3779 691 3839 Ladercbius
710 3779 757 3838 Pii
781 3779 934 3838 saevitiam
953 3797 1086 3839 summae
1104 3778 1223 3838 virtutis
1242 3778 1336 3838 instar
1353 3777 1431 3838 cele-

202 3887 290 3946 brans
313 3886 390 3946 nihil
412 3886 558 3964 ejusmodi
580 3885 747 3946 addendum
770 3904 891 3947 necesse
914 3905 980 3947 esse
1002 3887 1141 3964 opinatus
1165 3887 1268 3946 fuerat
1305 3885 1363 3944 Pro
1386 3881 1441 3944 ιιι-Ι

202 3994 282 4054 culto
305 4012 358 4055 suc
381 3999 470 4072 atque
491 3995 602 4054 rustico
625 3994 745 4070 ingenio
767 3993 933 4053 monachali
951 3994 1128 4072 simpliciter
1146 3993 1262 4069 statuit,
1287 3993 1432 4069 singulari

201 4101 304 4162 mortis
340 4119 448 4178 genere
479 4101 645 4161 Palearium
680 4101 789 4176 ,filium
820 4101 908 4160 illum
939 4101 1035 4162 Belial
1066 4100 1295 4162 interimendum
1326 4101 1430 4176 fuisse,

202 4227 294 4286 quum
321 4213 460 4287 appareat
487 4208 631 4270 obstinato
659 4208 756 4268 emmo
784 4227 819 4268 ao
845 4208 1084 4286 pervicacissima
1110 4213 1210 4269 mente
1236 4207 1321 4267 nulla
1342 4207 1373 4266 vi
1396 4227 1432 4268 ac

202 4316 299 4384 studio
326 4318 362 4377 ab
389 4335 521 4378 errorum
543 4316 672 4378 tenebris
695 4317 733 4376 ad
755 4315 888 4376 tentatis
911 4316 1014 4377 lumen
1035 4317 1166 4378 revocari
1189 4333 1258 4376 eum
1280 4315 1430 4394 petiisse}

310 4545 337 4612 1)
356 4545 395 4598 Oi.
415 4543 507 4598 Lazari
525 4545 600 4598 misc.
619 4543 645 4612 I,
664 4561 689 4612 p.
701 4543 752 4597 257
763 4559 798 4597 ss.
838 4543 976 4612 Giittiuger
993 4545 1129 4616 Auzeigsn
1147 4561 1170 4600 a
1192 4546 1261 4600 1756
1280 4561 1304 4614 p.
1317 4544 1393 4600 1168.
